2060 3444
265 262 350 305 278
800 257 963 293 >XXVIII
984 269 1022 292 u.
1052 260 1248 292 792—794.

269 373 421 414 “habes
448 386 603 412 omnem
629 385 729 410 rem:
760 372 883 410 timeo
909 383 956 409 ne
983 366 1187 409 accuser”.
1243 370 1450 409 Terentius
1474 369 1632 420 Hecyra
1657 364 1802 424 (194)2

269 432 422 473 “habes
448 445 605 472 omnem
629 443 730 470 rem:
755 443 920 481 pergam
947 443 1024 480 quo
1050 429 1160 479 coepi
1180 429 1255 468 hoc
1273 426 1409 468 iter''.'
1459 429 1618 468 Imitari
1641 430 1802 480 poetam

267 492 441 532 Terentii
477 493 610 530 locum
647 492 825 541 apparet.
895 488 1109 529 Ooniunxit
1144 489 1218 527 hoc
1256 490 1523 540 fragmentum
1565 502 1654 528 cum
1691 489 1801 528 ante-

267 553 421 592 cedenti
456 550 746 591 Lachmannus.
815 551 932 589 miser
974 549 1015 588 in
1059 561 1196 587 uersus
1240 550 1348 587 exitu
1391 548 1504 588 addit
1539 548 1801 588 Buechelerus

270 613 364 651 Mus.
392 612 516 650 Rhen.
537 610 669 649 XLIII
698 610 810 648 1888
844 623 880 659 p.
905 611 1000 648 292.
1062 609 1202 647 habere
1231 608 1335 647 idem
1374 609 1435 648 est
1465 610 1584 658 atque
1615 609 1726 657 scire,
1756 610 1802 646 ut

268 685 384 723 saepe
416 671 521 722 apud
555 670 783 709 Ciceronem
817 664 882 722 (de
912 681 967 707 or.
993 668 1034 706 H
1062 669 1143 706 291
1179 669 1220 706 in
1247 667 1357 707 Verr.
1384 668 1441 706 IV
1470 668 1550 706 131
1580 667 1616 704 V
1644 662 1719 720 64)
1751 667 1801 707 ad

269 731 351 770 Att.
378 731 415 768 V
443 732 510 779 20,
538 732 560 768 7
597 726 732 768 ‘habes
765 725 926 767 omnia'.

390 785 497 830 793.
540 788 695 828 Nonius
739 802 776 839 p.
804 789 909 836 491,
944 789 997 826 29
1045 784 1223 826 ‘Glutino
1272 799 1344 837 pro
1388 787 1552 838 glutine.
1625 786 1803 825 Lucilius

267 850 336 889 lib.
358 849 515 888 XXVI
536 845 786 899 “praeterito
808 846 943 897 tepido
963 847 1184 898 glutinator
1203 843 1438 899 glutinor''.'
1489 846 1636 885 Versus
1656 846 1804 884 exitum

269 910 517 960 'comparauit
558 908 773 947 Muellerus
810 908 852 946 in
889 907 990 946 Non.
1018 906 1110 945 edit.
1144 920 1231 946 cum
1263 906 1331 945 lib.
1358 906 1395 943 V
1426 919 1463 944 u.
1493 906 1574 945 195
1610 903 1804 956 ‘ceparius

271 966 394 1020 cepa’.
456 967 604 1020 Agitur
634 968 682 1006 de
714 969 848 1006 cartae
879 967 1200 1017 praeparatione:
1242 979 1377 1005 seruus
1407 965 1553 1005 Lucilii
1585 965 1806 1017 glutinatur

271 1029 430 1068 iubetur
460 1029 612 1068 cartam
644 1027 818 1066 oblinere
850 1027 1002 1078 glutine
1033 1025 1179 1076 tepido.
1240 1026 1300 1063 De
1338 1025 1463 1064 seruis
1495 1024 1805 1076 glutinatoribus

271 1088 568 1139 Marquardtius
584 1087 751 1126 ‘Manius
780 1086 967 1125 enchirid.
994 1086 1179 1135 antiquit.
1205 1085 1318 1124 Rom.
1344 1085 1424 1123 VII
1453 1099 1492 1135 p.
1517 1086 1612 1134 157,
1641 1085 1664 1123 2
1693 1079 1805 1138 (edit.

270 1148 379 1199 Lips.
415 1141 567 1200 1886),
611 1146 658 1184 de
702 1148 836 1185 cartae
879 1146 1182 1196 praeparatione
1227 1145 1393 1184 adeatur
1429 1145 1621 1184 Dziatzko
1662 1143 1806 1183 Vnter-

273 1208 500 1259 suchungen
524 1206 623 1246 uber
648 1217 818 1257 ausgew.
838 1205 938 1255 Kap.
960 1205 995 1243 d.
1020 1206 1100 1243 ant.
1120 1204 1382 1244 Buchwesens
1407 1204 1515 1255 Lips.
1539 1205 1652 1243 1900
1672 1217 1710 1254 p.
1731 1203 1807 1242 85:

272 1267 375 1307 Plin.
394 1269 475 1305 nat.
494 1266 586 1305 hist.
607 1265 705 1304 XIII
725 1266 779 1303 82
809 1259 1019 1318 (Dziatzko
1045 1278 1083 1315 p.
1096 1265 1164 1314 62,
1184 1258 1260 1318 81)
1283 1261 1437 1314 ‘postea
1455 1264 1600 1303 malleo
1619 1265 1808 1302 tenuatur

273 1329 314 1366 et
355 1327 511 1378 glutino
547 1321 818 1376 percurritur’.
887 1324 1027 1363 Posuit
1062 1323 1309 1374 praeterendi
1349 1324 1513 1362 uerbum
1550 1326 1686 1373 poeta,
1718 1322 1807 1361 ideo

274 1386 379 1437 quod
422 1386 574 1438 glutine
619 1386 729 1424 carta
770 1397 849 1423 non
893 1383 1022 1423 solum
1054 1383 1281 1431 obducitur,
1325 1383 1391 1423 sed
1429 1384 1550 1422 etiam
1590 1382 1807 1434 lenigatur:

275 1445 373 1485 Gell.
394 1445 492 1484 XIII
513 1446 581 1493 24,
603 1446 624 1483 1
656 1441 788 1484 ‘uillas
814 1456 907 1483 suas
932 1444 1151 1482 inexcultas
1176 1445 1216 1482 et
1240 1443 1368 1492 rudes,
1394 1456 1443 1482 ne
1462 1443 1629 1482 tectorio
1650 1441 1808 1492 quidem

276 1506 466 1556 praelitas
508 1500 658 1543 fuisse’.
718 1504 851 1542 Iustus
895 1515 983 1541 cum
1028 1503 1081 1542 sit
1123 1502 1320 1551 senarius,
1362 1503 1430 1541 lib.
1456 1501 1628 1541 XXVHI
1668 1501 1810 1540 tribuit

276 1565 489 1604 Muellerus
522 1563 625 1614 quod
658 1563 747 1603 ideo
765 1561 983 1613 probabile
1014 1574 1098 1602 esse
1129 1562 1231 1602 duco
1258 1561 1362 1612 quod
1388 1561 1685 1601 commendatur
1711 1562 1809 1599 serie

277 1626 507 1664 lemmatum
539 1623 662 1662 Nonii
693 1635 795 1674 quae
825 1622 1033 1673 proposita
1063 1623 1124 1661 est
1155 1622 1332 1673 prolegg.
1358 1635 1396 1673 p.
1417 1619 1517 1660 CIV.

1024 1779 1060 1816 3.

401 1856 510 1902 794.
541 1862 694 1900 Nonius
721 1875 756 1911 p.
786 1862 882 1909 226,
910 1862 964 1899 24
999 1858 1180 1899 ‘Statura
1209 1861 1363 1911 generis
1394 1860 1585 1899 feminini.
1635 1859 1811 1899 Lucilius

279 1922 346 1960 lib.
373 1921 545 1959 XXVIII
578 1917 732 1970 “quare
760 1950 768 1958 .
789 1950 825 1958 ..
854 1917 1026 1959 accius”.
1077 1921 1204 1959 status
1235 1919 1455 1959 masculini.
1503 1919 1556 1959 M.
1577 1919 1733 1958 Tullius
1764 1918 1812 1958 de

281 1981 422 2020 officiis
451 1979 519 2018 lib.
545 1979 566 2017 I
592 1974 717 2033 (126)
746 1976 819 2017 “in
845 1979 1020 2029 corporis
1046 1978 1215 2029 denique
1239 1980 1352 2017 motu
1377 1980 1418 2017 et
1441 1980 1551 2018 statu
1576 1975 1810 2018 cernitur''.’

280 2041 474 2079 Numeros
501 2039 718 2089 dactylicos
743 2040 992 2089 agnouerunt
1017 2039 1122 2077 recte
1148 2038 1316 2077 editores
1335 2039 1495 2088 praeter
1511 2037 1812 2077 Lachmannum

282 2100 350 2150 qui
381 2110 539 2137 uersum
570 2098 675 2136 inter
705 2099 950 2148 septenarios
980 2099 1116 2148 posuit
1142 2098 1238 2136 827.
1299 2097 1411 2136 Idem
1442 2097 1564 2136 Nonii
1600 2097 1723 2136 uerba
1752 2098 1812 2136 ita

282 2158 504 2206 constituit,
534 2159 581 2195 ut
610 2160 735 2196 status
766 2157 816 2196 ad
846 2157 992 2196 Lucilii
1023 2170 1181 2197 uersum
1211 2157 1399 2207 traheret,
1430 2170 1515 2208 pro·
1528 2156 1672 2197 Accius
1695 2158 1812 2196 resti—

282 2220 413 2257 tueret
440 2218 669 2269 genetiuum
694 2215 809 2256 Acci:
840 2217 978 2256 scribit
1001 2216 1126 2268 igitur
1152 2213 1306 2267 “quare
1337 2229 1409 2268 pro
1434 2217 1536 2256 facie
1560 2230 1633 2267 pro
1659 2218 1813 2256 statura

284 2277 379 2316 Acci
412 2273 606 2315 status?'’
650 2276 860 2315 Masculini
890 2277 942 2314 M.
963 2273 1132 2316 Tullius'
1159 2290 1190 2315 e.
1211 2290 1247 2327 q.
1274 2288 1302 2315 s.
1359 2276 1460 2314 Tum
1501 2276 1599 2316 haec
1630 2275 1813 2316 adnotat:

286 2334 491 2375 ‘Horatius
517 2349 630 2375 serm.
650 2335 680 2386 Ι,
710 2337 764 2375 10
789 2337 861 2374 Nil
885 2338 1003 2375 comis
1032 2337 1170 2384 tragici
1200 2338 1324 2374 mutat
1346 2335 1528 2375 Lucilius
1551 2335 1673 2375 Acci?
1702 2335 1816 2374 Accii

284 2408 421 2435 uersus
453 2408 499 2433 ex
529 2395 819 2445 Amphitryone
850 2396 957 2445 apud
981 2395 1157 2434 Nonium
1182 2409 1218 2445 p.
1248 2397 1343 2444 116,
1372 2396 1408 2434 6.
1462 2395 1609 2435 Tamen
1635 2399 1669 2434 et
1691 2398 1815 2435 status

287 2451 399 2510 (libri
434 2449 604 2509 statuae)
650 2457 684 2494 et
722 2455 955 2504 qracilfitudo
993 2450 1047 2508 (ct
1090 2455 1242 2494 addunt
1277 2450 1388 2508 libri)
1420 2467 1546 2504 prope
1584 2455 1742 2495 modum
1778 2458 1816 2500 vet

287 2517 409 2554 luctus
439 2515 536 2563 facit
565 2515 626 2553 Ne
656 2511 851 2554 dubitem'.
908 2514 1061 2554 Statuit
1090 2515 1216 2566 igitur
1246 2514 1445 2553 Lucilium
1479 2516 1708 2565 uituperare
1739 2514 1815 2554 Ac-

287 2576 408 2623 cium,
446 2574 550 2624 quod
587 2587 633 2613 eo
662 2572 787 2623 vquem
826 2574 953 2612 adhuc
991 2574 1209 2613 arbitratur
1246 2575 1379 2613 extare
1415 2574 1502 2614 loco
1539 2587 1611 2624 pro
1642 2575 1744 2614 facie
1776 2576 1816 2613 et

287 2636 442 2673 statura
485 2633 630 2672 dixerit
672 2636 806 2672 status.
877 2633 1026 2672 Eodem
1070 2633 1187 2673 modo
1231 2633 1278 2672 de
1321 2633 1395 2672 hoc
1437 2633 1550 2673 Accii
1591 2634 1815 2686 fragmento

287 2694 517 2732 iudicarunt
558 2693 647 2731 alii:
685 2693 779 2731 conf
806 2693 908 2731 TRF
934 2693 992 2732 ed.
1021 2694 1044 2731 2
1077 2707 1114 2743 p.
1144 2693 1247 2741 147,
1274 2693 1328 2732 88
1344 2693 1476 2742 Ribb.‚
1520 2693 1656 2733 eodem
1699 2693 1815 2732 modo

229 2775 234 2778 ·
287 2752 501 2792 Muellerus
549 2752 592 2789 in
642 2752 923 2791 commentario
972 2752 1119 2791 Lucilii
1161 2766 1198 2803 p.
1227 2753 1329 2801 258,
1358 2753 1424 2791 39.
1498 2748 1636 2803 Neque
1682 2754 1816 2792 tamen

288 2811 503 2850 Ribbeckio
535 2813 814 2861 persuaserunt
844 2812 869 2850 l.
896 2824 924 2850 s.
952 2825 980 2851 s.
1014 2813 1053 2850 et
1085 2812 1132 2850 ed
1159 2812 1183 2850 3
1210 2825 1247 2861 p.
1278 2813 1373 2860 170,
1401 2812 1424 2850 6
1459 2812 1506 2851 de
1537 2811 1648 2851 Accii
1685 2823 1816 2861 uersu,

290 2872 336 2909 de
373 2870 518 2909 Lucilii
553 2883 671 2910 uersu
707 2871 843 2910 multis
879 2872 1161 2921 persuaserunt
1185 2871 1399 2910 Ritschlius
1425 2883 1556 2921 opusc.
1581 2871 1640 2910 IV
1665 2885 1702 2922 p.
1729 2872 1814 2910 274

290 2934 330 2969 et
365 2930 596 2979 Muellerus,
634 2932 703 2980 qui
740 2930 914 2970 scribant
953 2928 1091 2981 ‘quare
1128 2943 1200 2980 pro
1238 2931 1339 2970 facie
1375 2943 1448 2982 pro
1488 2932 1643 2970 statura
1679 2930 1814 2970 Acciu'

291 2986 445 3029 status'z
488 3002 731 3040 quamquam
766 2990 980 3029 Muellerus
1022 2990 1064 3029 in
1100 2991 1223 3029 Nonii
1260 2990 1351 3029 edit.
1376 2990 1401 3028 1.
1427 3002 1456 3029 s.
1482 3002 1511 3030 s.
1543 2990 1816 3030 accusatiuum
