2060 3444
822 263 872 300 IX
890 274 932 305 ,u.
960 265 1161 302 326—328.
1698 260 1784 304 125

235 392 425 432 umquam
457 381 504 419 ut
535 379 658 419 uelles
691 379 799 418 corio
831 377 979 428 ludere,
1011 377 1139 427 cerdo,
1179 373 1278 415 tuo’.
1340 376 1528 415 Imitatus
1561 387 1644 415 esse
1676 374 1784 413 uide-

234 443 304 481 tur
340 442 459 492 poeta
497 438 768 491 Theognidem
807 451 925 489 quem
964 437 1135 477 editores
1179 435 1460 488 Gottingenses
1504 435 1691 475 adferunt
1734 435 1786 474 ad

235 501 403 540 Macarii
428 500 452 538 l.
480 512 508 539 s.
535 512 564 540 s.
590 513 627 538 u.
657 500 741 538 539
758 499 790 537 B
823 492 938 545 οὗτος
969 495 1086 549 ἀνὴρ,
1118 496 1207 547 φίλε
1233 495 1381 550 Κύρνε,
1413 493 1535 543 πέδας
1560 494 1785 548 χαλκεύεται

237 560 350 616 αὐτῷ.
414 559 622 599 Sententia
654 560 714 598 est
744 560 921 610 integra:
954 556 1062 608 quod
1094 557 1230 595 omnia
1261 556 1422 595 uincula
1454 558 1495 594 et
1526 556 1613 594 lora
1643 557 1734 607 ipsa
1764 569 1785 595 e

235 620 342 661 corio
374 632 446 660 suo
477 620 604 671 ipsius
636 619 718 658 sint
748 620 858 658 facta
889 617 1146 668 conqueritur
1178 617 1335 667 aliquis.

357 675 468 720 327.
501 679 653 719 Gellius
679 679 698 717 I
727 679 794 728 16,
823 679 877 717 10
910 672 970 732 (et
1010 690 1056 716 ex
1095 689 1141 716 eo
1171 675 1399 716 Macrobius
1438 675 1597 714 Saturn.
1624 676 1645 714 I
1672 676 1709 726 5,
1739 670 1783 729 7)

238 738 432 780 ‘Lucilius
466 742 599 779 autem
631 740 913 790 praeterquam
945 750 1067 788 supra
1097 737 1214 788 posui
1245 736 1326 775 alio
1359 748 1516 786 quoque
1547 737 1589 774 in
1625 735 1712 775 loco
1745 735 1785 774 id

238 800 493 840 manifestius
525 799 785 849 demonstrat,
817 812 910 837 nam
941 798 984 837 in
1014 797 1118 836 libro
1144 796 1218 835 XV
1251 791 1308 850 (u.
1337 797 1422 835 506
1439 790 1567 850 seqq.)
1599 795 1658 835 ita
1689 795 1787 835 dicit

237 858 374 901 “hunc
398 860 501 900 milli
527 872 689 911 passum
712 891 718 898 .
742 891 748 898 .
771 855 811 897 .’'
838 859 936 897 item
956 858 1037 897 alio
1057 856 1159 896 libro
1179 856 1300 895 VIIII
1327 852 1458 908 “<tu>
1477 855 1587 895 mille
1608 887 1614 894 .
1637 886 1645 894 .
1669 887 1675 894 .
1697 868 1786 895 cen-

236 917 369 960 tum”.
432 920 537 960 milli
568 932 727 970 passum
761 919 863 958 dixit
893 931 966 969 pro
998 917 1109 957 mille
1141 916 1325 968 passibus
1358 918 1399 955 et
1428 929 1508 956 uno
1540 915 1645 954 milli
1672 929 1785 955 num-

236 994 345 1020 mum
382 993 454 1032 pro
489 981 579 1020 unis
616 979 726 1019 mille
764 979 936 1018 nummis
975 980 1190 1029 aperteque
1229 976 1405 1016 ostendit
1441 976 1552 1015 mille
1590 977 1632 1014 et
1667 988 1785 1016 uoca-

236 1041 374 1080 bulum
406 1053 490 1080 esse
516 1042 557 1080 et
581 1040 777 1092 singulari
802 1051 966 1078 numero
992 1038 1071 1077 dici
1097 1038 1259 1087 eiusque
1285 1037 1535 1087 pluratiuum
1562 1048 1646 1075 esse
1671 1036 1786 1075 milia

237 1102 278 1141 et
309 1113 444 1140 casum
477 1101 600 1140 etiam
629 1112 769 1151 capere
795 1095 1048 1138 ablatiuum’.
1099 1099 1220 1137 Recte
1247 1098 1282 1136 si
1307 1096 1461 1136 Hertzii
1486 1096 1786 1136 adnotationem

235 1161 448 1213 intellego,
485 1163 528 1200 tu
563 1161 607 1199 in
644 1160 743 1200 codd
783 1158 905 1199 Gellii
943 1158 1108 1208 excidit,
1146 1159 1358 1197 seruarunt
1394 1157 1643 1196 Macrobiani
1680 1156 1785 1195 libri.

238 1220 390 1260 Similis
422 1221 572 1260 locutio
604 1220 712 1271 apud
743 1220 944 1259 Lucilium
974 1218 1054 1258 fuit
1085 1218 1218 1268 qualis
1250 1219 1310 1257 est
1342 1217 1470 1257 Persii
1495 1216 1531 1253 V
1561 1218 1646 1256 190
1680 1213 1786 1256 ‘con-

238 1283 352 1320 tinuo
391 1293 569 1320 crassum
605 1281 711 1320 ridet
747 1280 984 1319 Pulfennius
1014 1280 1156 1331 ingens
1195 1279 1235 1317 et
1272 1279 1430 1317 centum
1463 1276 1634 1316 Graecos
1673 1279 1786 1316 curto

237 1336 336 1396 (uno
380 1341 609 1380 Priscianus
635 1339 703 1379 GL
729 1341 791 1379 [H
815 1354 853 1391 p.
881 1341 968 1378 410
978 1333 1034 1393 K)
1085 1340 1246 1378 centuse
1297 1334 1471 1377 licetur’.
1550 1337 1786 1376 Pulfennius

239 1402 339 1441 assis
385 1402 483 1441 facit
520 1400 776 1451 Graeculum,
814 1399 992 1439 Lucilius
1030 1398 1261 1449 nescioquid
1298 1399 1398 1437 facit
1435 1397 1570 1436 decem
1614 1398 1787 1436 nummis

237 1463 262 1501 i.
291 1474 322 1500 e.
349 1463 561 1501 sestertiis:
601 1456 683 1514 (lex
720 1461 768 1499 de
806 1462 929 1511 repet.
957 1458 1041 1498 CIL
1067 1459 1088 1498 I
1117 1460 1219 1509 198,
1247 1459 1302 1497 48
1317 1458 1386 1497 Hs
1424 1452 1699 1511 n(ummum))3
1738 1456 1785 1495 de

238 1522 382 1562 ostreis
409 1523 477 1574 agi
502 1521 592 1561 ideo
618 1520 825 1572 probabile
850 1520 1022 1570 uidetur,
1049 1519 1155 1570 quod
1180 1520 1313 1558 ostrea
1333 1518 1516 1558 solebant
1540 1519 1678 1556 uenire
1698 1530 1787 1556 cen-

237 1584 332 1621 tena
363 1575 456 1635 (Ed.
486 1581 655 1620 Dioclet.
681 1581 718 1617 V
746 1581 770 1619 6
806 1577 970 1620 ‘ostriae
1000 1593 1038 1617 n.
1061 1578 1108 1618 C:
1142 1583 1172 1617 K
1205 1575 1378 1618 centum'
1418 1577 1522 1617 unde
1564 1578 1788 1628 explicatur

238 1642 417 1681 quenal.
443 1641 543 1680 Vm
569 1642 624 1680 85
660 1638 820 1692 ‘dignus
852 1642 980 1679 morte
1011 1640 1135 1690 perit,
1173 1640 1288 1678 cenet
1324 1638 1419 1677 licet
1456 1640 1589 1677 ostrea
1627 1639 1787 1676 centum

239 1700 428 1741 Gaurana
458 1703 499 1740 et
532 1700 665 1740 Cosmi
694 1702 782 1740 toto
814 1701 1020 1751 mergatur
1051 1695 1199 1752 aeno').
1264 1699 1458 1748 Quaerere
1488 1697 1595 1736 idem
1626 1697 1788 1737 uidetur

239 1763 360 1812 atque
392 1773 624 1811 comparare
661 1762 746 1800 siue
785 1773 933 1799 emere:
972 1759 1111 1798 Horat.
1138 1770 1252 1798 serm.
1278 1758 1319 1797 H
1346 1760 1385 1807 2,
1414 1759 1469 1798 20
1508 1754 1569 1797 ‘tu
1605 1758 1787 1808 pulmen-

238 1823 345 1861 taria
375 1834 521 1872 quaere
553 1817 760 1860 sudando’.
818 1819 960 1859 Ostrea
991 1819 1154 1858 milibus
1185 1832 1392 1857 nummum
1424 1820 1560 1868 empta
1590 1819 1787 1858 memorat

238 1882 307 1920 lib.
333 1881 431 1921 XIII
456 1895 493 1920 u.
521 1882 625 1921 440:
656 1881 756 1920 milli
788 1880 967 1920 ablatiuo
998 1891 1093 1919 usus
1125 1882 1186 1918 est
1217 1878 1383 1918 Plautus
1411 1877 1598 1917 Bacchid.
1628 1879 1724 1917 928.

361 1935 472 1982 328.
505 1941 659 1980 Nonius
690 1955 728 1991 p.
758 1941 856 1990 216,
885 1940 938 1979 15
974 1937 1134 1978 ‘Ostrea
1162 1971 1168 1978 .
1192 1970 1198 1977 .
1222 1970 1228 1977 .
1255 1939 1398 1978 neutri.
1462 1938 1640 1977 Lucilius
1679 1940 1785 1987 saty-

239 2014 372 2041 rarum
406 2001 474 2040 lib.
500 2000 620 2040 VIIII
664 1997 793 2051 “quid
837 2012 903 2050 eqo
947 2001 983 2039 si
1026 2011 1138 2038 cerno
1183 2001 1316 2038 ostrea
1349 2030 1356 2037 .
1386 2030 1392 2037 .
1422 2030 1428 2036 .
1462 2010 1603 2037 cenum
1646 2010 1786 2048 sapere

238 2058 432 2112 ipsum'''.'
495 2060 665 2100 Versum
701 2060 850 2099 Lucilii
889 2061 994 2099 exire
1031 2061 1075 2098 in
1113 2062 1239 2098 ostrea
1277 2058 1517 2098 uocabulum
1561 2058 1785 2109 disyllabon

239 2123 344 2161 sicut
369 2121 531 2160 Horatii
556 2133 670 2160 serm.
691 2121 732 2159 Π
753 2122 791 2170 2,
813 2122 864 2160 21
896 2117 1100 2172 ‘pinguem
1126 2121 1239 2158 uitiis
1265 2119 1479 2169 albumque
1505 2130 1633 2168 neque
1654 2120 1787 2157 ostrea

239 2195 311 2222 nec
337 2193 471 2221 scarus
493 2213 500 2219 .
524 2212 530 2219 .
553 2212 560 2219 .
581 2182 730 2231 poterit
754 2177 909 2219 iuuare’
937 2180 1137 2219 intellexit
1162 2179 1442 2218 Lachmannus
1469 2190 1608 2218 comm.
1629 2178 1785 2217 Lucret.

240 2255 277 2292 p.
307 2243 409 2281 122:
442 2241 549 2280 idem
581 2252 669 2290 erqo
700 2253 772 2291 pro
806 2252 871 2290 eqo
901 2241 1038 2290 posuit
1068 2241 1186 2279 recte.
1245 2239 1451 2290 Synizesin
1483 2240 1524 2277 in
1558 2240 1667 2277 exitu
1699 2252 1785 2277 uer-

241 2314 307 2341 sus
339 2300 503 2340 admisit
532 2300 751 2339 Homerum
783 2301 941 2340 secutus
974 2299 1082 2350 apud
1113 2313 1230 2350 quem
1256 2314 1270 2338 ι
1298 2300 1381 2337 347
1415 2299 1559 2338 herous
1597 2299 1678 2337 exit
1715 2296 1786 2352 ἀν-

242 2359 388 2413 δρόμεα
412 2358 507 2414 κρέα
532 2360 692 2409 similia,
718 2361 836 2400 sicuti
858 2361 1097 2411 posteriores
1116 2361 1259 2410 poetae
1280 2353 1418 2413 (Verg.
1439 2358 1538 2397 Aen.
1559 2358 1659 2397 VHI
1679 2353 1784 2412 372)

242 2432 361 2459 aureo
393 2421 542 2460 similia
572 2420 695 2459 uerba
725 2421 769 2459 in
799 2432 986 2459 uersuum
1016 2419 1094 2458 fine
1123 2419 1326 2469 ponebant
1352 2419 1403 2458 ad
1428 2419 1651 2468 exemplum
1678 2418 1784 2457 clau—

242 2481 351 2519 sulae
371 2480 606 2519 Homericae
631 2478 727 2532 πυρὶ
752 2478 878 2535 κηλέῳ
905 2480 1097 2519 similium
1119 2476 1176 2532 (Θ
1198 2479 1282 2519 235
1304 2473 1434 2532 alibi).
1484 2478 1623 2528 Neque
1649 2480 1786 2517 tamen

242 2540 443 2580 quenalis
475 2540 605 2579 locum
629 2540 687 2579 IV
717 2541 799 2580 139
816 2552 923 2590 seqq.
958 2536 1076 2578 ‘nulli
1107 2540 1236 2578 maior
1265 2539 1344 2578 fuit
1375 2550 1469 2577 usus
1507 2537 1650 2576 edendi
1686 2540 1784 2577 tem·

242 2601 397 2650 pestate
427 2613 534 2639 mea:
576 2599 722 2639 Circeis
758 2604 855 2639 nata
892 2600 1026 2639 forent
1063 2612 1114 2638 an
1145 2598 1362 2638 Lucrinum
1401 2598 1451 2637 ad
1489 2610 1628 2636 saxum
1659 2598 1786 2636 Rutu-

242 2661 387 2709 pinoue
420 2659 529 2699 edita
558 2660 683 2698 fundo
712 2662 846 2699 ostrea
871 2659 1044 2699 callebat
1067 2660 1198 2709 primo
1225 2658 1465 2709 deprendere
1491 2654 1639 2696 morsu’
1669 2670 1785 2707 quem

244 2719 359 2758 affert
390 2719 526 2759 Dousa
564 2719 615 2758 ad
651 2719 756 2758 hunc
793 2719 924 2758 locum
962 2718 1135 2758 arbitror
1172 2719 1388 2769 pertinere:
1428 2730 1555 2767 neque
1595 2717 1699 2755 enim
1738 2716 1785 2755 de

243 2779 438 2829 peculiari
469 2780 689 2818 ostreorum
721 2790 862 2830 genere
895 2780 963 2830 agi
993 2779 1057 2817 uel
1089 2790 1168 2817 uno
1206 2778 1458 2829 intellegitur
1494 2778 1611 2815 huius
1648 2788 1786 2815 uersus

244 2838 450 2885 uocabulo.
507 2838 695 2877 Fluuium
727 2839 936 2888 genetiuus
968 2838 1136 2888 pluralis
1168 2839 1245 2876 est:
1278 2837 1414 2875 eadem
1446 2837 1575 2875 forma
1607 2849 1668 2886 ap.
1696 2836 1785 2875 Val.

244 2898 373 2937 Flacc.
394 2898 452 2936 VI
478 2899 575 2937 391.
603 2898 707 2936 443:
739 2897 840 2936 Plin.
860 2899 941 2936 nat.
961 2897 1054 2937 hist.
1074 2897 1225 2936 XXXII
1247 2898 1300 2936 59
1328 2896 1376 2934 de
1403 2897 1562 2935 ostreis:
1596 2893 1787 2948 ‘gaudent

245 2957 426 2997 dulcibus
463 2958 578 3008 aquis
617 2959 658 2996 et
693 2957 763 2996 ubi
799 2957 964 3008 plurimi
1000 2957 1173 2995 influunt
1211 2953 1374 2995 amnes’.
1444 2954 1547 3001 Quid
1588 2956 1710 2995 faciet
1753 2958 1787 2995 si

245 3030 390 3070 magno
422 3019 551 3068 pretio
584 3020 714 3056 ostrea
747 3019 930 3067 coempta
968 3018 1150 3068 cognorit
1187 3016 1244 3055 nil
1283 3028 1421 3066 sapere
1459 3016 1535 3055 nisi
1574 3016 1787 3055 fluuiorum
