2060 3444
259 282 346 326 382
744 282 874 318 incert.
901 281 976 318 sed.
1003 295 1038 319 u.
1068 286 1317 320 1203—1207.

382 390 524 435 1203.
567 395 789 445 Porphyrio
834 395 885 434 ad
927 396 1088 435 Horatii
1131 410 1243 437 serm.
1269 398 1290 436 Ι
1316 399 1361 448 3,
1388 399 1440 437 21
1486 395 1680 438 ‘Maenius
1723 399 1773 438 ab

259 458 410 494 sentem
442 455 616 493 Nouium
648 467 739 493 cum
770 458 949 506 carperet
987 453 1095 495 “Hic
1132 457 1258 496 fertur
1293 457 1410 496 domo
1447 470 1535 507 sua,
1579 472 1698 509 quam
1741 459 1792 498 ad

259 515 389 553 forum
421 516 664 564 spectantem
696 515 908 565 habuerat,
946 515 1152 555 diuendita
1183 529 1304 555 unam
1335 518 1560 556 columnam
1589 518 1682 557 inde
1715 519 1793 558 sibi

260 574 470 624 excepisse,
501 574 606 613 unde
638 574 880 625 gladiatores
912 578 1127 626 spectaret3
1158 589 1259 626 quae
1291 590 1338 616 ex
1369 590 1414 616 eo
1445 577 1579 616 Maeni
1609 578 1792 617 columna

261 634 552 672 nominabatur.
603 635 714 672 cuius
746 636 786 672 et
816 634 992 674 Lucilius
1024 636 1080 674 sic
1111 636 1292 674 meminit
1323 633 1547 689 [Maenius]
1575 638 1792 676 columnam

261 706 347 732 cum
365 690 570 741 peteret''.’
618 691 846 745 [Asconius]
875 695 925 732 ad
946 694 1023 734 Cic.
1051 695 1173 734 diuin.
1199 697 1241 733 in
1267 694 1408 735 Caecil.
1439 697 1504 746 16,
1525 698 1581 736 50
1599 711 1637 748 p.
1661 696 1791 736 1200

262 750 468 802 ‘Maenius,
500 766 589 792 cum
621 753 780 791 domum
812 766 924 792 suam
954 755 1143 794 uenderet
1168 755 1310 794 Catoni
1335 757 1376 794 et
1401 756 1541 795 Flacco
1566 757 1792 796 censoribus

261 807 494 866 (570s184)
526 814 572 850 ut
602 813 660 851 ibi
690 813 855 852 basilica
893 813 1181 864 aedificaretur,
1219 817 1425 866 exceperat
1461 816 1523 855 ius
1560 816 1637 854 sibi
1672 816 1792 855 unius

260 873 483 921 columnae,
521 884 638 922 super
676 885 796 922 quam
828 875 978 912 tectum
1014 876 1210 924 proiceret
1256 888 1301 913 ex
1338 875 1639 925 prouolantibus
1676 876 1791 915 tabu-

259 928 365 980 latis,
390 931 493 970 unde
518 932 597 982 ipsi
622 934 662 970 et
684 934 832 982 posteri
857 934 940 972 eius
967 936 1144 983 spectare
1170 947 1314 973 munus
1340 935 1607 986 gladiatorum
1632 938 1793 986 possent

261 991 366 1040 quod
397 991 519 1030 etiam
549 993 636 1030 tum
666 993 709 1029 in
740 993 826 1031 foro
858 990 1054 1032 dabatur’.
1106 993 1418 1033 Scholiastarum
1449 994 1671 1034 doctrinam
1702 1008 1791 1035 con-

259 1050 420 1089 firmant
457 1063 503 1089 ex
539 1052 652 1101 parte
696 1052 858 1091 annales
902 1065 926 1091 a
962 1052 1080 1092 Liuio
1124 1053 1293 1092 adhibiti
1324 1054 1490 1092 XXXIX
1516 1056 1584 1104 44,
1612 1057 1634 1094 7
1677 1051 1791 1094 ‘Cato

260 1111 364 1148 atria
395 1110 485 1160 duo,
516 1110 717 1149 Maenium
750 1113 789 1150 et
820 1112 983 1162 Titium,
1014 1114 1055 1150 in
1087 1113 1293 1152 lautumiis
1325 1116 1365 1152 et
1394 1115 1583 1163 quattuor
1607 1114 1791 1154 tabernas

259 1170 301 1207 in
331 1169 535 1220 publicum
567 1170 663 1208 emit
698 1170 983 1221 basilicamque
1019 1172 1077 1210 ibi
1114 1170 1237 1211 fecit’.
1299 1173 1448 1212 Maenii
1486 1174 1668 1212 columna
1706 1176 1792 1213 erat

261 1230 443 1268 columna
475 1231 634 1268 uetusta
664 1230 706 1268 in
736 1231 925 1269 honorem
959 1230 997 1270 O.
1018 1232 1168 1270 Maeuii
1197 1244 1273 1272 000.
1301 1229 1492 1285 416s338
1526 1235 1706 1272 extructa
1743 1234 1791 1272 de

260 1302 338 1339 qua
386 1288 485 1327 Plin.
524 1291 606 1328 nat.
645 1290 737 1328 hist.
763 1290 931 1328 XXXIV
959 1292 1014 1330 20
1057 1285 1122 1345 (O.
1149 1291 1359 1331 Richterus
1402 1293 1639 1343 topograph.
1682 1293 1790 1332 urbis

259 1348 439 1387 Monach.
470 1350 579 1387 1901
609 1363 646 1399 p.
675 1345 768 1402 99),
805 1350 853 1389 de
883 1350 1078 1389 tabulatis
1110 1352 1410 1401 prouolantibus
1442 1355 1482 1391 et
1512 1354 1617 1391 tecto
1655 1365 1789 1403 super-

261 1410 410 1447 structo
442 1408 597 1446 fallitur
627 1409 860 1448 scholiasta:
891 1410 1074 1449 columna
1100 1412 1211 1450 ataui
1236 1412 1321 1450 eius
1347 1411 1462 1450 domo
1488 1413 1667 1462 proxima
1693 1414 1791 1463 erat,

261 1468 366 1506 unde
398 1480 493 1519 gens
519 1468 667 1506 Maenii
691 1469 800 1508 illius
830 1470 892 1508 ius
917 1469 1090 1509 habebat
1114 1471 1227 1510 ludos
1248 1471 1451 1521 spectandi
1477 1471 1668 1511 forenses:
1700 1473 1796 1511 conf

260 1526 338 1566 Cic.
364 1527 539 1578 Philipp.
563 1527 620 1565 IX
649 1530 686 1576 7,
720 1529 773 1566 16
832 1526 1073 1579 ‘circumque
1130 1543 1216 1569 eam
1272 1532 1446 1569 statuam
1501 1531 1632 1570 locum
1686 1532 1790 1572 ludis

259 1586 624 1637 gladiatoribusque
665 1587 810 1627 liberos
850 1591 1107 1639 posterosque
1151 1590 1234 1629 eius
1279 1603 1436 1640 quoquo
1487 1603 1623 1630 uersus
1673 1591 1790 1642 pedes

260 1647 433 1696 quinque
464 1643 636 1685 habere'.
685 1647 906 1686 Historiam
937 1661 1057 1698 quam
1089 1649 1266 1688 Lucilius
1296 1652 1532 1689 narrauerat
1560 1650 1608 1689 de
1633 1651 1790 1690 Maenio

260 1706 441 1744 audierat
470 1700 601 1755 poeta*
620 1719 718 1756 puer
750 1707 897 1746 Romae
926 1708 1084 1747 Maenio
1110 1710 1329 1748 etiamtunc
1353 1711 1465 1748 uiuo:
1497 1710 1681 1749 decoctor
1705 1712 1792 1750 erat

260 1766 300 1803 et
342 1777 476 1804 scurra
519 1766 645 1804 nobili
685 1780 826 1818 genere
870 1769 979 1806 ortus
1023 1768 1070 1806 de
1115 1781 1192 1818 quo
1237 1769 1331 1808 conf
1363 1769 1458 1808 Hor.
1484 1782 1597 1809 serm.
1622 1770 1644 1808 Ι
1669 1771 1708 1820 3,
1735 1772 1787 1810 21

261 1838 320 1874 ep.
346 1825 367 1862 I
395 1826 462 1874 15,
489 1825 542 1863 26
558 1838 666 1875 seqq.
699 1822 915 1879 [Maenius]
947 1828 1089 1867 inclusi
1121 1830 1168 1867 ut
1198 1830 1388 1878 spurium.

382 1879 524 1924 1205.
567 1885 720 1924 Nonius
763 1899 809 1925 ex
852 1888 1112 1938 grammatico
1149 1902 1187 1938 p.
1215 1890 1318 1938 219,
1346 1890 1400 1927 28
1445 1885 1590 1928 ‘Penus
1637 1891 1790 1941 generis

261 1943 452 1981 feminini.
509 1943 684 1984 Lucilius
717 1942 893 1997 “magna
925 1959 1048 1997 penus
1072 1959 1148 1996 per
1177 1959 1248 1986 uos
1281 1942 1422 2000 (peruo
1450 1944 1506 2002 G)
1538 1949 1668 1999 spatio
1699 1962 1789 1988 con-

260 2006 420 2053 sumpta
470 2001 675 2053 peribit’'.'
751 2005 809 2042 Ex
853 2006 988 2044 eodem
1038 2006 1262 2046 Priscianus
1312 2006 1385 2045 GL
1410 2008 1453 2047 Π
1487 2021 1524 2058 p.
1553 2009 1656 2058 260,
1686 2009 1790 2047 17K

262 2058 406 2100 ‘Penus
439 2075 594 2112 quoque
626 2065 665 2101 et
695 2065 908 2103 masculini
939 2067 979 2103 et
1008 2066 1189 2104 feminini
1221 2068 1260 2105 et
1290 2068 1423 2105 neutri
1453 2068 1658 2106 inuenitur
1688 2070 1789 2107 teste

259 2121 417 2160 Donato
468 2123 508 2160 et
556 2121 695 2172 Capro.
729 2153 736 2161 .
771 2154 778 2161 .
812 2154 819 2161 .
851 2124 1027 2164 Lucilius
1072 2121 1249 2176 “magna
1281 2158 1289 2166 .
1323 2157 1329 2164 .
1363 2158 1372 2166 .
1404 2123 1610 2176 peribit''.'
1678 2127 1789 2166 Idem

259 2194 298 2230 p.
327 2182 422 2230 170,
452 2182 504 2219 13
540 2178 618 2220 ‘hic
650 2183 690 2220 et
719 2183 816 2221 haec
847 2186 887 2222 et
916 2184 990 2223 1100
1020 2196 1145 2235 penus
1177 2186 1217 2224 et
1247 2185 1321 2224 hoc
1346 2199 1491 2235 penum
1514 2180 1526 2224 ’.
1547 2217 1555 2225 .
1577 2216 1585 2225 .
1610 2186 1789 2226 Lucilius

261 2236 439 2291 “magna
466 2270 473 2277 .
496 2271 503 2278 .
524 2271 532 2279 .
557 2237 763 2291 peribit''.'

383 2294 521 2339 1206.
562 2300 786 2341 Scholiasta
821 2302 1040 2342 Vaticanus
1081 2297 1131 2343 ad
1168 2305 1338 2356 Vergilii
1380 2306 1592 2357 georgicon
1617 2306 1676 2344 IV
1703 2307 1785 2345 376

260 2358 465 2410 tonsisque
497 2360 632 2399 ferunt
662 2362 853 2400 mantelia
884 2357 1049 2417 (uinis):
1088 2362 1221 2403 ‘huius
1259 2365 1459 2416 singulare
1492 2362 1787 2404 “mantelum''.

260 2417 429 2457 Plautus
453 2418 496 2456 in
523 2418 702 2469 Captiuis
723 2415 848 2475 (520)
877 2419 981 2461 “nec
1007 2454 1014 2460 .
1035 2454 1042 2461 .
1064 2457 1073 2464 .
1099 2425 1227 2463 ullum
1254 2425 1472 2463 mantelum
1497 2425 1658 2464 obuiam
1683 2422 1788 2464 est’'.

261 2477 440 2516 Lucilius
483 2481 617 2517 autem
659 2482 835 2519 mantela
878 2481 975 2520 dicit
1016 2496 1199 2534 mappas:
1244 2481 1452 2523 “mantela
1493 2481 1788 2536 merumque”.'

261 2536 474 2576 Coniunxit
521 2539 595 2577 hoc
643 2539 911 2590 fragmentum
961 2555 1050 2580 cum
1097 2543 1234 2582 incert.
1260 2557 1299 2582 u.
1329 2545 1443 2582 1164
1494 2544 1645 2594 Dousa,
1697 2557 1787 2583 cum

259 2608 426 2645 mappas
449 2597 524 2636 hoc
547 2598 633 2636 loco
660 2601 794 2648 aperte
820 2600 873 2638 sit
897 2601 1145 2641 scholiastae.
1187 2603 1291 2641 Fest.
1316 2617 1355 2653 p.
1383 2605 1480 2652 133,
1501 2605 1553 2642 31
1588 2601 1787 2654 ‘frequens

262 2656 366 2694 enim
397 2656 572 2707 antiquis
605 2658 656 2696 ad
685 2671 825 2698 manus
849 2660 1060 2710 tergendas
1084 2674 1178 2700 usus
1203 2663 1282 2700 fuit
1306 2661 1598 2702 mantelorum'.
1642 2663 1787 2703 Asaro-

259 2717 330 2755 ton
360 2715 521 2755 uidetur
551 2716 768 2756 describere
799 2721 917 2768 poeta
945 2721 1056 2759 cuius
1080 2721 1355 2771 pauimentum
1378 2722 1567 2774 tegebant
1591 2735 1681 2762 cum
1707 2724 1787 2762 alia

234 2776 346 2813 ‘tum
388 2776 564 2814 mantela
606 2789 853 2828 merumque:
895 2778 1035 2818 Horat.
1060 2793 1178 2821 carm.
1203 2781 1246 2820 ΙΙ
1274 2783 1340 2832 14,
1367 2783 1420 2820 27
1448 2795 1560 2821 serm.
1585 2782 1627 2820 H
1653 2783 1692 2832 8,
1719 2784 1786 2822 12.

377 2829 524 2875 1207.
565 2836 784 2887 Porphyrio
831 2837 882 2875 ad
918 2838 1078 2878 Horatii
1121 2853 1233 2879 serm.
1259 2841 1280 2879 Ι
1307 2842 1454 2890 6,106
1499 2843 1675 2881 mantica
1721 2843 1787 2882 cui

260 2894 414 2933 lumbos
451 2907 567 2934 onere
603 2896 753 2935 ulceret
790 2893 980 2937 ‘Mantica
1016 2912 1111 2949 pera
1148 2902 1219 2939 est.
1281 2901 1348 2939 sed
1384 2902 1458 2940 hoc
1495 2914 1542 2940 ex
1578 2901 1785 2941 Luciliano

259 2953 331 2992 illo
362 2957 564 3004 sumptum
595 2957 665 3005 est,
698 2953 905 2995 “mantica
935 2960 1114 2998 canthari
1138 2961 1267 2998 costas
1293 2962 1494 3011 grauitate
1518 2958 1783 3010 premebat''.'

260 3014 433 3052 cantheri
468 3014 622 3053 Daniel.
685 3014 790 3054 Scite
827 3018 945 3056 uetus
981 3019 1175 3069 interpres
1212 3019 1442 3059 Obseruauit
1470 3020 1615 3059 Lucilii
1651 3021 1784 3059 imita-
