<?xml version="1.0" encoding="UTF-8"?>
<!DOCTYPE html PUBLIC "-//W3C//DTD XHTML 1.0 Transitional//EN"
    "http://www.w3.org/TR/xhtml1/DTD/xhtml1-transitional.dtd">
<html xmlns="http://www.w3.org/1999/xhtml" xml:lang="en" lang="en">
 <head>
  <title>
</title>
<meta http-equiv="Content-Type" content="text/html;charset=utf-8" />
  <meta name='ocr-system' content='tesseract 3.04.00' />
  <meta name='ocr-capabilities' content='ocr_page ocr_carea ocr_par ocr_line ocrx_word'/>
</head>
<body>
  <div class='ocr_page' id='page_1' title='image "./carminumreliquia02luciuoft_0372.png"; bbox 0 0 2060 3444; ppageno 0'>
   <div class='ocr_carea' id='block_1_1' title="bbox 326 243 1310 293">
    <p class='ocr_par' dir='ltr' id='par_1_1' title="bbox 326 243 1310 293">
     <span class='ocr_line' id='line_1_1' title="bbox 326 243 1310 293; baseline -0.013 -3"><span class='ocrx_word' id='word_1_1' title='bbox 326 247 413 290; x_wconf 87' lang='lat'>340</span> <span class='ocrx_word' id='word_1_2' title='bbox 440 274 473 293; x_wconf 69' lang='grc'>..,</span> <span class='ocrx_word' id='word_1_3' title='bbox 874 243 976 279; x_wconf 86' lang='grc' dir='ltr'>ΧΧΧ</span> <span class='ocrx_word' id='word_1_4' title='bbox 1000 255 1035 278; x_wconf 90' lang='lat' dir='ltr'>u.</span> <span class='ocrx_word' id='word_1_5' title='bbox 1065 245 1310 279; x_wconf 78' lang='lat'>1067—1069.</span> 
     </span>
    </p>
   </div>
   <div class='ocr_carea' id='block_1_2' title="bbox 325 352 1863 768">
    <p class='ocr_par' dir='ltr' id='par_1_2' title="bbox 325 352 1863 768">
     <span class='ocr_line' id='line_1_2' title="bbox 448 352 1858 406; baseline -0.004 -8"><span class='ocrx_word' id='word_1_6' title='bbox 448 355 589 399; x_wconf 80' lang='grc'>1067.</span> <span class='ocrx_word' id='word_1_7' title='bbox 622 357 849 396; x_wconf 81' lang='lat' dir='ltr'>Priscianus</span> <span class='ocrx_word' id='word_1_8' title='bbox 889 356 961 395; x_wconf 86' lang='lat' dir='ltr'>GL</span> <span class='ocrx_word' id='word_1_9' title='bbox 987 356 1028 395; x_wconf 89' lang='lat' dir='ltr'>H</span> <span class='ocrx_word' id='word_1_10' title='bbox 1052 370 1089 406; x_wconf 89' lang='lat' dir='ltr'>p.</span> <span class='ocrx_word' id='word_1_11' title='bbox 1112 357 1215 405; x_wconf 88' lang='lat'>488,</span> <span class='ocrx_word' id='word_1_12' title='bbox 1243 357 1295 394; x_wconf 88' lang='grc'>21</span> <span class='ocrx_word' id='word_1_13' title='bbox 1312 355 1349 394; x_wconf 91' lang='grc' dir='ltr'><strong><em>Κ</em></strong></span> <span class='ocrx_word' id='word_1_14' title='bbox 1381 352 1450 393; x_wconf 66' lang='lat' dir='ltr'>‘Et</span> <span class='ocrx_word' id='word_1_15' title='bbox 1490 354 1674 394; x_wconf 87' lang='lat' dir='ltr'>similiter</span> <span class='ocrx_word' id='word_1_16' title='bbox 1703 353 1858 393; x_wconf 79' lang='lat' dir='ltr'>redoleo</span> 
     </span>
     <span class='ocr_line' id='line_1_3' title="bbox 327 412 1860 466; baseline -0.005 -7"><span class='ocrx_word' id='word_1_17' title='bbox 327 422 366 459; x_wconf 87' lang='lat' dir='ltr'>et</span> <span class='ocrx_word' id='word_1_18' title='bbox 397 419 550 460; x_wconf 85' lang='lat' dir='ltr'>redolui</span> <span class='ocrx_word' id='word_1_19' title='bbox 582 420 621 457; x_wconf 93' lang='lat' dir='ltr'>et</span> <span class='ocrx_word' id='word_1_20' title='bbox 652 418 844 466; x_wconf 87' lang='lat' dir='ltr'>redoleui,</span> <span class='ocrx_word' id='word_1_21' title='bbox 883 417 977 466; x_wconf 91' lang='lat' dir='ltr'>quia</span> <span class='ocrx_word' id='word_1_22' title='bbox 1014 429 1094 454; x_wconf 87' lang='lat' dir='ltr'>non</span> <span class='ocrx_word' id='word_1_23' title='bbox 1125 417 1283 454; x_wconf 88' lang='lat' dir='ltr'>mutant</span> <span class='ocrx_word' id='word_1_24' title='bbox 1314 415 1654 466; x_wconf 88' lang='lat' dir='ltr'>significationem.</span> <span class='ocrx_word' id='word_1_25' title='bbox 1783 412 1860 451; x_wconf 93' lang='lat' dir='ltr'>Lu-</span> 
     </span>
     <span class='ocr_line' id='line_1_4' title="bbox 326 469 1861 526; baseline -0.004 -9"><span class='ocrx_word' id='word_1_26' title='bbox 326 480 440 519; x_wconf 84' lang='lat' dir='ltr'>cilius</span> <span class='ocrx_word' id='word_1_27' title='bbox 465 491 559 517; x_wconf 90' lang='lat' dir='ltr'>uero</span> <span class='ocrx_word' id='word_1_28' title='bbox 584 479 627 516; x_wconf 92' lang='lat' dir='ltr'>in</span> <span class='ocrx_word' id='word_1_29' title='bbox 645 477 754 516; x_wconf 90' lang='lat' dir='ltr'>XXX</span> <span class='ocrx_word' id='word_1_30' title='bbox 782 474 904 526; x_wconf 78' lang='lat' dir='ltr'>“quis</span> <span class='ocrx_word' id='word_1_31' title='bbox 929 478 1060 515; x_wconf 91' lang='lat' dir='ltr'>totum</span> <span class='ocrx_word' id='word_1_32' title='bbox 1085 476 1160 515; x_wconf 88' lang='lat' dir='ltr'>scis</span> <span class='ocrx_word' id='word_1_33' title='bbox 1180 487 1321 525; x_wconf 89' lang='lat' dir='ltr'>corpus</span> <span class='ocrx_word' id='word_1_34' title='bbox 1340 475 1421 512; x_wconf 90' lang='lat' dir='ltr'>iam</span> <span class='ocrx_word' id='word_1_35' title='bbox 1441 474 1635 525; x_wconf 89' lang='lat' dir='ltr'>perolesse</span> <span class='ocrx_word' id='word_1_36' title='bbox 1654 469 1861 521; x_wconf 88' lang='lat' dir='ltr'>bisulcis&#39;&#39;,</span> 
     </span>
     <span class='ocr_line' id='line_1_5' title="bbox 325 531 1860 590; baseline -0.005 -12"><span class='ocrx_word' id='word_1_37' title='bbox 325 552 397 590; x_wconf 90' lang='lat' dir='ltr'>pro</span> <span class='ocrx_word' id='word_1_38' title='bbox 440 534 707 588; x_wconf 86' lang='lat' dir='ltr'>peroleuisse&#39;.</span> <span class='ocrx_word' id='word_1_39' title='bbox 776 535 886 575; x_wconf 80' lang='lat' dir='ltr'>GGL</span> <span class='ocrx_word' id='word_1_40' title='bbox 919 536 956 573; x_wconf 94' lang='lat' dir='ltr'><strong>V</strong></span> <span class='ocrx_word' id='word_1_41' title='bbox 992 549 1029 586; x_wconf 92' lang='lat' dir='ltr'>p.</span> <span class='ocrx_word' id='word_1_42' title='bbox 1053 537 1156 585; x_wconf 78' lang='grc'>271,</span> <span class='ocrx_word' id='word_1_43' title='bbox 1184 536 1238 574; x_wconf 89' lang='grc'>39</span> <span class='ocrx_word' id='word_1_44' title='bbox 1279 531 1474 573; x_wconf 78' lang='lat' dir='ltr'>‘bisulcisz</span> <span class='ocrx_word' id='word_1_45' title='bbox 1518 534 1656 572; x_wconf 88' lang='lat' dir='ltr'>diuisis</span> <span class='ocrx_word' id='word_1_46' title='bbox 1699 532 1860 584; x_wconf 81' lang='lat' dir='ltr'>ungulis</span> 
     </span>
     <span class='ocr_line' id='line_1_6' title="bbox 325 593 1861 648; baseline -0.005 -11"><span class='ocrx_word' id='word_1_47' title='bbox 325 595 502 648; x_wconf 89' lang='lat' dir='ltr'>porcus’:</span> <span class='ocrx_word' id='word_1_48' title='bbox 557 598 733 648; x_wconf 85' lang='lat' dir='ltr'>reliquas</span> <span class='ocrx_word' id='word_1_49' title='bbox 792 596 942 647; x_wconf 84' lang='lat' dir='ltr'>glossas</span> <span class='ocrx_word' id='word_1_50' title='bbox 998 595 1169 635; x_wconf 89' lang='lat' dir='ltr'>eiusdem</span> <span class='ocrx_word' id='word_1_51' title='bbox 1228 595 1382 646; x_wconf 88' lang='lat' dir='ltr'>generis</span> <span class='ocrx_word' id='word_1_52' title='bbox 1431 593 1588 632; x_wconf 87' lang='lat' dir='ltr'>exhibet</span> <span class='ocrx_word' id='word_1_53' title='bbox 1637 593 1861 632; x_wconf 83' lang='lat' dir='ltr'>Thesaurus</span> 
     </span>
     <span class='ocr_line' id='line_1_7' title="bbox 326 651 1863 710; baseline -0.005 -13"><span class='ocrx_word' id='word_1_54' title='bbox 326 659 547 710; x_wconf 88' lang='lat' dir='ltr'>glossarum</span> <span class='ocrx_word' id='word_1_55' title='bbox 579 669 607 696; x_wconf 89' lang='lat' dir='ltr'>s.</span> <span class='ocrx_word' id='word_1_56' title='bbox 628 671 664 695; x_wconf 93' lang='lat' dir='ltr'>u.</span> <span class='ocrx_word' id='word_1_57' title='bbox 705 657 860 695; x_wconf 64' lang='lat' dir='ltr'>bisulcis</span> <span class='ocrx_word' id='word_1_58' title='bbox 898 655 945 694; x_wconf 89' lang='lat' dir='ltr'>de</span> <span class='ocrx_word' id='word_1_59' title='bbox 983 654 1125 704; x_wconf 91' lang='lat' dir='ltr'>quibus</span> <span class='ocrx_word' id='word_1_60' title='bbox 1164 655 1247 705; x_wconf 84' lang='lat' dir='ltr'>egit</span> <span class='ocrx_word' id='word_1_61' title='bbox 1282 653 1523 692; x_wconf 83' lang='lat' dir='ltr'>Ribbeckius</span> <span class='ocrx_word' id='word_1_62' title='bbox 1565 652 1679 691; x_wconf 81' lang='lat' dir='ltr'>TRF</span> <span class='ocrx_word' id='word_1_63' title='bbox 1705 651 1796 691; x_wconf 86' lang='lat' dir='ltr'>edit.</span> <span class='ocrx_word' id='word_1_64' title='bbox 1821 651 1863 690; x_wconf 94' lang='lat' dir='ltr'>II</span> 
     </span>
     <span class='ocr_line' id='line_1_8' title="bbox 326 710 1863 768; baseline -0.004 -12"><span class='ocrx_word' id='word_1_65' title='bbox 326 732 363 768; x_wconf 90' lang='lat' dir='ltr'>p.</span> <span class='ocrx_word' id='word_1_66' title='bbox 385 717 530 756; x_wconf 92' lang='lat' dir='ltr'>LXXV</span> <span class='ocrx_word' id='word_1_67' title='bbox 556 729 635 766; x_wconf 87' lang='lat' dir='ltr'>seq.</span> <span class='ocrx_word' id='word_1_68' title='bbox 691 715 871 754; x_wconf 89' lang='lat' dir='ltr'>Bisulces</span> <span class='ocrx_word' id='word_1_69' title='bbox 903 716 998 754; x_wconf 89' lang='lat' dir='ltr'>sunt</span> <span class='ocrx_word' id='word_1_70' title='bbox 1028 712 1074 753; x_wconf 86' lang='grc' dir='ltr'>τὰ</span> <span class='ocrx_word' id='word_1_71' title='bbox 1107 713 1260 765; x_wconf 79' lang='grc' dir='ltr'><em>δισχιδῆ</em></span> <span class='ocrx_word' id='word_1_72' title='bbox 1292 712 1508 765; x_wconf 80' lang='grc' dir='ltr'><strong><em>τετράποδα</em></strong></span> <span class='ocrx_word' id='word_1_73' title='bbox 1539 712 1623 751; x_wconf 86' lang='lat' dir='ltr'>siue</span> <span class='ocrx_word' id='word_1_74' title='bbox 1655 710 1699 750; x_wconf 83' lang='grc' dir='ltr'>τὰ</span> <span class='ocrx_word' id='word_1_75' title='bbox 1726 710 1863 763; x_wconf 83' lang='grc' dir='ltr'><em>διχηλά</em></span> 
     </span>
    </p>
   </div>
   <div class='ocr_carea' id='block_1_3' title="bbox 260 768 1864 831">
    <p class='ocr_par' dir='ltr' id='par_1_3' title="bbox 260 768 1864 831">
     <span class='ocr_line' id='line_1_9' title="bbox 260 768 1864 831; baseline -0.005 -14"><span class='ocrx_word' id='word_1_76' title='bbox 260 785 264 788; x_wconf 81' lang='grc'><strong><em>’</em></strong></span> <span class='ocrx_word' id='word_1_77' title='bbox 329 772 512 831; x_wconf 86' lang='lat' dir='ltr'>(Aristot.</span> <span class='ocrx_word' id='word_1_78' title='bbox 544 777 635 815; x_wconf 89' lang='lat' dir='ltr'>hist.</span> <span class='ocrx_word' id='word_1_79' title='bbox 669 777 787 814; x_wconf 91' lang='lat' dir='ltr'>anim.</span> <span class='ocrx_word' id='word_1_80' title='bbox 818 775 860 814; x_wconf 89' lang='grc' dir='ltr'>Π</span> <span class='ocrx_word' id='word_1_81' title='bbox 894 776 915 813; x_wconf 94' lang='grc'>1</span> <span class='ocrx_word' id='word_1_82' title='bbox 955 788 993 824; x_wconf 89' lang='lat' dir='ltr'>p.</span> <span class='ocrx_word' id='word_1_83' title='bbox 1015 773 1134 812; x_wconf 87' lang='lat' dir='ltr'>499b</span> <span class='ocrx_word' id='word_1_84' title='bbox 1156 768 1212 827; x_wconf 89' lang='lat'>9).</span> <span class='ocrx_word' id='word_1_85' title='bbox 1279 774 1355 812; x_wconf 79' lang='lat' dir='ltr'>scis</span> <span class='ocrx_word' id='word_1_86' title='bbox 1396 775 1478 812; x_wconf 73' lang='lat' dir='ltr'>iam</span> <span class='ocrx_word' id='word_1_87' title='bbox 1521 783 1659 820; x_wconf 76' lang='lat' dir='ltr'>corpus</span> <span class='ocrx_word' id='word_1_88' title='bbox 1701 772 1864 821; x_wconf 89' lang='lat' dir='ltr'>propter</span> 
     </span>
    </p>
   </div>
   <div class='ocr_carea' id='block_1_4' title="bbox 327 829 1887 1483">
    <p class='ocr_par' dir='ltr' id='par_1_4' title="bbox 327 829 1887 1055">
     <span class='ocr_line' id='line_1_10' title="bbox 328 829 1863 876; baseline -0.005 -1"><span class='ocrx_word' id='word_1_89' title='bbox 328 850 486 875; x_wconf 89' lang='lat' dir='ltr'>uersum</span> <span class='ocrx_word' id='word_1_90' title='bbox 512 836 680 876; x_wconf 85' lang='lat' dir='ltr'>scribere</span> <span class='ocrx_word' id='word_1_91' title='bbox 700 836 843 874; x_wconf 87' lang='lat' dir='ltr'>maluit</span> <span class='ocrx_word' id='word_1_92' title='bbox 861 834 1157 873; x_wconf 87' lang='lat' dir='ltr'>Lachmannus:</span> <span class='ocrx_word' id='word_1_93' title='bbox 1184 833 1310 872; x_wconf 81' lang='lat' dir='ltr'>eidem</span> <span class='ocrx_word' id='word_1_94' title='bbox 1330 834 1464 872; x_wconf 84' lang='lat' dir='ltr'>tamen</span> <span class='ocrx_word' id='word_1_95' title='bbox 1483 832 1638 870; x_wconf 87' lang='lat' dir='ltr'>numeri</span> <span class='ocrx_word' id='word_1_96' title='bbox 1656 829 1863 869; x_wconf 88' lang='lat' dir='ltr'>Lucret.II</span> 
     </span>
     <span class='ocr_line' id='line_1_11' title="bbox 329 887 1864 943; baseline -0.005 -8"><span class='ocrx_word' id='word_1_97' title='bbox 329 898 413 935; x_wconf 87' lang='grc'>907</span> <span class='ocrx_word' id='word_1_98' title='bbox 460 893 543 935; x_wconf 86' lang='lat' dir='ltr'>‘sed</span> <span class='ocrx_word' id='word_1_99' title='bbox 591 897 726 934; x_wconf 89' lang='lat' dir='ltr'>tamen</span> <span class='ocrx_word' id='word_1_100' title='bbox 776 896 861 934; x_wconf 91' lang='lat' dir='ltr'>esto</span> <span class='ocrx_word' id='word_1_101' title='bbox 904 895 985 932; x_wconf 90' lang='lat' dir='ltr'>iam</span> <span class='ocrx_word' id='word_1_102' title='bbox 1028 906 1142 943; x_wconf 89' lang='lat' dir='ltr'>posse</span> <span class='ocrx_word' id='word_1_103' title='bbox 1186 893 1282 932; x_wconf 92' lang='lat' dir='ltr'>haec</span> <span class='ocrx_word' id='word_1_104' title='bbox 1326 894 1486 932; x_wconf 87' lang='lat' dir='ltr'>aeterna</span> <span class='ocrx_word' id='word_1_105' title='bbox 1529 887 1716 930; x_wconf 90' lang='lat' dir='ltr'>manere&#39;.</span> <span class='ocrx_word' id='word_1_106' title='bbox 1789 889 1864 928; x_wconf 90' lang='lat' dir='ltr'>His</span> 
     </span>
     <span class='ocr_line' id='line_1_12' title="bbox 327 950 1887 1006; baseline -0.004 -11"><span class='ocrx_word' id='word_1_107' title='bbox 327 955 479 1006; x_wconf 90' lang='lat' dir='ltr'>putidis</span> <span class='ocrx_word' id='word_1_108' title='bbox 510 955 683 994; x_wconf 88' lang='lat' dir='ltr'>moechis</span> <span class='ocrx_word' id='word_1_109' title='bbox 721 954 796 993; x_wconf 89' lang='lat' dir='ltr'>scis</span> <span class='ocrx_word' id='word_1_110' title='bbox 833 953 1039 1003; x_wconf 88' lang='lat' dir='ltr'>tuquidem</span> <span class='ocrx_word' id='word_1_111' title='bbox 1077 965 1219 1003; x_wconf 92' lang='lat' dir='ltr'>corpus</span> <span class='ocrx_word' id='word_1_112' title='bbox 1256 954 1338 991; x_wconf 91' lang='lat' dir='ltr'>iam</span> <span class='ocrx_word' id='word_1_113' title='bbox 1375 951 1576 991; x_wconf 78' lang='lat' dir='ltr'>stabulum</span> <span class='ocrx_word' id='word_1_114' title='bbox 1614 950 1863 1001; x_wconf 87' lang='lat' dir='ltr'>peroleuisse,</span> <span class='ocrx_word' id='word_1_115' title='bbox 1877 985 1887 988; x_wconf 86' lang='grc'>-</span> 
     </span>
     <span class='ocr_line' id='line_1_13' title="bbox 329 1012 1459 1055; baseline -0.004 -1"><span class='ocrx_word' id='word_1_116' title='bbox 329 1029 418 1055; x_wconf 90' lang='lat' dir='ltr'>cum</span> <span class='ocrx_word' id='word_1_117' title='bbox 449 1018 585 1054; x_wconf 89' lang='lat' dir='ltr'>tenera</span> <span class='ocrx_word' id='word_1_118' title='bbox 617 1016 747 1053; x_wconf 89' lang='lat' dir='ltr'>essent</span> <span class='ocrx_word' id='word_1_119' title='bbox 778 1015 926 1052; x_wconf 85' lang='lat' dir='ltr'>aetate:</span> <span class='ocrx_word' id='word_1_120' title='bbox 958 1014 1001 1052; x_wconf 86' lang='lat' dir='ltr'>at</span> <span class='ocrx_word' id='word_1_121' title='bbox 1031 1025 1135 1051; x_wconf 90' lang='lat' dir='ltr'>nunc</span> <span class='ocrx_word' id='word_1_122' title='bbox 1167 1014 1259 1051; x_wconf 89' lang='lat' dir='ltr'>sunt</span> <span class='ocrx_word' id='word_1_123' title='bbox 1289 1012 1459 1051; x_wconf 89' lang='lat' dir='ltr'>uetulae.</span> 
     </span>
    </p>

    <p class='ocr_par' dir='ltr' id='par_1_5' title="bbox 327 1068 1866 1483">
     <span class='ocr_line' id='line_1_14' title="bbox 451 1068 1863 1123; baseline -0.004 -10"><span class='ocrx_word' id='word_1_124' title='bbox 451 1069 592 1114; x_wconf 82' lang='lat'>1068.</span> <span class='ocrx_word' id='word_1_125' title='bbox 624 1074 778 1112; x_wconf 86' lang='lat' dir='ltr'>Nonius</span> <span class='ocrx_word' id='word_1_126' title='bbox 810 1087 847 1123; x_wconf 90' lang='lat' dir='ltr'>p.</span> <span class='ocrx_word' id='word_1_127' title='bbox 870 1074 968 1121; x_wconf 86' lang='grc'>321,</span> <span class='ocrx_word' id='word_1_128' title='bbox 995 1074 1018 1111; x_wconf 89' lang='grc'><strong>5</strong></span> <span class='ocrx_word' id='word_1_129' title='bbox 1055 1069 1246 1111; x_wconf 77' lang='lat' dir='ltr'>‘Inuitare</span> <span class='ocrx_word' id='word_1_130' title='bbox 1279 1073 1459 1121; x_wconf 89' lang='lat' dir='ltr'>apertam</span> <span class='ocrx_word' id='word_1_131' title='bbox 1490 1070 1610 1109; x_wconf 89' lang='lat' dir='ltr'>habet</span> <span class='ocrx_word' id='word_1_132' title='bbox 1641 1068 1863 1121; x_wconf 87' lang='lat' dir='ltr'>significan-</span> 
     </span>
     <span class='ocr_line' id='line_1_15' title="bbox 329 1127 1864 1174; baseline -0.004 -1"><span class='ocrx_word' id='word_1_133' title='bbox 329 1136 439 1174; x_wconf 90' lang='lat' dir='ltr'>tiam.</span> <span class='ocrx_word' id='word_1_134' title='bbox 474 1166 481 1173; x_wconf 90' lang='lat'>.</span> <span class='ocrx_word' id='word_1_135' title='bbox 505 1166 511 1173; x_wconf 94' lang='lat'>.</span> <span class='ocrx_word' id='word_1_136' title='bbox 534 1165 541 1172; x_wconf 95' lang='lat'>.</span> <span class='ocrx_word' id='word_1_137' title='bbox 567 1134 747 1172; x_wconf 83' lang='lat' dir='ltr'>Lucilius</span> <span class='ocrx_word' id='word_1_138' title='bbox 778 1133 845 1172; x_wconf 91' lang='lat' dir='ltr'>lib.</span> <span class='ocrx_word' id='word_1_139' title='bbox 866 1132 974 1171; x_wconf 92' lang='lat' dir='ltr'>XXX</span> <span class='ocrx_word' id='word_1_140' title='bbox 1013 1129 1183 1171; x_wconf 76' lang='lat' dir='ltr'>“contra</span> <span class='ocrx_word' id='word_1_141' title='bbox 1210 1162 1216 1169; x_wconf 92' lang='lat'>.</span> <span class='ocrx_word' id='word_1_142' title='bbox 1240 1162 1246 1169; x_wconf 91' lang='lat'>.</span> <span class='ocrx_word' id='word_1_143' title='bbox 1270 1162 1277 1170; x_wconf 89' lang='lat'>.</span> <span class='ocrx_word' id='word_1_144' title='bbox 1303 1127 1550 1170; x_wconf 88' lang='lat' dir='ltr'>uidentur&#39;&#39;.&#39;</span> <span class='ocrx_word' id='word_1_145' title='bbox 1614 1129 1700 1168; x_wconf 90' lang='lat' dir='ltr'>Hae</span> <span class='ocrx_word' id='word_1_146' title='bbox 1731 1128 1864 1168; x_wconf 87' lang='lat' dir='ltr'>sordes</span> 
     </span>
     <span class='ocr_line' id='line_1_16' title="bbox 331 1189 1865 1244; baseline -0.005 -11"><span class='ocrx_word' id='word_1_147' title='bbox 331 1197 371 1233; x_wconf 91' lang='lat' dir='ltr'>et</span> <span class='ocrx_word' id='word_1_148' title='bbox 415 1194 589 1244; x_wconf 85' lang='lat' dir='ltr'>corporis</span> <span class='ocrx_word' id='word_1_149' title='bbox 635 1192 844 1243; x_wconf 77' lang='lat' dir='ltr'>turpitudo</span> <span class='ocrx_word' id='word_1_150' title='bbox 891 1192 1090 1231; x_wconf 90' lang='lat' dir='ltr'>hominem</span> <span class='ocrx_word' id='word_1_151' title='bbox 1140 1204 1217 1230; x_wconf 87' lang='lat' dir='ltr'>non</span> <span class='ocrx_word' id='word_1_152' title='bbox 1267 1191 1560 1239; x_wconf 89' lang='lat' dir='ltr'>deterruerunt,</span> <span class='ocrx_word' id='word_1_153' title='bbox 1603 1190 1725 1227; x_wconf 91' lang='lat' dir='ltr'>immo</span> <span class='ocrx_word' id='word_1_154' title='bbox 1768 1189 1865 1227; x_wconf 89' lang='lat' dir='ltr'>haec</span> 
     </span>
     <span class='ocr_line' id='line_1_17' title="bbox 330 1245 1865 1305; baseline -0.004 -13"><span class='ocrx_word' id='word_1_155' title='bbox 330 1255 416 1305; x_wconf 89' lang='lat' dir='ltr'>ipsa</span> <span class='ocrx_word' id='word_1_156' title='bbox 440 1254 631 1292; x_wconf 88' lang='lat' dir='ltr'>inuitasse</span> <span class='ocrx_word' id='word_1_157' title='bbox 658 1255 697 1291; x_wconf 87' lang='lat' dir='ltr'>et</span> <span class='ocrx_word' id='word_1_158' title='bbox 722 1252 933 1303; x_wconf 76' lang='lat' dir='ltr'>instigasse</span> <span class='ocrx_word' id='word_1_159' title='bbox 953 1251 1149 1290; x_wconf 88' lang='lat' dir='ltr'>uidentur.</span> <span class='ocrx_word' id='word_1_160' title='bbox 1198 1251 1294 1289; x_wconf 89' lang='lat' dir='ltr'>Hor.</span> <span class='ocrx_word' id='word_1_161' title='bbox 1315 1263 1427 1289; x_wconf 87' lang='lat' dir='ltr'>serm.</span> <span class='ocrx_word' id='word_1_162' title='bbox 1448 1250 1468 1288; x_wconf 94' lang='lat' dir='ltr'>I</span> <span class='ocrx_word' id='word_1_163' title='bbox 1490 1251 1527 1299; x_wconf 88' lang='lat'>3,</span> <span class='ocrx_word' id='word_1_164' title='bbox 1549 1250 1603 1288; x_wconf 87' lang='grc'>38</span> <span class='ocrx_word' id='word_1_165' title='bbox 1629 1245 1865 1287; x_wconf 76' lang='lat' dir='ltr'>‘amatorem</span> 
     </span>
     <span class='ocr_line' id='line_1_18' title="bbox 330 1309 1865 1364; baseline -0.005 -12"><span class='ocrx_word' id='word_1_166' title='bbox 330 1313 435 1364; x_wconf 93' lang='lat' dir='ltr'>quod</span> <span class='ocrx_word' id='word_1_167' title='bbox 479 1313 628 1352; x_wconf 83' lang='lat' dir='ltr'>amicae</span> <span class='ocrx_word' id='word_1_168' title='bbox 676 1313 812 1362; x_wconf 88' lang='lat' dir='ltr'>turpia</span> <span class='ocrx_word' id='word_1_169' title='bbox 861 1311 1066 1361; x_wconf 89' lang='lat' dir='ltr'>decipiunt</span> <span class='ocrx_word' id='word_1_170' title='bbox 1115 1322 1292 1360; x_wconf 85' lang='lat' dir='ltr'>caecum,</span> <span class='ocrx_word' id='word_1_171' title='bbox 1338 1311 1440 1349; x_wconf 88' lang='lat' dir='ltr'>uitia</span> <span class='ocrx_word' id='word_1_172' title='bbox 1489 1311 1559 1348; x_wconf 90' lang='lat' dir='ltr'>aut</span> <span class='ocrx_word' id='word_1_173' title='bbox 1608 1309 1730 1347; x_wconf 90' lang='lat' dir='ltr'>etiam</span> <span class='ocrx_word' id='word_1_174' title='bbox 1777 1309 1865 1357; x_wconf 88' lang='lat' dir='ltr'>ipsa</span> 
     </span>
     <span class='ocr_line' id='line_1_19' title="bbox 327 1365 1864 1421; baseline -0.005 -9"><span class='ocrx_word' id='word_1_175' title='bbox 327 1374 426 1412; x_wconf 85' lang='lat' dir='ltr'>haec</span> <span class='ocrx_word' id='word_1_176' title='bbox 475 1372 691 1421; x_wconf 88' lang='lat' dir='ltr'>delectant,</span> <span class='ocrx_word' id='word_1_177' title='bbox 747 1371 873 1410; x_wconf 87' lang='lat' dir='ltr'>ueluti</span> <span class='ocrx_word' id='word_1_178' title='bbox 921 1370 1136 1410; x_wconf 86' lang='lat' dir='ltr'>Balbinum</span> <span class='ocrx_word' id='word_1_179' title='bbox 1191 1370 1361 1420; x_wconf 86' lang='lat' dir='ltr'>polypus</span> <span class='ocrx_word' id='word_1_180' title='bbox 1411 1365 1593 1420; x_wconf 88' lang='lat' dir='ltr'>Hagnae’</span> <span class='ocrx_word' id='word_1_181' title='bbox 1651 1368 1720 1406; x_wconf 91' lang='lat' dir='ltr'>ubi</span> <span class='ocrx_word' id='word_1_182' title='bbox 1768 1366 1864 1406; x_wconf 90' lang='lat' dir='ltr'>Por-</span> 
     </span>
     <span class='ocr_line' id='line_1_20' title="bbox 328 1426 1866 1483; baseline -0.005 -12"><span class='ocrx_word' id='word_1_183' title='bbox 328 1433 489 1483; x_wconf 84' lang='lat' dir='ltr'>phyrio:</span> <span class='ocrx_word' id='word_1_184' title='bbox 541 1429 763 1471; x_wconf 84' lang='lat' dir='ltr'>‘Luciliana</span> <span class='ocrx_word' id='word_1_185' title='bbox 817 1431 1044 1470; x_wconf 77' lang='lat' dir='ltr'>urbanitate</span> <span class='ocrx_word' id='word_1_186' title='bbox 1098 1443 1191 1470; x_wconf 90' lang='lat' dir='ltr'>usus</span> <span class='ocrx_word' id='word_1_187' title='bbox 1240 1430 1281 1468; x_wconf 90' lang='lat' dir='ltr'>in</span> <span class='ocrx_word' id='word_1_188' title='bbox 1334 1429 1509 1469; x_wconf 88' lang='lat' dir='ltr'>transitu</span> <span class='ocrx_word' id='word_1_189' title='bbox 1558 1426 1866 1468; x_wconf 82' lang='lat' dir='ltr'>amaritudinem</span> 
     </span>
    </p>
   </div>
   <div class='ocr_carea' id='block_1_5' title="bbox 330 1488 1867 1719">
    <p class='ocr_par' dir='ltr' id='par_1_6' title="bbox 472 1488 517 1506">
     <span class='ocr_line' id='line_1_21' title="bbox 472 1488 517 1506; baseline 0 0"><span class='ocrx_word' id='word_1_190' title='bbox 472 1493 479 1500; x_wconf 93' lang='lat'><strong>·</strong></span> <span class='ocrx_word' id='word_1_191' title='bbox 506 1488 517 1506; x_wconf 73' lang='lat'><em>9</em></span> 
     </span>
    </p>

    <p class='ocr_par' dir='ltr' id='par_1_7' title="bbox 330 1494 1867 1719">
     <span class='ocr_line' id='line_1_22' title="bbox 332 1494 1867 1601; baseline -0.004 -11"><span class='ocrx_word' id='word_1_192' title='bbox 332 1494 592 1590; x_wconf 60' lang='lat' dir='ltr'>aspersll069.</span> <span class='ocrx_word' id='word_1_193' title='bbox 625 1550 778 1589; x_wconf 87' lang='lat' dir='ltr'>Nonius</span> <span class='ocrx_word' id='word_1_194' title='bbox 806 1564 843 1601; x_wconf 90' lang='lat' dir='ltr'>p.</span> <span class='ocrx_word' id='word_1_195' title='bbox 866 1551 934 1598; x_wconf 85' lang='lat'>81,</span> <span class='ocrx_word' id='word_1_196' title='bbox 961 1551 1013 1588; x_wconf 89' lang='lat'>31</span> <span class='ocrx_word' id='word_1_197' title='bbox 1044 1546 1159 1588; x_wconf 74' lang='lat' dir='ltr'>‘Cuia</span> <span class='ocrx_word' id='word_1_198' title='bbox 1190 1562 1262 1599; x_wconf 89' lang='lat' dir='ltr'>pro</span> <span class='ocrx_word' id='word_1_199' title='bbox 1288 1549 1409 1587; x_wconf 90' lang='lat' dir='ltr'>cuius.</span> <span class='ocrx_word' id='word_1_200' title='bbox 1465 1547 1643 1586; x_wconf 84' lang='lat' dir='ltr'>Lucilius</span> <span class='ocrx_word' id='word_1_201' title='bbox 1669 1546 1737 1585; x_wconf 92' lang='lat' dir='ltr'>lib.</span> <span class='ocrx_word' id='word_1_202' title='bbox 1756 1545 1867 1584; x_wconf 91' lang='lat' dir='ltr'>XXX</span> 
     </span>
     <span class='ocr_line' id='line_1_23' title="bbox 332 1605 1865 1658; baseline -0.005 -8"><span class='ocrx_word' id='word_1_203' title='bbox 332 1609 455 1650; x_wconf 77' lang='lat' dir='ltr'>“cuia</span> <span class='ocrx_word' id='word_1_204' title='bbox 482 1642 489 1649; x_wconf 94' lang='lat'>.</span> <span class='ocrx_word' id='word_1_205' title='bbox 513 1643 518 1649; x_wconf 96' lang='lat'>.</span> <span class='ocrx_word' id='word_1_206' title='bbox 542 1642 549 1649; x_wconf 92' lang='lat'>.</span> <span class='ocrx_word' id='word_1_207' title='bbox 576 1607 794 1649; x_wconf 90' lang='lat' dir='ltr'>cluebat&#39;’.&#39;</span> <span class='ocrx_word' id='word_1_208' title='bbox 850 1610 960 1648; x_wconf 86' lang='lat' dir='ltr'>Idem</span> <span class='ocrx_word' id='word_1_209' title='bbox 985 1622 1022 1658; x_wconf 89' lang='lat' dir='ltr'>p.</span> <span class='ocrx_word' id='word_1_210' title='bbox 1045 1610 1113 1658; x_wconf 87' lang='grc'>87,</span> <span class='ocrx_word' id='word_1_211' title='bbox 1140 1609 1194 1647; x_wconf 84' lang='grc'>32</span> <span class='ocrx_word' id='word_1_212' title='bbox 1224 1605 1365 1658; x_wconf 84' lang='lat' dir='ltr'>‘Cluet,</span> <span class='ocrx_word' id='word_1_213' title='bbox 1391 1609 1631 1648; x_wconf 90' lang='lat' dir='ltr'>nominatur.</span> <span class='ocrx_word' id='word_1_214' title='bbox 1687 1605 1865 1645; x_wconf 90' lang='lat' dir='ltr'>Lucilius</span> 
     </span>
     <span class='ocr_line' id='line_1_24' title="bbox 330 1665 1867 1719; baseline -0.004 -10"><span class='ocrx_word' id='word_1_215' title='bbox 330 1671 396 1710; x_wconf 89' lang='lat' dir='ltr'>lib.</span> <span class='ocrx_word' id='word_1_216' title='bbox 418 1671 527 1709; x_wconf 93' lang='lat' dir='ltr'>XXX</span> <span class='ocrx_word' id='word_1_217' title='bbox 565 1667 689 1718; x_wconf 69' lang='lat' dir='ltr'>“quia</span> <span class='ocrx_word' id='word_1_218' title='bbox 822 1665 1039 1709; x_wconf 88' lang='lat' dir='ltr'>cluebat”.&#39;</span> <span class='ocrx_word' id='word_1_219' title='bbox 1110 1667 1210 1707; x_wconf 78' lang='lat' dir='ltr'>Cum</span> <span class='ocrx_word' id='word_1_220' title='bbox 1253 1668 1463 1719; x_wconf 88' lang='lat' dir='ltr'>utrobique</span> <span class='ocrx_word' id='word_1_221' title='bbox 1506 1668 1681 1717; x_wconf 74' lang='lat' dir='ltr'>troymus</span> <span class='ocrx_word' id='word_1_222' title='bbox 1723 1678 1867 1705; x_wconf 86' lang='lat' dir='ltr'>nomen</span> 
     </span>
    </p>
   </div>
   <div class='ocr_carea' id='block_1_6' title="bbox 330 1726 1869 3027">
    <p class='ocr_par' dir='ltr' id='par_1_8' title="bbox 330 1726 1869 3027">
     <span class='ocr_line' id='line_1_25' title="bbox 330 1726 1866 1779; baseline -0.004 -10"><span class='ocrx_word' id='word_1_223' title='bbox 330 1731 383 1770; x_wconf 88' lang='lat' dir='ltr'>sit</span> <span class='ocrx_word' id='word_1_224' title='bbox 425 1730 636 1779; x_wconf 84' lang='lat' dir='ltr'>traditum,</span> <span class='ocrx_word' id='word_1_225' title='bbox 679 1729 912 1768; x_wconf 88' lang='lat' dir='ltr'>mutationis</span> <span class='ocrx_word' id='word_1_226' title='bbox 956 1728 1115 1766; x_wconf 89' lang='lat' dir='ltr'>omnino</span> <span class='ocrx_word' id='word_1_227' title='bbox 1159 1728 1269 1767; x_wconf 87' lang='lat' dir='ltr'>locus</span> <span class='ocrx_word' id='word_1_228' title='bbox 1319 1741 1398 1766; x_wconf 91' lang='lat' dir='ltr'>non</span> <span class='ocrx_word' id='word_1_229' title='bbox 1441 1729 1510 1767; x_wconf 92' lang='lat' dir='ltr'>est.</span> <span class='ocrx_word' id='word_1_230' title='bbox 1584 1726 1740 1765; x_wconf 88' lang='lat' dir='ltr'>Nomen</span> <span class='ocrx_word' id='word_1_231' title='bbox 1783 1737 1866 1764; x_wconf 88' lang='lat' dir='ltr'>esse</span> 
     </span>
     <span class='ocr_line' id='line_1_26' title="bbox 330 1785 1866 1838; baseline -0.004 -9"><span class='ocrx_word' id='word_1_232' title='bbox 330 1791 544 1829; x_wconf 87' lang='lat' dir='ltr'>barbarum</span> <span class='ocrx_word' id='word_1_233' title='bbox 587 1791 627 1828; x_wconf 87' lang='lat' dir='ltr'>et</span> <span class='ocrx_word' id='word_1_234' title='bbox 670 1802 693 1828; x_wconf 91' lang='lat' dir='ltr'>a</span> <span class='ocrx_word' id='word_1_235' title='bbox 740 1790 888 1838; x_wconf 67' lang='lat' dir='ltr'>fl&#39;royus</span> <span class='ocrx_word' id='word_1_236' title='bbox 931 1788 1144 1826; x_wconf 90' lang='lat' dir='ltr'>deductum</span> <span class='ocrx_word' id='word_1_237' title='bbox 1188 1789 1412 1838; x_wconf 88' lang='lat' dir='ltr'>suspicatur</span> <span class='ocrx_word' id='word_1_238' title='bbox 1456 1786 1663 1825; x_wconf 86' lang='lat' dir='ltr'>Turnebus</span> <span class='ocrx_word' id='word_1_239' title='bbox 1702 1785 1866 1823; x_wconf 87' lang='lat' dir='ltr'>Aduers.</span> 
     </span>
     <span class='ocr_line' id='line_1_27' title="bbox 331 1841 1868 1902; baseline -0.004 -14"><span class='ocrx_word' id='word_1_240' title='bbox 331 1850 461 1888; x_wconf 92' lang='lat' dir='ltr'>XXIX</span> <span class='ocrx_word' id='word_1_241' title='bbox 490 1852 539 1888; x_wconf 82' lang='lat'>21</span> <span class='ocrx_word' id='word_1_242' title='bbox 583 1844 643 1902; x_wconf 85' lang='lat' dir='ltr'>(H</span> <span class='ocrx_word' id='word_1_243' title='bbox 674 1849 797 1887; x_wconf 89' lang='lat' dir='ltr'>Paris.</span> <span class='ocrx_word' id='word_1_244' title='bbox 833 1849 946 1887; x_wconf 90' lang='lat'>1580</span> <span class='ocrx_word' id='word_1_245' title='bbox 978 1862 1014 1898; x_wconf 94' lang='lat' dir='ltr'>p.</span> <span class='ocrx_word' id='word_1_246' title='bbox 1039 1841 1164 1900; x_wconf 82' lang='lat'>240),</span> <span class='ocrx_word' id='word_1_247' title='bbox 1209 1847 1279 1897; x_wconf 89' lang='lat' dir='ltr'>qui</span> <span class='ocrx_word' id='word_1_248' title='bbox 1322 1846 1444 1898; x_wconf 85' lang='lat' dir='ltr'>Trogi</span> <span class='ocrx_word' id='word_1_249' title='bbox 1486 1846 1652 1896; x_wconf 88' lang='lat' dir='ltr'>Pompei</span> <span class='ocrx_word' id='word_1_250' title='bbox 1688 1843 1868 1884; x_wconf 84' lang='lat' dir='ltr'>historici</span> 
     </span>
     <span class='ocr_line' id='line_1_28' title="bbox 332 1905 1867 1958; baseline -0.003 -11"><span class='ocrx_word' id='word_1_251' title='bbox 332 1922 474 1948; x_wconf 91' lang='lat' dir='ltr'>nomen</span> <span class='ocrx_word' id='word_1_252' title='bbox 508 1908 704 1947; x_wconf 88' lang='lat' dir='ltr'>Gallicum</span> <span class='ocrx_word' id='word_1_253' title='bbox 736 1910 827 1958; x_wconf 87' lang='lat' dir='ltr'>apte</span> <span class='ocrx_word' id='word_1_254' title='bbox 860 1909 1018 1958; x_wconf 88' lang='lat' dir='ltr'>poterat</span> <span class='ocrx_word' id='word_1_255' title='bbox 1050 1906 1236 1945; x_wconf 84' lang='lat' dir='ltr'>conferre.</span> <span class='ocrx_word' id='word_1_256' title='bbox 1294 1905 1406 1952; x_wconf 83' lang='lat' dir='ltr'>Quod</span> <span class='ocrx_word' id='word_1_257' title='bbox 1437 1907 1469 1945; x_wconf 89' lang='lat' dir='ltr'>si</span> <span class='ocrx_word' id='word_1_258' title='bbox 1496 1907 1602 1945; x_wconf 91' lang='lat' dir='ltr'>recte</span> <span class='ocrx_word' id='word_1_259' title='bbox 1628 1905 1867 1954; x_wconf 88' lang='lat' dir='ltr'>suspicatur,</span> 
     </span>
     <span class='ocr_line' id='line_1_29' title="bbox 332 1963 1867 2017; baseline -0.003 -10"><span class='ocrx_word' id='word_1_260' title='bbox 332 1971 373 2007; x_wconf 93' lang='lat' dir='ltr'>in</span> <span class='ocrx_word' id='word_1_261' title='bbox 411 1969 607 2008; x_wconf 91' lang='lat' dir='ltr'>sociorum</span> <span class='ocrx_word' id='word_1_262' title='bbox 644 1980 806 2006; x_wconf 90' lang='lat' dir='ltr'>numero</span> <span class='ocrx_word' id='word_1_263' title='bbox 844 1981 881 2017; x_wconf 93' lang='lat' dir='ltr'>p.</span> <span class='ocrx_word' id='word_1_264' title='bbox 908 1967 953 2004; x_wconf 83' lang='lat' dir='ltr'>R.</span> <span class='ocrx_word' id='word_1_265' title='bbox 991 1966 1180 2005; x_wconf 89' lang='lat' dir='ltr'>meruisse</span> <span class='ocrx_word' id='word_1_266' title='bbox 1217 1965 1322 2004; x_wconf 89' lang='lat' dir='ltr'>bello</span> <span class='ocrx_word' id='word_1_267' title='bbox 1360 1965 1606 2004; x_wconf 87' lang='lat' dir='ltr'>Numantino</span> <span class='ocrx_word' id='word_1_268' title='bbox 1643 1965 1761 2003; x_wconf 89' lang='lat' dir='ltr'>homo</span> <span class='ocrx_word' id='word_1_269' title='bbox 1798 1963 1867 2002; x_wconf 91' lang='lat' dir='ltr'>ille</span> 
     </span>
     <span class='ocr_line' id='line_1_30' title="bbox 334 2023 1867 2077; baseline -0.004 -11"><span class='ocrx_word' id='word_1_270' title='bbox 334 2028 510 2067; x_wconf 89' lang='lat' dir='ltr'>ebriosus</span> <span class='ocrx_word' id='word_1_271' title='bbox 529 2027 729 2077; x_wconf 90' lang='lat' dir='ltr'>putandus</span> <span class='ocrx_word' id='word_1_272' title='bbox 756 2028 824 2065; x_wconf 91' lang='lat' dir='ltr'>est.</span> <span class='ocrx_word' id='word_1_273' title='bbox 870 2039 890 2064; x_wconf 91' lang='lat' dir='ltr'>o</span> <span class='ocrx_word' id='word_1_274' title='bbox 915 2027 1078 2076; x_wconf 89' lang='lat' dir='ltr'>longam</span> <span class='ocrx_word' id='word_1_275' title='bbox 1102 2027 1258 2064; x_wconf 88' lang='lat' dir='ltr'>rectene</span> <span class='ocrx_word' id='word_1_276' title='bbox 1283 2025 1462 2075; x_wconf 87' lang='lat' dir='ltr'>posuerit</span> <span class='ocrx_word' id='word_1_277' title='bbox 1485 2026 1617 2074; x_wconf 89' lang='lat' dir='ltr'>poeta,</span> <span class='ocrx_word' id='word_1_278' title='bbox 1641 2025 1683 2062; x_wconf 90' lang='lat' dir='ltr'>in</span> <span class='ocrx_word' id='word_1_279' title='bbox 1710 2023 1867 2062; x_wconf 89' lang='lat' dir='ltr'>nomine</span> 
     </span>
     <span class='ocr_line' id='line_1_31' title="bbox 333 2081 1866 2136; baseline -0.003 -11"><span class='ocrx_word' id='word_1_280' title='bbox 333 2087 502 2126; x_wconf 91' lang='lat' dir='ltr'>barbaro</span> <span class='ocrx_word' id='word_1_281' title='bbox 528 2099 575 2124; x_wconf 87' lang='lat' dir='ltr'>ne</span> <span class='ocrx_word' id='word_1_282' title='bbox 602 2098 770 2136; x_wconf 86' lang='lat' dir='ltr'>quaeras</span> <span class='ocrx_word' id='word_1_283' title='bbox 796 2098 922 2135; x_wconf 90' lang='lat' dir='ltr'>neque</span> <span class='ocrx_word' id='word_1_284' title='bbox 947 2086 1102 2123; x_wconf 81' lang='lat' dir='ltr'>mireris</span> <span class='ocrx_word' id='word_1_285' title='bbox 1136 2084 1241 2134; x_wconf 90' lang='lat' dir='ltr'>quod</span> <span class='ocrx_word' id='word_1_286' title='bbox 1268 2083 1365 2122; x_wconf 80' lang='lat' dir='ltr'>OIG</span> <span class='ocrx_word' id='word_1_287' title='bbox 1383 2084 1445 2122; x_wconf 91' lang='lat' dir='ltr'>III</span> <span class='ocrx_word' id='word_1_288' title='bbox 1467 2084 1582 2122; x_wconf 90' lang='lat'>6660</span> <span class='ocrx_word' id='word_1_289' title='bbox 1604 2081 1731 2122; x_wconf 78' lang='lat' dir='ltr'>IGSI</span> <span class='ocrx_word' id='word_1_290' title='bbox 1753 2082 1866 2121; x_wconf 86' lang='lat'>1504</span> 
     </span>
     <span class='ocr_line' id='line_1_32' title="bbox 333 2142 1867 2198; baseline -0.003 -14"><span class='ocrx_word' id='word_1_291' title='bbox 333 2147 481 2198; x_wconf 88' lang='lat' dir='ltr'>legitur</span> <span class='ocrx_word' id='word_1_292' title='bbox 508 2145 671 2198; x_wconf 72' lang='grc' dir='ltr'><strong><em>Τρόγοςι</em></strong></span> <span class='ocrx_word' id='word_1_293' title='bbox 702 2158 795 2184; x_wconf 90' lang='lat' dir='ltr'>nam</span> <span class='ocrx_word' id='word_1_294' title='bbox 826 2146 868 2183; x_wconf 86' lang='lat' dir='ltr'>in</span> <span class='ocrx_word' id='word_1_295' title='bbox 900 2144 1092 2184; x_wconf 89' lang='lat' dir='ltr'>eiusmodi</span> <span class='ocrx_word' id='word_1_296' title='bbox 1107 2143 1349 2183; x_wconf 57' lang='lat' dir='ltr'>⁴nominibus</span> <span class='ocrx_word' id='word_1_297' title='bbox 1375 2144 1486 2182; x_wconf 86' lang='lat' dir='ltr'>nulla</span> <span class='ocrx_word' id='word_1_298' title='bbox 1517 2143 1597 2182; x_wconf 86' lang='lat' dir='ltr'>fere</span> <span class='ocrx_word' id='word_1_299' title='bbox 1624 2144 1683 2181; x_wconf 88' lang='lat' dir='ltr'>est</span> <span class='ocrx_word' id='word_1_300' title='bbox 1707 2142 1771 2180; x_wconf 83' lang='lat' dir='ltr'>lex</span> <span class='ocrx_word' id='word_1_301' title='bbox 1795 2153 1867 2179; x_wconf 88' lang='lat' dir='ltr'>nec</span> 
     </span>
     <span class='ocr_line' id='line_1_33' title="bbox 335 2202 1866 2255; baseline -0.004 -10"><span class='ocrx_word' id='word_1_302' title='bbox 335 2206 573 2245; x_wconf 88' lang='lat' dir='ltr'>consuetudo</span> <span class='ocrx_word' id='word_1_303' title='bbox 612 2205 802 2245; x_wconf 88' lang='lat' dir='ltr'>stabilita.</span> <span class='ocrx_word' id='word_1_304' title='bbox 865 2205 1075 2243; x_wconf 88' lang='lat' dir='ltr'>Praeterea</span> <span class='ocrx_word' id='word_1_305' title='bbox 1113 2216 1134 2242; x_wconf 94' lang='lat' dir='ltr'>o</span> <span class='ocrx_word' id='word_1_306' title='bbox 1172 2204 1331 2255; x_wconf 90' lang='lat' dir='ltr'>longam</span> <span class='ocrx_word' id='word_1_307' title='bbox 1371 2216 1454 2242; x_wconf 90' lang='lat' dir='ltr'>esse</span> <span class='ocrx_word' id='word_1_308' title='bbox 1484 2204 1526 2241; x_wconf 90' lang='lat' dir='ltr'>in</span> <span class='ocrx_word' id='word_1_309' title='bbox 1561 2203 1679 2251; x_wconf 76' lang='lat' dir='ltr'>Troyi</span> <span class='ocrx_word' id='word_1_310' title='bbox 1709 2202 1866 2240; x_wconf 87' lang='lat' dir='ltr'>nomine</span> 
     </span>
     <span class='ocr_line' id='line_1_34' title="bbox 333 2259 1868 2316; baseline -0.004 -12"><span class='ocrx_word' id='word_1_311' title='bbox 333 2266 484 2304; x_wconf 91' lang='lat' dir='ltr'>iudicat</span> <span class='ocrx_word' id='word_1_312' title='bbox 519 2265 788 2304; x_wconf 85' lang='lat' dir='ltr'>Windischius</span> <span class='ocrx_word' id='word_1_313' title='bbox 827 2264 1091 2316; x_wconf 84' lang='lat' dir='ltr'>Sitzungsber.</span> <span class='ocrx_word' id='word_1_314' title='bbox 1118 2263 1153 2301; x_wconf 90' lang='lat' dir='ltr'>d.</span> <span class='ocrx_word' id='word_1_315' title='bbox 1180 2263 1226 2301; x_wconf 89' lang='lat' dir='ltr'>K.</span> <span class='ocrx_word' id='word_1_316' title='bbox 1254 2263 1409 2302; x_wconf 86' lang='lat' dir='ltr'>Saechs.</span> <span class='ocrx_word' id='word_1_317' title='bbox 1437 2262 1480 2301; x_wconf 79' lang='lat' dir='ltr'>G.</span> <span class='ocrx_word' id='word_1_318' title='bbox 1508 2262 1543 2300; x_wconf 89' lang='lat' dir='ltr'>d.</span> <span class='ocrx_word' id='word_1_319' title='bbox 1568 2262 1631 2300; x_wconf 92' lang='lat' dir='ltr'>W.</span> <span class='ocrx_word' id='word_1_320' title='bbox 1657 2259 1868 2300; x_wconf 91' lang='lat' dir='ltr'>XXXVIII</span> 
     </span>
     <span class='ocr_line' id='line_1_35' title="bbox 338 2322 1866 2375; baseline -0.003 -11"><span class='ocrx_word' id='word_1_321' title='bbox 338 2326 448 2364; x_wconf 87' lang='lat'>1886</span> <span class='ocrx_word' id='word_1_322' title='bbox 482 2339 520 2375; x_wconf 90' lang='lat' dir='ltr'>p.</span> <span class='ocrx_word' id='word_1_323' title='bbox 542 2326 638 2363; x_wconf 86' lang='lat'>243.</span> <span class='ocrx_word' id='word_1_324' title='bbox 701 2325 851 2363; x_wconf 90' lang='lat' dir='ltr'>Tamen</span> <span class='ocrx_word' id='word_1_325' title='bbox 893 2325 936 2362; x_wconf 88' lang='lat' dir='ltr'>in</span> <span class='ocrx_word' id='word_1_326' title='bbox 980 2324 1262 2363; x_wconf 89' lang='lat' dir='ltr'>commentario</span> <span class='ocrx_word' id='word_1_327' title='bbox 1306 2325 1438 2361; x_wconf 89' lang='lat' dir='ltr'>uetere</span> <span class='ocrx_word' id='word_1_328' title='bbox 1483 2322 1773 2372; x_wconf 22' lang='lat' dir='ltr'>anquisitionis,</span> <span class='ocrx_word' id='word_1_329' title='bbox 1805 2333 1866 2371; x_wconf 90' lang='lat' dir='ltr'>ap.</span> 
     </span>
     <span class='ocr_line' id='line_1_36' title="bbox 334 2379 1869 2432; baseline -0.003 -9"><span class='ocrx_word' id='word_1_330' title='bbox 334 2385 554 2423; x_wconf 89' lang='lat' dir='ltr'>Varronem</span> <span class='ocrx_word' id='word_1_331' title='bbox 597 2384 645 2423; x_wconf 90' lang='lat' dir='ltr'>de</span> <span class='ocrx_word' id='word_1_332' title='bbox 690 2384 714 2422; x_wconf 92' lang='lat' dir='ltr'>l.</span> <span class='ocrx_word' id='word_1_333' title='bbox 745 2384 834 2423; x_wconf 90' lang='lat' dir='ltr'>Lat.</span> <span class='ocrx_word' id='word_1_334' title='bbox 861 2383 918 2422; x_wconf 92' lang='lat' dir='ltr'>VI</span> <span class='ocrx_word' id='word_1_335' title='bbox 951 2385 1004 2422; x_wconf 90' lang='grc'>92</span> <span class='ocrx_word' id='word_1_336' title='bbox 1049 2395 1191 2421; x_wconf 89' lang='lat' dir='ltr'>nomen</span> <span class='ocrx_word' id='word_1_337' title='bbox 1241 2383 1412 2421; x_wconf 89' lang='lat' dir='ltr'>hominis</span> <span class='ocrx_word' id='word_1_338' title='bbox 1456 2383 1526 2432; x_wconf 91' lang='lat' dir='ltr'>qui</span> <span class='ocrx_word' id='word_1_339' title='bbox 1568 2381 1684 2420; x_wconf 90' lang='lat' dir='ltr'>aedes</span> <span class='ocrx_word' id='word_1_340' title='bbox 1726 2379 1869 2418; x_wconf 91' lang='lat' dir='ltr'>habuit</span> 
     </span>
     <span class='ocr_line' id='line_1_37' title="bbox 334 2438 1868 2494; baseline -0.003 -12"><span class='ocrx_word' id='word_1_341' title='bbox 334 2444 483 2483; x_wconf 85' lang='lat' dir='ltr'>Romae</span> <span class='ocrx_word' id='word_1_342' title='bbox 527 2440 718 2494; x_wconf 89' lang='lat' dir='ltr'>scriptum</span> <span class='ocrx_word' id='word_1_343' title='bbox 760 2445 964 2482; x_wconf 89' lang='lat' dir='ltr'>inuenitur</span> <span class='ocrx_word' id='word_1_344' title='bbox 1002 2443 1046 2482; x_wconf 81' lang='lat' dir='ltr'>T.</span> <span class='ocrx_word' id='word_1_345' title='bbox 1068 2442 1202 2492; x_wconf 73' lang='lat' dir='ltr'>Quinti</span> <span class='ocrx_word' id='word_1_346' title='bbox 1242 2442 1366 2490; x_wconf 63' lang='lat' dir='ltr'>Trogi.</span> <span class='ocrx_word' id='word_1_347' title='bbox 1437 2438 1581 2480; x_wconf 74' lang='lat' dir='ltr'>‘Calix&#39;</span> <span class='ocrx_word' id='word_1_348' title='bbox 1624 2453 1696 2491; x_wconf 90' lang='lat' dir='ltr'>per</span> <span class='ocrx_word' id='word_1_349' title='bbox 1738 2441 1868 2479; x_wconf 90' lang='lat' dir='ltr'>castra</span> 
     </span>
     <span class='ocr_line' id='line_1_38' title="bbox 336 2499 1868 2554; baseline -0.003 -12"><span class='ocrx_word' id='word_1_350' title='bbox 336 2503 618 2542; x_wconf 84' lang='lat' dir='ltr'>nominabatur</span> <span class='ocrx_word' id='word_1_351' title='bbox 649 2504 844 2554; x_wconf 89' lang='lat' dir='ltr'>Troginus</span> <span class='ocrx_word' id='word_1_352' title='bbox 875 2504 1038 2553; x_wconf 86' lang='lat' dir='ltr'>propter</span> <span class='ocrx_word' id='word_1_353' title='bbox 1067 2502 1155 2539; x_wconf 86' lang='lat' dir='ltr'>uini</span> <span class='ocrx_word' id='word_1_354' title='bbox 1185 2501 1352 2539; x_wconf 90' lang='lat' dir='ltr'>nimium</span> <span class='ocrx_word' id='word_1_355' title='bbox 1384 2513 1574 2540; x_wconf 89' lang='lat' dir='ltr'>amorem:</span> <span class='ocrx_word' id='word_1_356' title='bbox 1606 2500 1741 2550; x_wconf 83' lang='lat' dir='ltr'>potuit</span> <span class='ocrx_word' id='word_1_357' title='bbox 1764 2499 1868 2537; x_wconf 86' lang='lat' dir='ltr'>hunc</span> 
     </span>
     <span class='ocr_line' id='line_1_39' title="bbox 335 2558 1866 2610; baseline -0.002 -10"><span class='ocrx_word' id='word_1_358' title='bbox 335 2577 373 2600; x_wconf 93' lang='lat' dir='ltr'>u.</span> <span class='ocrx_word' id='word_1_359' title='bbox 408 2563 550 2601; x_wconf 89' lang='lat' dir='ltr'>addere</span> <span class='ocrx_word' id='word_1_360' title='bbox 598 2563 753 2602; x_wconf 86' lang='lat' dir='ltr'>facetiis</span> <span class='ocrx_word' id='word_1_361' title='bbox 809 2563 1018 2601; x_wconf 86' lang='lat' dir='ltr'>castrensis</span> <span class='ocrx_word' id='word_1_362' title='bbox 1067 2561 1257 2600; x_wconf 87' lang='lat' dir='ltr'>sermonis</span> <span class='ocrx_word' id='word_1_363' title='bbox 1308 2573 1406 2610; x_wconf 89' lang='lat' dir='ltr'>quas</span> <span class='ocrx_word' id='word_1_364' title='bbox 1456 2560 1617 2610; x_wconf 87' lang='lat' dir='ltr'>collegit</span> <span class='ocrx_word' id='word_1_365' title='bbox 1666 2558 1866 2609; x_wconf 83' lang='lat' dir='ltr'>Supplem.</span> 
     </span>
     <span class='ocr_line' id='line_1_40' title="bbox 337 2617 1868 2672; baseline -0.003 -13"><span class='ocrx_word' id='word_1_366' title='bbox 337 2622 466 2660; x_wconf 90' lang='lat' dir='ltr'>annal.</span> <span class='ocrx_word' id='word_1_367' title='bbox 497 2622 635 2672; x_wconf 88' lang='lat' dir='ltr'>philol.</span> <span class='ocrx_word' id='word_1_368' title='bbox 667 2621 799 2660; x_wconf 94' lang='lat' dir='ltr'>XXVI</span> <span class='ocrx_word' id='word_1_369' title='bbox 832 2622 943 2660; x_wconf 89' lang='grc'>1901</span> <span class='ocrx_word' id='word_1_370' title='bbox 983 2634 1021 2670; x_wconf 91' lang='lat' dir='ltr'>p.</span> <span class='ocrx_word' id='word_1_371' title='bbox 1049 2621 1131 2658; x_wconf 88' lang='lat'>356</span> <span class='ocrx_word' id='word_1_372' title='bbox 1174 2620 1205 2658; x_wconf 91' lang='lat' dir='ltr'>I.</span> <span class='ocrx_word' id='word_1_373' title='bbox 1227 2618 1271 2658; x_wconf 82' lang='lat' dir='ltr'>G.</span> <span class='ocrx_word' id='word_1_374' title='bbox 1291 2619 1504 2670; x_wconf 89' lang='lat' dir='ltr'>Kempfius.</span> <span class='ocrx_word' id='word_1_375' title='bbox 1580 2618 1711 2657; x_wconf 82' lang='lat' dir='ltr'>Simili</span> <span class='ocrx_word' id='word_1_376' title='bbox 1751 2617 1868 2656; x_wconf 89' lang='lat' dir='ltr'>modo</span> 
     </span>
     <span class='ocr_line' id='line_1_41' title="bbox 337 2675 1869 2729; baseline -0.002 -10"><span class='ocrx_word' id='word_1_377' title='bbox 337 2681 526 2720; x_wconf 88' lang='lat' dir='ltr'>audiebat</span> <span class='ocrx_word' id='word_1_378' title='bbox 582 2681 809 2720; x_wconf 89' lang='lat' dir='ltr'>Xenarchus</span> <span class='ocrx_word' id='word_1_379' title='bbox 864 2680 1041 2719; x_wconf 84' lang='lat' dir='ltr'>Rhodius</span> <span class='ocrx_word' id='word_1_380' title='bbox 1097 2677 1161 2718; x_wconf 82' lang='grc' dir='ltr'>διὰ</span> <span class='ocrx_word' id='word_1_381' title='bbox 1217 2677 1290 2729; x_wconf 84' lang='grc' dir='ltr'>τὴν</span> <span class='ocrx_word' id='word_1_382' title='bbox 1351 2679 1595 2718; x_wconf 77' lang='grc' dir='ltr'><strong><em>πολυποσίαν</em></strong></span> <span class='ocrx_word' id='word_1_383' title='bbox 1657 2675 1869 2729; x_wconf 79' lang='grc' dir='ltr'><strong><em>Μετρητής</em></strong></span> 
     </span>
     <span class='ocr_line' id='line_1_42' title="bbox 338 2735 1868 2794; baseline -0.003 -15"><span class='ocrx_word' id='word_1_384' title='bbox 338 2735 500 2794; x_wconf 87' lang='lat' dir='ltr'>(Athen.</span> <span class='ocrx_word' id='word_1_385' title='bbox 508 2741 543 2778; x_wconf 93' lang='lat' dir='ltr'>X</span> <span class='ocrx_word' id='word_1_386' title='bbox 553 2754 590 2791; x_wconf 91' lang='lat' dir='ltr'>p.</span> <span class='ocrx_word' id='word_1_387' title='bbox 600 2741 683 2779; x_wconf 82' lang='lat'>436</span> <span class='ocrx_word' id='word_1_388' title='bbox 693 2735 756 2794; x_wconf 84' lang='lat' dir='ltr'>F),</span> <span class='ocrx_word' id='word_1_389' title='bbox 766 2739 1101 2779; x_wconf 83' lang='lat' dir='ltr'>Mediolanensem</span> <span class='ocrx_word' id='word_1_390' title='bbox 1113 2739 1227 2777; x_wconf 89' lang='lat' dir='ltr'>illum</span> <span class='ocrx_word' id='word_1_391' title='bbox 1238 2738 1467 2777; x_wconf 88' lang='lat' dir='ltr'>Nouellium</span> <span class='ocrx_word' id='word_1_392' title='bbox 1481 2739 1728 2788; x_wconf 90' lang='lat' dir='ltr'>Torquatum</span> <span class='ocrx_word' id='word_1_393' title='bbox 1739 2736 1868 2775; x_wconf 88' lang='lat' dir='ltr'>tribus</span> 
     </span>
     <span class='ocr_line' id='line_1_43' title="bbox 337 2796 1868 2851; baseline -0.003 -13"><span class='ocrx_word' id='word_1_394' title='bbox 337 2801 486 2851; x_wconf 87' lang='lat' dir='ltr'>congiis</span> <span class='ocrx_word' id='word_1_395' title='bbox 519 2800 645 2850; x_wconf 87' lang='lat' dir='ltr'>epotis</span> <span class='ocrx_word' id='word_1_396' title='bbox 677 2812 755 2838; x_wconf 90' lang='lat' dir='ltr'>uno</span> <span class='ocrx_word' id='word_1_397' title='bbox 786 2801 938 2850; x_wconf 89' lang='lat' dir='ltr'>impetu</span> <span class='ocrx_word' id='word_1_398' title='bbox 969 2799 1202 2850; x_wconf 81' lang='lat' dir='ltr'>cognomine</span> <span class='ocrx_word' id='word_1_399' title='bbox 1234 2798 1323 2836; x_wconf 90' lang='lat' dir='ltr'>inde</span> <span class='ocrx_word' id='word_1_400' title='bbox 1349 2798 1468 2836; x_wconf 89' lang='lat' dir='ltr'>ducto</span> <span class='ocrx_word' id='word_1_401' title='bbox 1495 2798 1617 2848; x_wconf 88' lang='lat' dir='ltr'>uulgo</span> <span class='ocrx_word' id='word_1_402' title='bbox 1642 2796 1868 2847; x_wconf 80' lang='lat' dir='ltr'>praeditum</span> 
     </span>
     <span class='ocr_line' id='line_1_44' title="bbox 336 2855 1867 2909; baseline -0.001 -13"><span class='ocrx_word' id='word_1_403' title='bbox 336 2859 457 2898; x_wconf 86' lang='lat' dir='ltr'>fuisse</span> <span class='ocrx_word' id='word_1_404' title='bbox 494 2861 632 2898; x_wconf 87' lang='lat' dir='ltr'>narrat</span> <span class='ocrx_word' id='word_1_405' title='bbox 667 2859 770 2898; x_wconf 89' lang='lat' dir='ltr'>Plin.</span> <span class='ocrx_word' id='word_1_406' title='bbox 802 2861 883 2898; x_wconf 89' lang='lat' dir='ltr'>nat.</span> <span class='ocrx_word' id='word_1_407' title='bbox 915 2858 1006 2897; x_wconf 90' lang='lat' dir='ltr'>hist.</span> <span class='ocrx_word' id='word_1_408' title='bbox 1040 2858 1135 2896; x_wconf 93' lang='lat' dir='ltr'>XIV</span> <span class='ocrx_word' id='word_1_409' title='bbox 1170 2858 1271 2907; x_wconf 90' lang='grc'>144,</span> <span class='ocrx_word' id='word_1_410' title='bbox 1321 2855 1663 2909; x_wconf 82' lang='grc' dir='ltr'><strong><em>ἀκρατοκώθωνας</em></strong></span> <span class='ocrx_word' id='word_1_411' title='bbox 1707 2858 1867 2894; x_wconf 88' lang='lat' dir='ltr'>auctore</span> 
     </span>
     <span class='ocr_line' id='line_1_45' title="bbox 337 2911 1868 2969; baseline -0.002 -14"><span class='ocrx_word' id='word_1_412' title='bbox 337 2918 538 2967; x_wconf 86' lang='lat' dir='ltr'>Hyperide</span> <span class='ocrx_word' id='word_1_413' title='bbox 594 2920 715 2957; x_wconf 86' lang='lat' dir='ltr'>contr.</span> <span class='ocrx_word' id='word_1_414' title='bbox 753 2918 956 2957; x_wconf 86' lang='lat' dir='ltr'>Demosth.</span> <span class='ocrx_word' id='word_1_415' title='bbox 1004 2917 1047 2955; x_wconf 91' lang='lat' dir='ltr'>in</span> <span class='ocrx_word' id='word_1_416' title='bbox 1094 2917 1171 2955; x_wconf 87' lang='lat' dir='ltr'>fine</span> <span class='ocrx_word' id='word_1_417' title='bbox 1216 2911 1270 2969; x_wconf 89' lang='lat' dir='ltr'>(p.</span> <span class='ocrx_word' id='word_1_418' title='bbox 1303 2918 1356 2955; x_wconf 89' lang='grc'>23</span> <span class='ocrx_word' id='word_1_419' title='bbox 1388 2911 1534 2968; x_wconf 89' lang='lat' dir='ltr'>Blass.)</span> <span class='ocrx_word' id='word_1_420' title='bbox 1585 2915 1868 2954; x_wconf 89' lang='lat' dir='ltr'>Demosthenes</span> 
     </span>
     <span class='ocr_line' id='line_1_46' title="bbox 339 2973 1866 3027; baseline -0.001 -13"><span class='ocrx_word' id='word_1_421' title='bbox 339 2976 651 3017; x_wconf 90' lang='lat' dir='ltr'>adulescentulos</span> <span class='ocrx_word' id='word_1_422' title='bbox 689 2978 880 3027; x_wconf 84' lang='lat' dir='ltr'>quosdam</span> <span class='ocrx_word' id='word_1_423' title='bbox 920 2977 1151 3027; x_wconf 90' lang='lat' dir='ltr'>appellauit.</span> <span class='ocrx_word' id='word_1_424' title='bbox 1216 2974 1319 3015; x_wconf 84' lang='lat' dir='ltr'>Gonf</span> <span class='ocrx_word' id='word_1_425' title='bbox 1345 2976 1493 3016; x_wconf 79' lang='lat' dir='ltr'>Fronto</span> <span class='ocrx_word' id='word_1_426' title='bbox 1524 2989 1562 3026; x_wconf 91' lang='lat' dir='ltr'>p.</span> <span class='ocrx_word' id='word_1_427' title='bbox 1586 2975 1668 3014; x_wconf 88' lang='grc'>205</span> <span class='ocrx_word' id='word_1_428' title='bbox 1702 2976 1798 3013; x_wconf 88' lang='lat' dir='ltr'>extr.</span> <span class='ocrx_word' id='word_1_429' title='bbox 1817 2973 1866 3012; x_wconf 87' lang='lat' dir='ltr'>N.</span> 
     </span>
    </p>
   </div>
  </div>
 </body>
</html>
