2060 3444
820 271 871 306 111
897 283 936 311 u.
962 274 1162 307 129-130.
1699 270 1757 313 63

207 386 326 427 modo
357 385 651 438 intellegendus
677 386 730 425 sit
756 385 835 425 dici
860 398 940 425 non
966 382 1127 437 potest’.
1178 384 1289 425 Haec
1313 383 1607 436 Lachmannus,
1639 398 1758 436 quem

206 447 257 487 de
286 446 411 486 Nonii
442 458 575 486 errore
606 447 649 485 in
680 445 828 485 Lucilii
858 446 1039 486 uersibus
1071 445 1225 484 duobus
1260 446 1471 485 eomm'isso
1507 447 1613 485 recte
1652 445 1757 484 arbi-

206 509 292 548 tror
327 506 516 546 iudicare.
579 506 658 553 Qui
690 519 779 545 cum
824 506 966 545 afferat
997 505 1169 558 Vergilii
1204 518 1244 544 u.
1276 505 1375 544 Aen.
1401 505 1438 544 X
1465 506 1550 546 894
1597 503 1756 545 ‘eiecto-

207 580 284 619 que
314 566 510 606 incumbit
548 579 716 606 cernuus
754 563 894 619 armo',
932 566 1003 605 ubi
1035 565 1198 605 Seruius
1236 566 1408 605 similem
1446 567 1570 617 atque
1601 566 1756 606 Nonius

206 627 419 667 adnotauit
459 628 854 678 interpretationem,
897 627 1003 666 male
1047 626 1145 666 duos
1187 626 1280 665 illos
1321 625 1468 665 Lucilii
1511 638 1670 676 uersuS,
1713 627 1757 665 in

208 687 353 739 quibus
379 699 547 727 cernuus
571 687 812 730 uocabulum
839 687 1013 736 extabat,
1037 688 1081 725 in
1101 686 1270 725 eundem
1288 686 1421 725 locum
1439 685 1605 738 redegit.
1649 686 1757 725 Illud

206 748 381 801 Vergilii
421 748 681 798 uocab'ulum,
726 749 839 787 cuius
884 747 1024 786 dubito
1063 759 1115 785 an
1153 745 1285 785 affinis
1329 747 1384 785 sit
1421 747 1556 798 glossa
1589 746 1690 786 CGL
1715 747 1756 785 II

205 822 244 860 p.
274 810 372 858 100,
398 809 422 846 2
457 808 640 848 cernulus
671 806 946 861 πεταυριστής,
976 807 1096 859 longe
1128 807 1239 845 aliud
1270 808 1331 847 est
1361 808 1483 857 atque
1514 807 1618 846 illud
1649 807 1757 857 quod

206 868 268 908 bis
300 868 438 919 posuit
468 867 667 919 Lucilius3
699 880 943 919 quamquam
974 868 1010 908 si
1033 869 1141 906 recte
1167 867 1421 918 grammatici
1447 867 1650 918 explicant
1675 880 1756 907 cer-

206 942 331 968 nuum
369 940 453 968 esse
492 941 656 980 equum,
693 930 764 979 qui
801 928 910 967 cadit
946 928 989 967 in
1025 927 1170 967 faciem
1207 928 1274 966 uel
1311 927 1382 978 qui
1418 929 1570 967 terram
1608 930 1756 978 cernat,

207 988 350 1029 similis
381 989 430 1028 de
462 1001 574 1029 socco
606 989 671 1028 uel
703 988 848 1037 calceo,
879 989 950 1039 qui
980 989 1132 1027 terram
1163 988 1306 1038 calcat,
1338 988 1552 1039 explicatio
1583 989 1757 1028 admissa

206 1049 313 1088 idem
343 1049 510 1089 uerbum
541 1049 640 1089 duas
670 1061 733 1088 res
765 1049 945 1088 diuersas
977 1048 1223 1101 significasse
1254 1048 1405 1099 poterit
1438 1049 1615 1088 suadere.
1679 1048 1757 1088 Sed

207 1109 313 1160 quod
338 1109 504 1149 Verrius
537 1111 577 1149 et
602 1109 817 1149 Suetonius
847 1110 890 1148 in
922 1109 1026 1149 libro
1051 1107 1140 1163 περὶ
1167 1139 1175 1147 .
1203 1140 1210 1147 .
1238 1139 1247 1148 .
1281 1106 1388 1156 ἰδέας
1419 1106 1659 1161 ἐσθημάτων
1689 1107 1757 1149 καὶ

205 1167 477 1222 ὑποδημάτων
507 1183 626 1221 quem
651 1171 834 1220 sequitur
856 1169 1047 1220 Isidorus,
1077 1181 1158 1208 non
1184 1170 1366 1220 sequitur
1390 1169 1546 1209 Nonius
1573 1163 1755 1224 (Sueten.

204 1242 244 1280 p.
270 1230 369 1269 453.
402 1230 489 1268 454
500 1225 554 1284 R)
587 1242 755 1270 cernuus
786 1230 932 1269 docent
962 1242 1046 1269 esse
1078 1242 1203 1282 genus
1219 1229 1499 1280 calciamenti,
1531 1242 1578 1268 ea
1603 1243 1646 1268 re
1673 1229 1756 1269 effi-

205 1291 311 1330 citur
342 1288 543 1329 Ciceronis
575 1292 706 1330 aetate
738 1290 1024 1342 grammaticos
1055 1290 1255 1330 censuisse
1284 1289 1432 1329 Lucilii
1463 1303 1582 1330 uersu
1606 1303 1755 1330 memo-

204 1351 289 1389 rari
318 1350 626 1390 calciamentum
656 1351 739 1393 tale
771 1352 957 1401 recteque
989 1363 1055 1390 eos
1086 1351 1284 1390 iudicasse
1315 1350 1462 1402 probat
1490 1350 1640 1390 Lucilii
1670 1352 1756 1401 ipse

205 1410 275 1450 ille
306 1423 456 1450 uersus.
505 1411 611 1450 Nam
643 1411 750 1462 quod
777 1412 939 1462 plantas
964 1412 1144 1451 honestas
1169 1412 1196 1450 i.
1223 1424 1255 1450 e.
1281 1411 1469 1461 pulchras
1496 1411 1599 1450 dixit
1622 1413 1756 1462 poeta,

205 1470 249 1510 id
279 1471 527 1511 demonstrat
558 1473 627 1524 agi
657 1472 706 1511 de
736 1472 923 1522 muliere,
960 1484 1040 1511 non
1078 1472 1126 1511 de
1163 1472 1341 1511 masculo
1378 1471 1557 1511 homine:
1596 1485 1677 1523 qua.
1713 1485 1756 1511 re

206 1543 374 1571 cernwus
402 1532 669 1571 masculinum
704 1535 811 1572 stare
848 1534 989 1583 nequit
1025 1533 1106 1572 nisi
1142 1532 1190 1570 de
1229 1532 1361 1571 calceo
1400 1533 1598 1582 accipitur
1635 1532 1756 1571 sicuti

206 1591 275 1630 lib.
300 1591 455 1630 XXVII
478 1606 516 1630 u.
545 1593 629 1631 703
663 1592 745 1631 alia
775 1593 932 1631 ratione
964 1594 1032 1631 uix
1063 1593 1214 1642 poterit
1241 1592 1436 1644 intellegi.
1486 1592 1630 1642 Itaque
1655 1605 1756 1643 copa

206 1651 279 1690 illa
318 1651 480 1701 Syrisca
518 1652 651 1691 media
687 1654 822 1702 nocte,
865 1652 936 1691 ubi
979 1652 1109 1691 audiit
1150 1651 1329 1703 hospites
1374 1653 1756 1703 appropinquantes,

207 1712 380 1751 surrexit
409 1711 458 1751 de
483 1712 587 1751 lecto
613 1714 654 1751 et
678 1713 877 1763 extemplo
904 1724 1040 1752 soccus
1066 1713 1268 1752 conuestit
1292 1712 1480 1763 pulchras
1507 1714 1592 1751 eius
1616 1713 1755 1763 pedes:

207 1773 354 1811 uestire
382 1771 520 1811 eodem
544 1771 663 1812 modo
689 1772 902 1812 adhibetur
925 1772 1021 1812 Hor.
1048 1785 1168 1812 carm.
1188 1772 1231 1811 H
1255 1773 1323 1823 16,
1345 1774 1398 1812 37
1432 1773 1570 1812 quen.
1590 1773 1649 1812 XI
1670 1773 1753 1812 155

207 1831 357 1884 Vergil.
391 1832 514 1884 eclog.
539 1832 599 1872 IV
624 1833 680 1872 45
716 1829 872 1883 ‘sponte
903 1845 976 1873 sua
1007 1833 1161 1883 sandyx
1190 1835 1398 1884 pascentes
1431 1834 1578 1872 uestiet
1613 1830 1753 1885 agnos'

208 1893 447 1943 scripsitque
486 1891 648 1943 Sappho
685 1893 789 1932 illud
826 1888 902 1948 (19
917 1888 971 1948 Β)
1009 1892 1154 1941 πόδας·
1174 1891 1218 1933 δέ
1252 1893 1433 1940 ποικίλος
1471 1893 1622 1945 μάσλης
1664 1892 1755 1933 ἐκά-

207 1955 337 1992 λυπτε.
405 1952 480 1991 Est
516 1965 612 1992 uero
649 1964 817 1992 cernuus
854 1965 978 2005 genus
1016 1954 1138 1993 socci:
1184 1950 1306 1993 ‘socci
1347 1967 1428 1993 non
1465 1954 1647 2006 ligantur
1687 1954 1756 1994 sed

206 2014 367 2052 tantum
390 2010 731 2052 intromittuntur'
753 2008 866 2068 (Isid.
892 2014 918 2052 1.
944 2026 972 2053 s.
1001 2026 1030 2053 s.
1060 2009 1153 2068 12);
1180 2014 1264 2053 solo
1291 2016 1400 2053 caret
1425 2015 1546 2053 sicuti
1571 2014 1756 2053 cothurni

207 2072 314 2112 lanei
345 2074 586 2123 qui-nostra
617 2074 751 2113 aetate
781 2074 923 2125 pedem
955 2074 1098 2114 calceis
1131 2074 1321 2114 distinere
1352 2075 1492 2114 solent.

330 2127 440 2173 130.
465 2133 621 2172 Nonius
647 2142 694 2174 ex
713 2135 977 2186 grammatico
1005 2148 1044 2185 p.
1074 2134 1171 2184 150,
1200 2135 1254 2173 15
1283 2131 1475 2175 ‘Praecox
1501 2137 1541 2174 et
1560 2148 1754 2186 praecoca

209 2192 315 2244 quod
347 2195 408 2233 est
438 2194 654 2233 inmatura.
704 2194 857 2233 Ennius
890 2225 898 2233 .
921 2226 929 2233 .
952 2226 958 2233 .
990 2194 1170 2234 Lucilius
1201 2194 1270 2234 lib.
1296 2195 1360 2234 IH
1393 2192 1587 2234 “anicula
1621 2192 1754 2250 (anni-

208 2253 299 2293 cula
330 2254 404 2293 abii
435 2249 550 2308 codd)
583 2266 725 2304 aspera
756 2256 878 2305 atque
909 2267 1080 2306 praecox
1112 2257 1172 2294 est
1202 2251 1361 2307 fuga''.'
1419 2255 1553 2294 Verba
1582 2256 1675 2295 inde
1705 2255 1755 2295 ab

208 2316 323 2363 atque
366 2313 417 2352 ad
454 2313 648 2354 Varronis
690 2314 815 2354 uerba
850 2315 954 2354 Non.
986 2329 1024 2366 p.
1053 2315 1152 2365 157,
1179 2316 1203 2354 2
1250 2327 1354 2366 quae
1402 2316 1594 2367 leguntur
1639 2313 1766 2355 ‘Gum-

208 2374 367 2424 tempus
398 2375 572 2424 reuocat,
603 2386 650 2413 ea
681 2387 850 2425 praecox
882 2377 943 2415 est
972 2372 1084 2428 fuga'
1119 2370 1212 2430 (sat.
1245 2375 1420 2426 Menipp.
1449 2377 1534 2415 514
1546 2371 1600 2430 Β)
1631 2377 1755 2427 perti-

208 2446 301 2472 nere
334 2435 508 2473 constat:
539 2435 583 2473 in
613 2433 760 2475 Lucilii
790 2448 910 2475 uersu
933 2438 1040 2475 recte
1072 2435 1343 2475 concludendo
1375 2436 1434 2474 nil
1465 2436 1576 2475 deest
1606 2438 1685 2476 nisi
1713 2437 1756 2475 id

210 2493 316 2544 quod
347 2493 386 2532 N
388 2495 502 2533 onius
534 2496 697 2534 enarrat
727 2495 970 2535 uocabulum
993 2508 1185 2545 praecoce:
1224 2493 1430 2535 ‘annicula
1461 2509 1604 2547 aspera
1639 2509 1755 2547 prae-

209 2550 309 2593 cox'.
358 2553 510 2606 Agitur
539 2554 587 2594 de
619 2568 722 2606 equa
754 2556 941 2595 annicula
972 2557 998 2595 i.
1026 2570 1057 2595 e.
1086 2557 1206 2595 unius
1232 2556 1344 2595 anni:
1377 2555 1484 2606 quod
1509 2557 1755 2596 adiectiuum

210 2626 299 2652 cum
332 2614 438 2665 apud
474 2614 670 2665 pedestris
708 2617 900 2656 sermonis
938 2617 1152 2667 scriptores
1190 2617 1424 2667 saepissime
1461 2619 1606 2666 exstet,
1647 2617 1755 2667 apud

210 2675 350 2723 poetas
381 2674 521 2713 dubito
553 2687 605 2714 an
634 2677 918 2726 praeterquam
948 2677 991 2715 in
1021 2677 1096 2716 hoc
1127 2689 1247 2716 uersu
1278 2675 1426 2716 Lucilii
1459 2690 1657 2727 nusquam
1694 2678 1754 2716 in-

210 2734 408 2772 ueniatur.
457 2734 597 2774 Veluti
620 2735 750 2774 Varro
775 2748 851 2774 rer.
882 2738 981 2775 rust.
1006 2736 1048 2775 H
1075 2738 1112 2786 7,
1142 2738 1194 2776 12
1222 2736 1271 2776 de
1297 2738 1408 2788 equis
1435 2733 1647 2776 ‘anniculis
1672 2737 1754 2776 iam

184 2834 187 2838 ,
210 2790 357 2843 factis’,
382 2794 526 2845 inquit,
553 2791 745 2834 ‘dandum
770 2795 962 2835 hordeum
988 2799 1028 2835 et
1051 2794 1255 2847 furfures'3
1282 2795 1488 2836 Columell.
1509 2797 1567 2835 VI
1589 2798 1641 2836 37
1656 2799 1753 2836 extr.

214 2850 417 2893 ‘annicula
453 2854 564 2893 mula
600 2856 708 2894 recte
751 2868 775 2894 a
818 2857 947 2895 matre
989 2853 1218 2907 depellitur'
1255 2853 1331 2912 (=
1351 2856 1505 2896 Pallad.
1530 2857 1590 2895 IV
1619 2859 1685 2907 14,
1706 2852 1753 2912 4)

211 2913 340 2952 Varro
376 2927 451 2954 rer.
488 2916 587 2954 rust.
612 2915 655 2953 II
681 2915 720 2965 5,
748 2917 801 2955 12
849 2913 989 2955 ‘habeo
1033 2919 1172 2956 tauros
1211 2949 1219 2957 .
1254 2948 1261 2955 .
1297 2948 1304 2955 .
1341 2930 1466 2956 unum
1510 2917 1753 2968 anniculum,

126 2972 129 2973 ⁷
212 2974 382 3012 alterum
413 2971 594 3013 bimum’.
643 2975 747 3014 Item
778 2987 896 3024 asper
924 2976 1166 3016 uocabulum
1197 2977 1452 3028 aptissimum
1484 2979 1545 3016 est
1574 2979 1753 3017 iumento

211 3033 426 3074 indomito:
464 3033 533 3073 Sil.
559 3034 622 3073 HI
648 3035 732 3074 387
773 3033 947 3087 ‘sonipes
982 3068 988 3075 .
1020 3069 1026 3075 .
1059 3069 1066 3076 .
1100 3049 1215 3088 asper
1251 3037 1365 3076 frena
1402 3039 1490 3088 pati
1528 3039 1600 3077 aut
1635 3038 1753 3078 iussis
