2060 3444
834 261 987 297 xxvm
1012 273 1048 297 u.
1077 264 1277 297 πει-782.
1738 260 1826 302 275

280 387 397 414 sensu
428 375 527 426 poni.
556 375 676 414 sicuti
706 376 927 414 submittere
958 374 1239 415 adnotauimus
1272 374 1322 414 ad
1348 374 1415 413 lib.
1442 375 1497 413 lX
1525 388 1561 413 u.
1585 375 1669 413 335
1698 387 1824 425 neque

237 466 239 468 .
279 437 415 475 tamen
444 434 520 474 hoc
550 435 637 475 loco
668 434 711 474 id
742 447 815 475 usu
846 436 983 474 uenire
1015 435 1200 474 arbitror.

402 489 510 535 78⁰.
543 495 697 534 Nonius
729 508 766 545 p.
789 495 886 545 275,
915 495 939 534 8
975 492 1171 544 ‘Credere‚
1202 494 1295 534 fidei
1329 496 1589 534 committere.
1647 495 1824 534 Lucilius

279 554 345 594 lib.
366 554 539 594 XXVIII
561 551 720 594 “uitam
747 586 755 594 .
778 586 785 594 .
807 586 814 594 .
842 551 1011 595 meas”.’
1063 555 1281 594 Menander
1301 554 1413 593 OAF
1433 554 1495 593 III
1514 568 1552 605 p.
1576 555 1673 604 169,
1695 555 1825 593 554K

278 613 353 654 οὐκ
383 612 427 654 ἐκ
458 614 590 655 πότων
621 613 687 655 καὶ
710 620 788 667 «τῆς
819 609 912 654 καθ’
939 612 1090 668 ἡμέραν
1115 620 1271 667 τρυφῆς
1297 615 1488 667 ζητοῦμεν
1514 605 1544 669 ᾧ
1566 613 1826 666 πιστεύσομεν

279 673 324 715 τὰ
356 680 426 715 τοῦ
458 674 565 728 βίου,
596 674 734 728 aeirem
767 674 815 715 οὐ
847 674 1026 728 περιττὸν
1059 670 1146 715 οἴετ’
1180 672 1430 727 ἐξευρηκέναι
1461 672 1620 728 ἀγαθὸν
1651 672 1826 724 ἕκαστος,

277 732 328 774 ἂν
359 733 427 791 ἔχῃ
459 735 578 786 φίλου
610 735 745 781 σκιάν;
785 735 872 782 Quo
909 737 995 775 loco
1034 735 1082 774 de
1119 737 1248 776 amico
1279 736 1415 788 agitur
1445 747 1558 774 uero:
1599 735 1647 774 de
1681 736 1825 774 marito

278 794 407 834 Plaut.
434 795 552 835 Mero.
583 797 667 835 700
701 793 791 835 ‘tali
823 796 909 835 uiro
942 808 1044 846 quae
1076 796 1280 847 nupserim
1307 826 1314 834 .
1336 826 1344 835 .
1367 827 1376 834 .
1402 809 1464 835 em
1489 796 1586 846 quoi
1616 797 1658 834 te
1690 797 1730 835 et
1754 797 1826 834 tua

279 868 382 906 quae
413 858 461 895 tu
491 855 639 896 habeas
672 856 920 896 commendes
951 853 1076 907 uiro'3
1107 855 1156 895 de
1186 855 1430 906 reipublicae
1456 855 1554 895 duce
1581 857 1622 895 et
1646 857 1826 906 principe

279 915 418 966 Polyb.
444 916 522 955 ΧΠ
551 919 618 966 13,
646 918 669 955 6
704 915 765 956 διὸ
798 914 864 956 καὶ
890 916 1005 956 δοκεῖ
1025 931 1090 969 μοι
1124 916 1287 968 Τίμαιος
1312 914 1384 968 οὐχ
1410 915 1536 964 οὕτως
1563 915 1826 969 Δημοχάρους

278 979 510 1030 κατηγορεῖν
543 973 597 1024 ὡς
624 972 868 1028 Ἀθηναίων,
900 975 936 1016 εἰ
966 982 1148 1016 τοιοῦτον
1179 973 1307 1029 ἄνδρα
1338 982 1517 1030 προῆγον
1551 974 1618 1016 καὶ
1658 976 1826 1032 τοιούτῳ

278 1034 351 1088 τὴν
391 1036 561 1089 πατρίδα
596 1035 664 1076 καὶ
702 1036 794 1085 τοὺς
833 1036 962 1085 ἰδίους
999 1037 1113 1090 βίους
1160 1035 1401 1090 ἐνεχείριζον.
1471 1036 1552 1076 Cic.
1583 1036 1624 1075 in
1656 1037 1770 1076 Verr.
1789 1036 1827 1075 V

281 1097 319 1146 6,
348 1097 402 1136 13
437 1094 553 1147 ‘quae
580 1097 631 1136 ad
656 1097 785 1137 uitam
811 1099 851 1136 et
877 1097 926 1136 ad
953 1098 1134 1137 fortunas
1161 1097 1338 1137 omnium
1363 1094 1625 1147 pertinerent'
1653 1097 1826 1148 Philipp.

278 1155 357 1196 VH
385 1159 423 1206 9,
451 1158 503 1196 27
535 1154 636 1196 ‘uita
662 1160 702 1196 et
726 1158 911 1198 fortunae
937 1158 1080 1208 optimi
1106 1154 1329 1208 cuiusque'.
1379 1156 1599 1208 Suspieeris
1619 1157 1826 1196 mulierem

279 1218 403 1268 loqui.

401 1271 510 1318 781.
555 1277 709 1318 Nonius
752 1292 790 1329 p.
821 1280 923 1328 121,
959 1280 981 1317 7
1030 1275 1245 1328 ‘Hornum,
1295 1278 1421 1329 ipsius
1466 1278 1571 1317 anni.
1647 1278 1827 1317 Lucilius

277 1337 345 1376 lib.
371 1337 546 1377 XXVIII
579 1334 746 1378 “utrum
777 1351 882 1378 anno
915 1352 966 1379 an
997 1339 1125 1378 horno
1157 1341 1191 1377 te
1217 1339 1424 1378 abstuleris
1451 1351 1474 1377 a
1500 1334 1651 1377 uiro'’.'
1709 1350 1827 1384 amno,

277 1398 534 1438 antecedente
568 1410 671 1438 anno
703 1398 956 1438 Plautinum:
988 1398 1188 1450 Amphitr.
1218 1400 1269 1438 91
1302 1395 1439 1438 ‘etiam
1463 1399 1690 1448 histriones,
1723 1411 1827 1438 anno

277 1471 367 1498 cum
385 1460 427 1497 in
447 1458 679 1509 proscaenio
698 1459 763 1498 hic
781 1459 919 1499 Iouem
937 1461 1190 1508 inuocarunt,
1210 1455 1337 1498 uenit'
1358 1459 1560 1498 Menaech.
1583 1460 1667 1498 205
1688 1456 1828 1504 ‘Quat-

276 1520 369 1558 tuor
393 1519 512 1558 minis
538 1531 611 1571 ego
637 1520 767 1559 istanc
787 1532 891 1558 anno
911 1521 989 1558 emi
1014 1521 1130 1559 uxori
1149 1516 1289 1559 meae'.
1323 1522 1357 1559 te
1379 1519 1616 1559 abstmueris
1636 1518 1828 1571 Scaliger,

278 1578 419 1618 melius
449 1581 508 1619 est
534 1579 642 1629 quod
666 1579 945 1619 Lachmannus
972 1580 1119 1619 conicit
1142 1591 1206 1619 res
1230 1580 1450 1629 abstuleris,
1482 1581 1528 1618 ut
1552 1579 1600 1618 de
1625 1578 1828 1630 Hymnide

277 1638 456 1679 Lucilius
490 1635 612 1690 ‘quod
642 1640 688 1678 tu
721 1639 770 1679 ab
802 1640 942 1679 insano
972 1636 1144 1680 auferas’
1171 1639 1303 1678 XXIX
1329 1653 1366 1678 u.
1388 1640 1494 1679 894:
1526 1641 1596 1678 tete
1621 1639 1829 1679 abstuleris

278 1698 505 1739 Muellerus.
555 1701 676 1738 tecum
702 1701 860 1750 scripsi:
888 1699 967 1739 Cic.
993 1713 1066 1751 pro
1091 1699 1176 1738 Mil.
1199 1700 1252 1738 63
1282 1696 1428 1739 ‘secum
1457 1700 1631 1739 auferret
1657 1699 1826 1751 gloriam

279 1756 578 1810 sempiternam'
615 1760 668 1798 95
704 1757 873 1799 ‘uestras
900 1790 908 1799 .
931 1791 937 1798 .
960 1792 968 1799 .
995 1761 1311 1810 occursationes,
1344 1759 1496 1810 studia,
1529 1772 1729 1799 sermones
1757 1790 1765 1798 .
1787 1791 1795 1798 .
1818 1790 1825 1798 .

278 1830 319 1858 se
351 1831 485 1860 secum
516 1819 745 1859 ablaturum
777 1833 861 1860 esse
892 1817 1020 1859 dicit'.

401 1874 510 1920 782.
543 1879 697 1920 Nonius
729 1895 767 1931 p.
789 1881 888 1930 506,
915 1881 969 1920 22
1005 1877 1075 1920 ‘Es
1105 1893 1178 1932 pro
1208 1882 1304 1920 esto.
1359 1880 1539 1920 Lucilius
1564 1879 1632 1920 lib.
1651 1879 1828 1919 XXVIII

280 1936 439 1980 “coicite
475 1941 581 1979 intro
619 1953 666 1979 ac
702 1940 807 1980 bono
844 1942 978 1980 animo
1017 1937 1118 1980 es''.’
1186 1940 1324 1981 O'om'ce
1366 1943 1399 1980 te
1436 1942 1590 1980 ueteres
1617 1940 1828 1980 editiones:

279 2000 412 2039 coicito‘
446 2002 480 2039 te
515 1999 794 2040 Lachmannus
833 2000 885 2040 ad
921 2001 1078 2041 Lucret.
1110 2015 1147 2051 p.
1179 2002 1283 2040 136:
1319 2014 1448 2051 neque
1487 2002 1623 2040 tamen
1663 1997 1719 2039 ‘es
1749 2012 1828 2049 pro

278 2056 370 2100 esto'
409 2060 596 2100 lemmate
639 2060 763 2100 Nonii
804 2061 998 2108 adductus
1037 2062 1192 2101 statuas
1230 2061 1335 2101 hunc
1378 2062 1662 2112 imperatiuum
1700 2060 1828 2099 futuri

278 2121 439 2160 restitui
483 2121 683 2171 oportere,
727 2134 816 2161 cum
862 2134 910 2160 ne
952 2122 991 2160 in
1036 2122 1247 2173 Pomponii
1293 2121 1454 2172 quidem
1498 2121 1677 2172 exemplo
1722 2120 1827 2171 quod

278 2182 459 2231 sequitur
490 2180 597 2231 apud
627 2181 805 2220 Nonium
837 2183 1053 2232 quicqua-m
1084 2181 1260 2221 uoluerit
1300 2181 1498 2232 explicare
1530 2182 1828 2233 grammaticus,

278 2241 358 2280 nisi
397 2252 437 2280 es
473 2241 758 2292 imperatiuum
800 2253 902 2291 csse,
940 2255 1020 2281 non
1051 2242 1330 2290 indicatiuum.
1394 2241 1508 2288 Quod
1539 2241 1754 2281 Muellerus
1786 2242 1828 2280 in

279 2301 373 2340 edit.
405 2300 530 2340 Nonii
572 2301 728 2353 relegat
769 2302 960 2341 lectorem
1004 2301 1055 2341 ad
1102 2301 1308 2354 Spengelii
1351 2301 1652 2341 adnotationem
1695 2301 1827 2340 Plaut.

280 2361 438 2400 Trucul.
465 2360 501 2397 V
529 2361 604 2410 22,
634 2361 677 2400 id
713 2363 845 2402 minus
883 2363 1059 2413 pertinet
1095 2362 1147 2401 ad
1177 2375 1279 2401 rem:
1316 2374 1410 2401 nam
1448 2374 1550 2412 quae
1591 2361 1828 2413 Spengelius

280 2420 304 2459 l.
325 2432 354 2459 s.
381 2422 421 2460 et
451 2420 665 2460 Lorenzius
698 2421 749 2460 ad
780 2421 918 2461 Pseud.
948 2422 1032 2460 626
1067 2422 1231 2473 collegit
1269 2422 1468 2473 exempla,
1508 2421 1549 2459 in
1589 2422 1645 2460 eis
1677 2423 1724 2460 ut
1755 2434 1829 2472 par

281 2482 341 2519 est
372 2482 555 2531 sequitur
584 2482 847 2531 imperatiuus
878 2483 1019 2532 futuri,
1051 2481 1251 2522 antecedit
1291 2482 1556 2533 imperatiuus
1587 2482 1827 2532 praesentis:

280 2539 350 2579 ubi
397 2541 558 2581 inuerso
609 2541 747 2581 ordine
796 2543 1023 2593 temporum
1073 2542 1303 2593 imperatiui
1362 2543 1486 2593 positi
1536 2543 1648 2590 sunt,
1700 2541 1828 2580 ueluti

282 2600 442 2641 Mercat.
472 2602 556 2640 770
588 2595 728 2655 (quem
759 2602 891 2642 locum
923 2602 1042 2644 affert,
1063 2602 1255 2642 Holtzeus
1288 2602 1335 2641 de
1362 2602 1523 2652 syntaxi
1547 2603 1664 2652 prisc.
1691 2601 1827 2651 script.

281 2659 411 2700 Latin.
443 2660 485 2699 H
516 2674 554 2711 p.
585 2655 688 2715 136)
729 2658 832 2701 ‘eras
869 2663 1016 2713 petito:
1060 2662 1232 2703 dabitur.
1301 2674 1405 2701 nunc
1450 2659 1530 2701 abi’
1577 2660 1668 2700 uide
1708 2673 1827 2712 quam

282 2721 465 2760 accurate
506 2722 627 2771 poeta
670 2721 888 2761 secundum
931 2722 1122 2761 aduerbia
1166 2722 1351 2773 adposita
1399 2723 1593 2772 temporis
1643 2721 1828 2760 habuerit

280 2781 488 2820 rationem.
538 2779 708 2820 Locutio
734 2784 894 2832 sumpta
919 2784 979 2821 est
1004 2795 1050 2821 ex
1078 2795 1256 2821 sermone
1282 2782 1459 2821 Terentii
1484 2783 1554 2831 qui
1572 2781 1718 2820 Heaut.
1742 2782 1825 2819 276

283 2836 410 2879 ‘Anus
442 2839 636 2890 quaedam
668 2840 821 2891 prodit,
858 2841 955 2881 haec
995 2841 1064 2880 ubi
1105 2843 1236 2892 aperit
1266 2843 1427 2890 ostium,
1460 2841 1658 2879 Continuo
1692 2839 1755 2880 hic
1787 2853 1826 2879 se

282 2898 451 2939 coniecit
481 2900 600 2948 intro,
632 2912 706 2950 ego
737 2898 986 2950 consequor'.
1047 2900 1333 2952 Fragmentum
1372 2903 1432 2939 est
1469 2902 1540 2939 aut
1579 2899 1726 2938 senarii
1758 2903 1828 2938 aut

282 2959 499 3010 septenarii
542 2971 635 3010 pars
681 2960 808 2999 altera
851 2963 940 3010 post
984 2972 1207 2999 caesuram:
1252 2973 1344 2999 nam
1390 2961 1486 2998 bono
1530 2960 1662 2999 animo
1707 2973 1745 2997 es
1787 2960 1827 2998 in

283 3020 392 3059 exitu
423 3019 571 3059 senarii
595 3020 693 3058 item
718 3019 1019 3059 Terentianum:
1046 3019 1203 3060 Phorm.
1232 3022 1316 3059 965
1352 3017 1412 3059 ‘at
1435 3032 1575 3059 uereor
1604 3022 1650 3058 ut
1675 3020 1828 3071 placari

1469 3086 1539 3121 18*
