2060 3444
264 257 352 299 222
828 255 947 292 XXVI
971 268 1006 291 u.
1034 259 1232 296 592—596.

265 369 524 408 Consentinos
564 369 800 408 Tarentinos
841 368 993 408 Siculos
1037 370 1296 421 semigraecos
1336 369 1401 408 uel
1439 369 1608 410 Graecos
1650 371 1800 421 positos

263 441 346 468 esse
376 441 449 478 pro
489 428 715 467 hominibus
753 430 945 467 sermonis
977 428 1113 467 Latini
1143 442 1286 479 parum
1317 431 1451 481 gnaris
1490 433 1595 469 recte
1634 430 1801 469 adnotat

262 488 489 539 Maduigius
521 488 573 526 ad
605 487 682 527 Cic.
709 488 756 527 de
787 488 852 526 fin.
878 489 902 526 1.
923 501 953 527 s.
973 501 1002 527 s.
1028 489 1123 527 conf
1161 487 1238 527 Cic.
1271 489 1392 527 diuin.
1419 490 1461 527 in
1488 489 1598 529 Caec.
1629 492 1696 539 12,
1723 491 1800 530 39:

263 549 508 598 propinquus
546 549 680 586 tamen
718 548 780 586 his
819 549 905 586 erat
944 549 1101 598 populis
1140 550 1258 598 poeta
1295 550 1457 598 propter
1498 549 1661 600 praedia
1699 562 1800 599 quae

263 607 404 646 habuit
446 609 487 645 in
534 606 672 645 Sicilia
710 606 820 661 (uide
852 607 903 645 ad
940 621 976 646 u.
1011 602 1127 661 667).
1197 607 1333 647 Cicero
1373 609 1469 647 satis
1508 608 1672 658 superbe
1711 621 1799 648 con-

262 668 427 717 tempsit
457 666 604 705 Lucilii
634 667 887 706 modestiam:
920 669 1058 706 contra
1084 667 1218 706 decem
1243 669 1356 706 annis
1383 669 1474 706 ante
1499 669 1542 706 in
1567 668 1797 718 prohoemio

262 726 454 765 librorum
485 727 533 765 de
563 727 767 776 republica
805 729 906 765 teste
937 726 1068 765 Plinio
1100 728 1223 765 simili
1252 739 1346 766 usus
1378 729 1464 766 erat
1492 727 1686 766 modestia
1719 740 1799 778 qua

263 786 459 835 Lucilius,
505 799 621 836 quem
664 786 932 836 compluribus
975 786 1154 825 uersibus
1197 786 1244 825 de
1285 787 1497 826 lectoribus
1544 789 1625 826 suis
1674 789 1799 838 egisse

264 847 441 896 apparet.
498 846 617 896 Apud
644 845 818 884 Plinium
845 858 980 885 uersus
1006 846 1151 885 Lucilii
1177 847 1354 897 corrupti
1379 847 1488 885 sunt:
1516 848 1558 885 in
1584 848 1800 897 posteriore

263 918 380 944 uersu
413 905 521 945 deest
552 905 707 955 syllaba
737 906 867 955 initio,
899 907 1043 956 prioris
1074 918 1210 945 uersus
1242 907 1369 946 exitus
1394 908 1591 957 repugnat
1615 908 1799 946 numeris.

263 964 388 1010 Quem
421 965 630 1004 emendaui
659 965 803 1004 leniter
834 965 1004 1004 traditas
1036 978 1184 1017 augens
1209 967 1382 1005 litteras:
1414 967 1531 1004 sicuti
1563 967 1800 1005 sescentiens

263 1037 336 1075 pro
367 1025 493 1064 lucius
523 1026 784 1063 restituerunt
815 1025 989 1071 lucilius,
1025 1026 1085 1064 ita
1115 1038 1187 1075 pro
1218 1027 1393 1064 manium
1426 1027 1541 1075 posui
1572 1026 1799 1064 Manilium.

262 1084 314 1123 M.
334 1084 546 1123 Manilium
575 1097 650 1124 cos.
680 1082 876 1138 605s149
910 1085 957 1123 de
983 1098 1062 1135 quo
1089 1083 1242 1124 Gellius
1267 1085 1383 1123 XVII
1411 1086 1447 1134 7,
1475 1086 1499 1124 3
1529 1082 1587 1132 ‘Q.
1610 1085 1800 1124 Scaeuola

262 1145 419 1195 patrem
463 1158 577 1184 suum
622 1146 661 1182 et
703 1145 873 1183 Brutum
916 1146 956 1183 et
998 1145 1226 1194 Manilium,
1278 1146 1385 1184 uiros
1429 1145 1606 1194 adprime
1650 1145 1799 1195 doctos,

263 1205 462 1254 quaesisse
494 1201 567 1243 ait'
595 1217 626 1242 e.
647 1218 683 1254 q.
705 1217 733 1243 s.
765 1204 925 1242 uidetur
955 1205 1159 1243 nominare
1200 1206 1339 1255 poeta,
1379 1204 1596 1243 Aemiliani
1626 1206 1797 1244 amicum

263 1259 362 1318 (Cic.
390 1264 437 1302 de
462 1276 543 1314 rep.
563 1264 583 1302 I
606 1264 659 1302 18
681 1266 776 1303 extr.
797 1263 1087 1303 Hirschfeldius
1108 1263 1330 1314 Sitzungsb.
1351 1263 1386 1302 d.
1407 1263 1510 1302 Berl.
1530 1263 1656 1302 Akad.
1682 1265 1792 1303 1903

262 1337 299 1373 p.
325 1318 386 1377 1):
413 1336 653 1374 quamquam
673 1323 917 1374 probabilius
937 1326 1008 1373 est,
1030 1325 1211 1374 ignotum
1230 1323 1428 1362 hominem
1448 1336 1531 1362 esse
1551 1324 1798 1374 appellatum

263 1395 287 1421 a
318 1382 472 1421 Lucilio
510 1383 617 1433 ideo,
655 1383 761 1433 quod
799 1384 882 1422 eius
919 1395 1060 1422 nomen
1094 1382 1230 1421 Cicero
1266 1383 1313 1421 de
1345 1382 1409 1421 fin.
1436 1383 1460 1420 l.
1488 1395 1516 1421 s.
1549 1395 1627 1422 non
1659 1383 1799 1422 attulit

262 1444 368 1480 inter
398 1442 525 1482 Persii
554 1443 700 1480 Rutilii
725 1441 922 1492 Scipionis
948 1443 1120 1481 nomina.
1177 1442 1224 1480 D.
1251 1441 1410 1482 Laelius
1443 1443 1530 1492 quis
1556 1442 1688 1493 fuerit,
1719 1455 1798 1481 non

263 1503 429 1541 constat.
499 1501 612 1547 Quod
643 1501 690 1540 D.
711 1501 891 1541 Laelium
930 1502 1126 1552 quendam
1163 1501 1295 1541 Valer.
1328 1502 1430 1540 Max.
1456 1502 1515 1540 IV
1543 1503 1583 1548 7,
1620 1503 1641 1540 7
1685 1503 1799 1552 ponit

262 1562 485 1612 exemplum
523 1562 641 1600 amici
674 1563 835 1613 egregii,
872 1562 930 1600 nil
968 1561 1018 1600 ad
1055 1575 1154 1611 rem,
1188 1574 1278 1600 nam
1312 1574 1460 1600 errasse
1493 1574 1582 1600 eum
1612 1561 1653 1599 in
1685 1574 1798 1612 prae-

263 1622 422 1660 nomine
455 1622 666 1672 suspiceris
698 1621 785 1660 coll.
811 1621 965 1660 Velleio
991 1621 1031 1659 II
1061 1622 1155 1660 127.
1218 1621 1277 1660 De
1317 1621 1433 1659 Iunio
1466 1620 1600 1672 Congo
1631 1621 1799 1660 Rothius

261 1681 361 1720 Mus.
400 1681 523 1720 Rhen.
557 1681 654 1719 Vm
689 1681 801 1720 1853
841 1695 878 1732 p.
906 1681 990 1719 615
1033 1682 1125 1732 egit.
1194 1681 1390 1720 Antonius
1429 1682 1534 1719 8111111
1571 1682 1705 1720 orator
1736 1694 1797 1731 ap.

265 1740 343 1780 Cic.
371 1740 419 1779 de
445 1742 543 1780 orat.
570 1740 590 1778 I
618 1741 700 1780 256
731 1738 900 1791 ‘reliqua
925 1752 1018 1779 uero
1047 1772 1053 1778 .
1077 1772 1083 1778 .
1107 1770 1114 1778 .
1134 1740 1343 1779 historiam
1370 1740 1456 1779 dico
1483 1742 1523 1779 et
1546 1740 1799 1791 prudentiam

261 1802 360 1839 iuris
403 1800 555 1851 publici
597 1803 637 1839 et
680 1801 934 1850 antiquitatis
977 1801 1115 1839 literas
1158 1794 1255 1854 (iter
1297 1794 1413 1854 codd)
1455 1802 1495 1838 et
1532 1800 1798 1851 exemplorum

263 1861 437 1910 copiam,
481 1861 515 1899 si
558 1859 728 1910 quando.
754 1873 853 1910 opus
890 1861 986 1909 erit,
1017 1872 1041 1899 a
1078 1861 1165 1899 uiro
1203 1859 1354 1910 optimo
1391 1861 1432 1898 et
1467 1860 1555 1898 istis
1592 1859 1708 1898 rebus
1738 1861 1797 1899 111-

262 1920 525 1959 structissimo
557 1919 747 1958 familiari
778 1933 865 1958 meo
900 1919 1034 1971 Congo
1065 1916 1291 1958 mutuabor’
1325 1919 1394 1957 ubi
1425 1920 1534 1967 lareyo
1567 1919 1686 1968 codd,
1729 1919 1797 1958 sed

262 1980 295 2019 is
327 1981 397 2029 qui
422 1979 708 2030 Erlangensem
741 1980 942 2029 suppleuit
973 1978 1159 2018 librarius
1191 1980 1351 2029 scripsit
1375 1990 1500 2027 conoe,
1534 1978 1637 2017 unde
1668 1978 1797 2028 Conyo

262 2041 367 2078 recte
399 2038 581 2077 editores.
637 2039 754 2077 Anno
782 2039 865 2077 663
870 2035 891 2090 s
895 2040 946 2077 91
982 2039 1108 2089 igitur
1131 2038 1265 2076 floruit
1292 2040 1394 2076 teste
1422 2037 1605 2076 Cicerone
1641 2038 1797 2090 Congus

262 2098 482 2137 studiorum
507 2097 623 2136 laude
650 2099 691 2136 et
715 2098 860 2149 gloria:
892 2110 996 2136 anno
1025 2094 1191 2149 700s54
1216 2099 1398 2137 mortuus
1424 2099 1510 2136 erat
1535 2099 1635 2136 teste
1660 2098 1794 2136 eodem

261 2170 333 2208 pro
365 2157 497 2196 Planc.
527 2158 580 2197 58
615 2154 675 2196 ‘In
709 2162 799 2207 quo,
832 2156 954 2206 Cassi,
992 2158 1026 2196 si
1056 2157 1133 2195 tibi
1162 2158 1221 2195 ita
1251 2156 1521 2207 respondeam,
1554 2157 1724 2195 nescisse
1755 2157 1796 2195 id
1855 2175 1859 2178 ·

261 2217 453 2268 populum
479 2217 712 2267 Romanum,
738 2230 864 2267 neque
890 2217 1022 2266 fuisse,
1047 2218 1118 2267 qui
1139 2216 1181 2255 id
1207 2217 1320 2256 nobis
1345 2218 1537 2266 narraret,
1562 2217 1795 2267 praesertim

262 2279 418 2316 mortuo
452 2275 598 2328 Congo,
638 2289 735 2326 non,
766 2278 811 2315 ut
842 2278 1000 2327 opinor,
1032 2276 1244 2326 admirere,
1274 2289 1363 2315 cum
1396 2289 1468 2327 ego
1500 2277 1585 2326 ipse
1616 2288 1696 2315 non
1727 2276 1795 2314 ab·

261 2337 424 2375 horrens
468 2349 492 2375 a
535 2336 666 2375 studio
709 2337 963 2387 antiquitatis
994 2349 1056 2375 me
1086 2336 1150 2375 hic
1186 2336 1230 2374 id
1266 2348 1313 2374 ex
1349 2338 1388 2374 te
1426 2336 1598 2386 primum
1639 2335 1796 2374 audisse

262 2394 465 2435 confitear'
499 2395 567 2435 ubi
599 2397 696 2445 long).
721 2397 787 2435 uel
818 2397 928 2446 lonae
958 2396 1069 2446 codd,
1100 2396 1168 2435 sed
1200 2407 1312 2434 conco
1344 2408 1486 2434 nomen
1516 2395 1577 2434 bis
1603 2396 1795 2446 scriptum

261 2458 300 2494 in
343 2456 462 2495 schol.
483 2455 580 2494 Bob.
607 2468 641 2494 a.
667 2456 705 2495 h.
731 2457 756 2495 l.
781 2470 819 2506 p.
849 2456 932 2495 264
976 2454 1040 2494 Or.
1081 2452 1215 2505 ‘atque
1258 2454 1346 2494 ideo
1389 2454 1630 2493 mentionem
1674 2453 1795 2494 Conci

261 2516 420 2554 uidetur
455 2517 757 2566 interposuisse,
795 2513 946 2566 qui<a>
984 2528 1055 2565 per
1091 2515 1192 2553 illud
1222 2516 1378 2564 tempus
1410 2514 1646 2563 decesserat,
1676 2514 1795 2553 homo

262 2576 439 2614 curiosus
489 2577 529 2613 et
581 2575 750 2627 diligens
794 2575 988 2614 eruendae
1031 2574 1257 2613 uetustatis.
1324 2573 1430 2612 Nam
1465 2570 1692 2612 historicus’

261 2635 417 2685 reliqua
442 2634 596 2684 desunt,
619 2634 880 2685 supplendum
906 2636 966 2673 est
985 2635 1120 2684 aperte
1137 2635 1217 2683 fuit
1236 2633 1386 2673 Comus
1405 2633 1563 2671 similia.
1614 2632 1793 2684 Congum

261 2694 378 2733 modo
398 2694 619 2744 decessisse,
643 2699 731 2732 cum
752 2692 886 2733 Cicero
911 2707 984 2744 pro
1004 2693 1167 2732 Plancio
1187 2693 1346 2742 diceret,
1371 2693 1429 2731 nil
1453 2693 1531 2731 nisi
1556 2693 1793 2732 scholiastae

262 2756 322 2793 est
347 2754 536 2804 suspicio:
568 2753 782 2792 admodum
805 2753 1009 2804 probabile
1035 2755 1095 2791 est
1118 2753 1278 2791 Iunium
1305 2751 1483 2803 Congum
1507 2752 1623 2790 illum
1648 2751 1794 2791 Lucilii

263 2813 426 2852 eundem
454 2826 536 2852 esse
561 2814 773 2863 hominem,
799 2813 888 2852 ideo
912 2813 1006 2862 quia
1025 2825 1242 2864 cognomen
1261 2813 1438 2851 omnium
1457 2813 1518 2850 est
1535 2812 1790 2851 rarissimum.

227 2898 233 2902 -
263 2872 411 2918 Quodsi
458 2886 598 2911 uerum
649 2875 726 2922 est,
775 2885 878 2911 anno
929 2873 1012 2911 623
1018 2868 1164 2926 s131,¹
1194 2884 1272 2922 quo
1323 2872 1403 2910 fere
1449 2873 1626 2922 tempore
1669 2871 1792 2910 libros

263 2931 562 2970 XXVI—XXX
599 2933 758 2982 scripsit
793 2931 990 2982 Lucilius,
1027 2931 1344 2970 adulescentulus
1381 2931 1450 2969 ille
1490 2931 1577 2969 erat
1608 2931 1688 2969 fere
1719 2930 1791 2968 XX

264 3003 468 3040 annorum,
493 2992 683 3030 historiae
709 2993 749 3030 et
774 2992 1028 3041 antiquitatis
1053 2991 1266 3040 studiosus,
1290 3003 1417 3040 neque
1435 2992 1570 3029 tamen
1589 2989 1790 3028 doetrinae
