2060 3444
293 253 381 299 354
790 252 920 290 incert.
947 251 1025 290 sed.
1050 266 1086 288 u.
1117 254 1363 288 1113-1119.

293 369 429 407 dicunt
454 368 671 418 oportebat.
715 366 835 406 Libro
854 367 917 405 III
941 366 1085 405 tribuit
1102 366 1318 417 Vargesius
1344 365 1392 405 de
1417 365 1517 405 libro
1537 365 1599 404 III
1621 380 1658 417 p.
1682 368 1748 405 11.
1771 367 1826 405 24

293 429 359 478 qui
397 428 501 466 male
539 426 714 466 defendit
758 427 966 466 lectionem
1009 424 1162 479 ἄγκυρα
1205 427 1248 464 111
1291 438 1410 465 1101311
1446 425 1609 475 Lucilii,
1653 426 1826 464 Nonium

292 500 441 526 errasse
466 489 611 526 statuit
635 487 675 524 in
706 487 981 536 explicatione,
1014 487 1219 536 comparat
1243 485 1395 537 Vergil.
1421 485 1520 524 Aen.
1540 485 1598 524 IV
1619 485 1703 524 575
1718 497 1826 535 seqq.

293 547 460 586 Clauum
497 547 656 586 uidetur
692 546 909 597 perdidisse
949 548 1114 596 ruptum
1156 545 1349 595 procella,
1393 547 1640 583 armamenta
1683 545 1827 596 omnia,

292 607 418 645 ueluti
484 607 575 645 uela
637 600 786 660 (uelum
847 606 991 644 maluit
1052 604 1221 644 scribere
1281 599 1516 659 Muellerus)
1579 606 1619 644 et
1678 605 1829 643 malum

292 678 479 706 seruasse.

269 771 272 774 ,
416 720 556 766 1115.
583 726 764 765 Donatus
792 726 842 764 ad
867 725 1044 764 Terentii
1069 724 1305 763 Eunuchum
1324 723 1383 762 IV
1402 724 1441 773 4,
1467 724 1522 763 20
1548 723 1568 762 I
1593 737 1631 774 p.
1653 724 1751 774 415,
1773 724 1829 763 20

293 786 492 825 Wessneri
525 782 633 824 ‘uere
664 786 830 836 pulchra
862 786 922 823 est
953 785 1066 824 cuius
1096 784 1225 822 forma
1250 796 1322 822 nec
1347 783 1482 822 odium
1507 795 1580 823 nec
1605 783 1829 823 conuicium

293 847 535 884 commeruit.
587 842 826 884 Luciliusz‘
832 841 1053 894 ‘athynm'di
1081 846 1186 883 sacri
1211 856 1257 881 ex
1282 843 1384 882 facie
1411 843 1546 882 florem
1572 839 1825 894 delegeris’''
1802 873 1810 881 .

292 905 357 944 Ita
382 905 502 944 codex
528 905 576 953 V,
602 906 800 955 athyo‘nidt’
831 906 938 943 satin
965 904 1006 953 0,
1038 904 1192 943 atimidi
1221 904 1321 943 satri
1349 904 1392 952 Τ,
1423 903 1593 942 atinnidi
1627 904 1732 942 sacri
1765 902 1829 941 de-

293 965 473 1013 teriores,
512 966 582 1014 qui
618 977 708 1003 cum
742 965 777 1002 V
810 964 891 1003 fere
930 965 1162 1015 congruant.
1230 962 1443 1013 Hymnidis
1487 975 1631 1002 nomen
1670 962 1712 1000 in
1754 962 1830 1002 1100

293 1037 410 1062 1101311
441 1026 546 1063 recte
579 1026 828 1075 agnouerunt
860 1023 1040 1062 editores.
1101 1023 1301 1061 Numerus
1339 1025 1400 1061 est
1437 1022 1670 1073 dactylicus.
1730 1021 1830 1072 Agit

293 1086 413 1133 poeta
444 1083 492 1122 de
523 1084 818 1134 pulchritudine
849 1084 1068 1122 meretricis
1100 1095 1190 1121 cum
1221 1082 1318 1121 dicit
1345 1079 1404 1122 ‘at
1428 1081 1641 1132 Hymnidis
1667 1083 1829 1121 strenua

294 1157 339 1182 ex
382 1144 482 1182 facie
525 1143 661 1182 florem
700 1143 891 1194 delegeris
929 1144 1091 1182 aetatis:
1133 1144 1269 1181 tamen
1311 1141 1488 1180 manebit
1533 1138 1829 1192 pulcherrima'.

294 1205 414 1251 facies
445 1204 491 1241 ut
521 1203 666 1253 ubique
699 1203 805 1253 apud
836 1202 1035 1241 Lucilium
1067 1202 1116 1240 ad
1147 1203 1276 1240 totam
1313 1202 1489 1252 corporis
1519 1202 1694 1251 pertinet
1730 1201 1828 1253 figu-

294 1275 389 1301 ram.
441 1264 523 1301 acri
548 1276 626 1301 non
653 1275 772 1302 ausus
797 1275 885 1301 sum
909 1264 1075 1311 mutare,
1109 1258 1256 1310 (1103110,
1284 1262 1412 1300 001101
1440 1262 1562 1311 aetas,
1594 1274 1617 1300 o
1648 1257 1827 1299 iuuenes’

295 1322 408 1361 Ouid.
435 1323 526 1361 met.
553 1322 615 1360 ΙΠ
642 1323 746 1371 540,
783 1322 969 1361 similiter
999 1321 1150 1360 dictum
1187 1334 1366 1360 sermone
1402 1322 1594 1360 castrensi
1631 1322 1677 1359 ut
1713 1321 1829 1359 fortis

294 1382 342 1420 de
378 1382 519 1431 pulcra
563 1383 737 1433 uirgine:
780 1382 871 1420 uide
915 1381 967 1419 ad
997 1381 1064 1420 lib.
1090 1380 1148 1418 VI
1173 1394 1210 1419 11.
1238 1381 1334 1418 241.
1396 1381 1570 1419 Martial.
1597 1380 1674 1418 ΧΠ
1701 1380 1774 1430 65,
1802 1381 1827 1418 5

295 1438 374 1479 ‘An
406 1441 659 1480 Baeticarum
690 1441 844 1492 pondus
877 1454 965 1481 acre
996 1437 1207 1479 lanarum'.

416 1496 558 1541 1117.
601 1501 781 1541 Donatus
827 1501 877 1539 ad
921 1501 1096 1539 Terentii
1140 1500 1377 1538 Eunuchum
1401 1499 1441 1538 H
1468 1500 1512 1549 3,
1541 1501 1592 1538 11
1629 1499 1649 1537 Ι
1672 1513 1710 1550 p.
1738 1499 1822 1538 333

294 1557 537 1600 Wessneri‘
541 1574 657 1600 senex
689 1561 740 1600 ad
771 1562 945 1599 aetatem
982 1560 1168 1609 refertur,
1207 1560 1359 1598 senium
1399 1559 1451 1598 ad
1487 1558 1721 1598 conuicium.
1772 1558 1828 1597 sic

294 1617 520 1659 Lucilius
526 1616 608 1659 ‘aes
644 1621 701 1659 ait
738 1615 814 1674 (ita
847 1620 884 1660 V
911 1622 954 1659 at
984 1621 1063 1659 sait
1087 1619 1127 1658 B
1159 1621 1202 1657 at
1233 1619 1292 1657 ait
1320 1615 1410 1672 TO)
1449 1618 1612 1669 quidam
1648 1613 1828 1673 (quidem

302 1680 338 1717 V
358 1692 407 1718 m.
434 1682 464 1719 2
494 1682 534 1718 et
563 1675 611 1732 T)
644 1681 704 1718 the
735 1676 794 1734 (te
828 1681 864 1719 1
884 1681 927 1718 1η
951 1674 1039 1733 ras)
1078 1679 1231 1719 senium
1268 1680 1388 1728 atque
1426 1673 1560 1732 (atqui
1583 1672 1644 1733 B)
1681 1678 1829 1718 insulse

294 1735 368 1793 (ita
397 1740 445 1778 V
471 1740 600 1778 insule
618 1738 749 1792 BTO)
770 1740 948 1790 sophista
969 1734 1045 1792 (ita
1067 1739 1109 1788 O,
1136 1740 1278 1778 sosista
1297 1739 1337 1777 B
1362 1738 1579 1788 sophistica
1600 1738 1643 1788 T,
1668 1738 1828 1788 hospita

294 1811 337 1849 m
360 1811 428 1838 ras
461 1799 499 1838 V
517 1811 568 1837 m.
594 1793 702 1853 2)”’
679 1829 687 1837 .
724 1821 782 1825 -
802 1799 986 1848 quidante
1016 1811 1089 1849 pro
1117 1799 1279 1847 quidam
1303 1798 1461 1836 uidetur
1484 1797 1669 1837 habuisse
1695 1797 1828 1837 arche—

294 1860 431 1909 typus:
464 1859 601 1897 eadem
632 1858 857 1909 corruptela
887 1858 955 1897 lib.
981 1858 1155 1897 XXVHI
1179 1872 1216 1896 u.
1246 1859 1341 1896 742.
1392 1859 1449 1896 ait
1478 1858 1639 1907 quidam
1674 1870 1827 1897 conser-

295 1918 476 1957 uabimus
501 1930 693 1957 memores
718 1918 857 1957 Horat.
884 1930 998 1957 serm.
1018 1917 1039 1956 I
1059 1919 1097 1967 3,
1119 1919 1171 1955 21
1202 1914 1396 1955 ‘Maenius
1422 1917 1626 1957 absentem
1650 1917 1827 1956 Nouium

296 1990 383 2016 cum
415 1979 594 2027 carperet
624 1973 778 2026 ((Ηο113,
809 1974 900 2026 tu’',
932 1977 1097 2027 quidam
1128 1978 1198 2025 ait,
1232 1973 1422 2028 “ignoras
1453 1972 1567 2015 te‘?''.
1572 1973 1583 1990 '

417 2031 559 2076 1118.
590 2036 718 2075 Varro
757 2007 804 2075 de
841 2037 978 2088 lingua
1009 2036 1157 2075 Latina
1192 2036 1295 2075 libro
1320 2035 1399 2074 VH
1427 2037 1509 2074 94
1516 2033 1649 2086 ‘Apud
1680 2036 1826 2075 Lucre-

295 2098 391 2134 tium
423 2091 641 2149 (Lucilium
665 2096 836 2145 Scaliym
866 2090 1000 2150 ιιῑ11)(
1007 2093 1142 2145 ‘atque
1174 2095 1329 2145 aliquos
1357 2095 1415 2133 ibi
1440 2095 1488 2134 ab
1513 2096 1628 2134 rebus
1653 2095 1826 2146 clepsere

297 2150 383 2194 foro
417 2151 517 2204 qui''
550 2155 723 2205 clepsere
755 2155 855 2194 dixit
886 2155 989 2194 unde
1021 2155 1143 2194 etiam
1174 2155 1243 2194 alii
1269 2155 1432 2205 clepere,
1466 2155 1508 2193 id
1533 2157 1594 2194 est
1618 2155 1826 2205 corripere.

297 2227 463 2264 quorum
496 2216 606 2266 origo
638 2227 662 2254 a
694 2215 807 2264 clam,
839 2217 886 2254 ut
909 2215 963 2255 sit
988 2215 1137 2254 dictum
1161 2215 1330 2265 clapere,
1360 2214 1464 2253 unde
1489 2215 1654 2266 clepere,
1686 2226 1704 2253 0
1729 2227 1776 2253 ex
1800 2227 1827 2254 a

299 2269 568 2327 (Florentinus
601 2278 634 2313 et
664 2286 709 2314 ex
740 2269 804 2328 ea)
837 2277 1081 2314 commutato
1111 2269 1374 2329 (commutatio
1398 2269 1592 2329 Florent.)
1617 2276 1663 2313 ut
1687 2274 1825 2313 multa.

295 2335 426 2383 potest
456 2334 520 2372 uel
553 2347 576 2373 a
607 2333 755 2373 Graeco
788 2334 938 2373 dictum
968 2335 1117 2385 cleptin
1154 2331 1335 2385 clepere'.
1390 2334 1559 2374 Versum
1595 2335 1827 2384 corruptum

296 2406 379 2432 esse
411 2393 560 2432 euincit
590 2394 723 2433 hiatus
755 2407 873 2444 quem
903 2395 1067 2433 sustulit
1092 2394 1270 2446 Scaliger
1294 2393 1499 2433 scribendo
1524 2395 1612 2433 ibus
1638 2395 1687 2433 ab
1711 2394 1827 2433 rebus
1859 2404 1863 2409 ·

297 2466 373 2502 quo
406 2465 541 2492 sensus
572 2466 652 2492 non
682 2453 808 2493 bonus
840 2454 986 2492 euadit.
1035 2453 1083 2492 A.
1105 2453 1339 2505 Spengelius
1372 2450 1507 2504 ‘atque
1539 2454 1673 2503 aliquo
1698 2466 1739 2493 30
1764 2453 1828 2492 1111

297 2512 345 2550 ab
368 2512 483 2551 rebus
511 2513 682 2563 clepsere
707 2509 900 2563 foroque’,
926 2514 1075 2552 exitum
1100 2525 1237 2552 uersus
1257 2513 1394 2552 eodem
1412 2513 1529 2552 modo
1547 2514 1631 2552 iam
1650 2512 1827 2565 Scaliger

296 2573 567 2610 constituerat.
625 2571 749 2618 Quem
780 2574 930 2611 exitum
959 2574 1064 2611 recte
1095 2573 1290 2611 traditum
1321 2585 1403 2612 esse
1429 2585 1568 2612 censeo
1593 2574 1824 2623 comparato

217 2630 222 2634 ’
296 2631 364 2669 lib.
390 2631 468 2669 VII
493 2645 530 2669 u.
560 2632 642 2680 266
672 2629 735 2670 ‘ne
759 2632 968 2670 uermiculi
993 2630 1091 2682 qui':
1116 2633 1211 2672 conf
1230 2646 1269 2670 u.
1297 2633 1393 2671 263.
1438 2632 1554 2678 Quod
1574 2632 1826 2671 indefinitum

297 2691 437 2729 suadet
467 2692 513 2729 ut
543 2692 578 2729 si
608 2691 824 2731 inseramus
856 2693 948 2742 post
983 2693 1055 2731 ibi:
1093 2692 1141 2731 ab
1178 2693 1293 2731 rebus
1330 2694 1560 2743 corruptum
1597 2704 1681 2731 esse
1720 2693 1826 2731 recte

296 2749 514 2788 arbitratur
550 2750 831 2790 Baehrensius:
872 2752 1048 2800 abreptos
1085 2752 1235 2802 scripsi.
1283 2753 1369 2801 foro
1408 2751 1607 2791 ablatiuus
1646 2752 1707 2791 est
1747 2752 1827 2790 loci

296 2809 343 2847 de
375 2822 452 2859 quo
484 2810 574 2848 uide
603 2809 684 2849 ind.
709 2823 874 2862 gramm.
901 2823 930 2849 s.
955 2825 993 2849 u.
1019 2812 1227 2850 ablatiuus.

418 2863 558 2908 1119.
604 2869 827 2909 Scholiasta
869 2870 1070 2910 quenalis
1094 2871 1116 2909 I
1143 2872 1225 2909 106
1279 2867 1399 2917 ‘Quid
1448 2872 1602 2909 confert
1648 2883 1825 2921 purpura

296 2929 422 2966 maior
459 2929 688 2978 optandum.
749 2929 925 2969 Lucilius
964 2927 1137 2969 “aurum
1175 2932 1295 2980 atque
1332 2930 1589 2969 ambitioswm
1628 2931 1826 2980 specimen

296 2984 519 3026 uirtutis''.'
581 2989 693 3027 Idem
724 2989 775 3028 ad
798 2989 860 3028 ΠΙ
889 2990 971 3028 143
1006 2986 1226 3036 ‘Quantum
1262 2991 1430 3040 quisque
1466 3002 1538 3029 3110
1573 3001 1825 3028 nummorum
