2060 3444
895 260 945 296 XI
971 273 1006 296 u.
1035 264 1234 298 ass-404.
1750 264 1831 308 151

290 371 416 414 ‘nulla
447 387 490 414 re
526 375 656 426 magis
693 374 810 414 rebus
842 375 988 415 nostris
1021 375 1180 416 afflictis
1217 376 1371 427 profuit
1400 379 1564 428 praetor
1599 380 1736 419 noster
1765 378 1834 419 ad-

287 435 381 475 huc
398 447 519 486 quam
550 436 683 474 scorta
713 436 891 474 mascula
923 436 1057 475 omnia
1089 435 1197 487 quod
1229 449 1249 476 e
1281 438 1422 477 castris
1448 438 1565 477 eiecit
1589 436 1834 480 adueniens’.

287 494 398 535 Idem
433 496 574 534 narrat
601 492 840 546 [Plutarch]
862 496 1116 548 apopthegm.
1144 495 1249 547 Scip.
1269 498 1364 536 min.
1385 498 1437 536 16
1466 512 1503 549 p.
1521 499 1601 538 201
1620 498 1654 537 Β
1677 499 1835 551 μάντεις

290 552 360 607 μὲν
392 553 519 603 εὐθὺς
547 552 707 607 ἐξήλασε
733 553 800 595 καὶ
831 556 961 604 θύτας
991 554 1057 595 καὶ
1081 556 1382 609 πορνοβοσκούς
1406 557 1550 598 Liuius
1582 559 1754 609 perioch.
1778 560 1832 599 57

291 612 385 656 ‘duo
423 615 539 655 milia
575 617 797 655 scortorum
835 629 856 655 e
894 617 1037 656 castris
1075 613 1207 656 eiecit’
1254 611 1378 671 (Flor.
1403 617 1425 656 I
1458 619 1531 667 34,
1561 621 1615 659 10
1654 619 1833 659 Frontin.

289 677 450 728 strateg.
471 675 530 714 IV
558 678 595 726 1,
624 670 668 730 1)
694 675 783 715 Val.
804 676 907 716 Max.
926 675 969 716 ΙΙ
996 678 1034 727 7,
1062 679 1083 716 1
1115 673 1268 716 ‘eodem
1294 680 1495 717 momento
1521 680 1724 730 temporis,
1755 693 1833 730 quo

289 738 420 776 castra
457 736 645 786 intrauit,
690 736 814 775 edixit
853 738 900 776 ut
936 737 1071 776 omnia
1108 750 1155 776 ex
1192 737 1271 787 his,
1316 750 1418 788 quae
1455 739 1678 790 uoluptatis
1711 752 1834 780 causa

289 798 508 848 conparata
539 798 664 847 erant,
697 797 949 837 auferrentur
973 809 1019 837 ac
1044 800 1406 837 summouerentur:
1437 810 1532 838 nam
1557 801 1716 839 constat
1745 802 1834 839 tum

287 857 505 896 maximum
554 857 647 896 inde
697 858 928 897 institorum
978 859 1018 897 et
1067 857 1239 897 lixarum
1287 872 1498 898 numerum
1548 871 1638 898 cum
1680 859 1835 900 duobus

288 916 450 957 milibus
488 919 710 957 scortorum
748 914 904 958 abisse'.
964 917 1141 968 Spurcas
1179 919 1390 969 quominus
1434 919 1584 960 scribas
1616 920 1749 960 uerbis
1781 921 1836 960 ad

287 990 413 1017 unum
445 971 544 1032 (Cic.
565 990 625 1028 ep.
645 977 724 1017 m
752 979 826 1028 14,
852 980 877 1017 2
912 977 1022 1018 Caes.
1047 978 1085 1017 b.
1112 991 1143 1017 c.
1170 978 1233 1017 III
1259 973 1335 1034 27)
1373 979 1632 1031 impedimur,
1669 982 1835 1032 propius

287 1051 377 1078 cum
414 1038 518 1077 illud
555 1038 660 1078 absit
697 1051 721 1077 a
758 1038 920 1078 traditis
952 1041 993 1078 et
1023 1038 1304 1078 historicorum
1335 1040 1550 1079 memoriae
1582 1041 1710 1093 magis
1743 1053 1835 1081 con-

287 1111 451 1151 gruens:
478 1098 664 1138 similiter
688 1098 891 1138 quenalis
911 1098 970 1138 VI
995 1099 1051 1138 48
1081 1096 1281 1139 ‘auratam
1305 1099 1452 1140 Iunoni
1477 1101 1596 1140 caede
1621 1102 1835 1142 iuuenoam

287 1160 323 1198 si
365 1158 442 1198 tibi
484 1159 698 1211 contigerit
728 1158 873 1210 capitis
914 1160 1099 1199 matrona
1138 1159 1285 1211 pudici.
1354 1173 1505 1212 paucae
1543 1161 1641 1201 adeo
1681 1161 1834 1202 Cereris

286 1220 413 1259 uittas
450 1220 680 1272 contingere
718 1219 862 1272 dignae
900 1232 1070 1271 quarum
1106 1233 1187 1260 non
1223 1220 1365 1260 timeat
1401 1223 1518 1272 pater
1555 1222 1691 1262 oscula
1723 1216 1840 1276 (conf

289 1281 370 1320 301
405 1280 442 1319 X
474 1273 579 1333 238)
626 1279 697 1319 ubi
735 1280 914 1320 ‘MartiaL
946 1280 967 1320 1
1000 1281 1055 1320 94
1086 1280 1167 1320 XII
1198 1281 1252 1320 55
1308 1281 1440 1321 adfert
1492 1281 1835 1323 Friedlaenderus.

285 1339 462 1390 Spurcus
506 1339 676 1391 denique
719 1341 879 1392 proprie
924 1343 985 1381 est
1027 1341 1216 1381 lenonum
1253 1343 1294 1382 et
1336 1343 1559 1382 scortorum
1594 1343 1834 1382 uocabulum

288 1399 384 1440 CIL
410 1400 431 1439 Ι
458 1401 572 1440 1418
613 1397 722 1451 ‘quei
759 1403 969 1451 quaestum
1005 1414 1192 1453 spurcum
1229 1402 1400 1453 professi
1438 1400 1584 1442 essent’
1617 1403 1794 1443 Martial.
1814 1402 1835 1442 I

288 1461 363 1511 34,
390 1461 415 1500 8
450 1457 714 1501 ‘abscondunt
751 1473 914 1512 spurcas
953 1463 992 1501 et
1028 1464 1287 1502 monumenta
1323 1459 1455 1514 lupas’
1488 1462 1549 1502 IV
1573 1464 1620 1512 4,
1648 1464 1671 1503 9
1713 1460 1835 1514 ‘quod

287 1533 453 1572 spurcae
485 1522 656 1561 moriens
687 1521 850 1561 lucerna
880 1519 1046 1562 Ledae':
1079 1522 1148 1562 sed
1178 1523 1253 1562 hoc
1280 1523 1368 1562 loco
1395 1523 1447 1562 ad
1471 1523 1634 1562 odorem
1658 1525 1836 1574 pertinet

286 1583 333 1620 ut
368 1580 437 1620 lib.
457 1580 631 1620 XXVIII
668 1595 705 1620 u.
729 1582 813 1621 798
853 1579 1050 1633 ‘quaeque
1089 1583 1251 1634 aspectu
1295 1584 1390 1622 sunt
1425 1595 1570 1634 spurca
1607 1584 1648 1622 et
1684 1580 1833 1623 odore’.

287 1640 347 1680 De
365 1642 528 1690 praetor
553 1641 747 1680 uocabulo
774 1643 926 1694 egimus
954 1643 1005 1682 ad
1029 1642 1096 1682 lib.
1117 1643 1213 1681 XIV
1232 1657 1269 1682 u.
1290 1644 1390 1693 467,
1416 1643 1463 1682 de
1487 1643 1627 1683 scortis
1646 1643 1834 1684 masculis

287 1702 330 1740 in
367 1702 617 1753 prouinciam
654 1701 837 1742 adductis
875 1702 927 1742 ad
962 1702 1030 1742 lib.
1050 1703 1131 1742 VH
1155 1717 1191 1742 u.
1215 1704 1312 1742 273.
1377 1703 1575 1754 Scipionis
1615 1702 1836 1744 Aemiliani

288 1761 395 1813 apud
426 1761 688 1801 Numantiam
725 1762 839 1801 iliam
877 1762 1131 1815 disciplinam
1168 1762 1264 1802 belli
1300 1763 1533 1816 Iugurthini
1563 1765 1743 1815 tempore
1773 1764 1834 1803 in-

287 1822 428 1873 primis
452 1823 658 1861 reuocauit
681 1823 725 1861 in
749 1823 984 1862 memoriam
1009 1822 1053 1870 Q.
1073 1823 1227 1863 Metelli
1248 1824 1391 1864 similis
1411 1823 1616 1863 Numidici
1634 1825 1829 1865 exercitus

288 1882 494 1922 coercendi
530 1883 636 1922 ratio
673 1895 753 1933 qua
794 1883 943 1923 milites
983 1883 1211 1924 incredibili
1246 1884 1407 1923 luxuria
1443 1885 1651 1935 corruptos
1688 1885 1836 1925 acriter

289 1943 506 1997 castigauit
535 1943 755 1993 imperator
780 1937 890 1997 (Val.
909 1944 1012 1983 Max.
1033 1944 1075 1983 H
1103 1946 1139 1996 7,
1168 1939 1225 1999 2).

286 1997 347 2056 ’,Α
408 1997 519 2043 400.
563 2002 718 2043 Nonius
762 2016 809 2043 ex
858 2005 1121 2056 grammatico
1165 2018 1203 2056 p.
1233 2006 1336 2055 212,
1372 2005 1397 2044 8
1445 2001 1647 2044 ‘Latrinas
1691 2018 1834 2057 genere

287 2064 490 2103 feminino.
552 2064 593 2103 et
624 2064 685 2103 est
714 2063 918 2104 lauatrina
949 2065 1056 2116 quod
1086 2078 1192 2105 nune
1219 2065 1408 2104 balneum
1439 2064 1598 2104 dicitur.
1654 2065 1833 2105 Lucilius

286 2123 355 2163 lib.
381 2123 438 2162 XI
484 2120 587 2174 “qui
613 2153 620 2161 .
650 2154 657 2162 .
688 2154 696 2162 .
731 2121 944 2174 lanyuae''.
1010 2120 1142 2180 (laam.-
1177 2125 1210 2164 L
1236 2139 1288 2164 m.
1312 2119 1368 2179 1.)
1436 2125 1587 2165 Neutro
1623 2122 1832 2165 Laberius'

288 2197 319 2223 e.
341 2197 377 2235 q.
398 2196 426 2224 s.
489 2183 693 2223 Pertinere
723 2183 822 2224 haec
852 2185 975 2224 uerba
1007 2185 1181 2225 arbitror
1212 2186 1264 2225 ad
1295 2185 1495 2236 Scipionis
1536 2185 1722 2235 edictum,
1755 2199 1832 2236 quo

288 2245 336 2284 de
354 2244 508 2284 balneis
533 2243 744 2283 interdixit
767 2245 981 2288 militibuSt
1008 2240 1249 2299 [Plutarch]
1265 2246 1519 2297 apopthegm.
1537 2245 1641 2297 Scip.
1662 2246 1760 2284 min·
1779 2246 1831 2284 16

289 2318 326 2355 p.
349 2306 431 2344 201
458 2303 486 2343 G
519 2302 711 2343 λούεσθαι
742 2301 784 2343 δὲ
816 2302 969 2357 ἀπεῖπε,
1000 2310 1079 2345 τῶν
1111 2302 1152 2345 δὲ
1187 2303 1461 2357 ἀλειφομένων
1496 2305 1644 2358 τρίβειν
1669 2303 1833 2345 ἕκαστον

288 2362 446 2404 ἔαυτόν·
478 2361 524 2402 τὰ
550 2361 624 2417 γὰρ
650 2361 843 2417 ὑποζύγια
867 2368 997 2417 χεῖρας
1023 2364 1076 2418 μὴ
1103 2364 1240 2418 ἔχοντα
1265 2363 1398 2418 ἐτέρου
1423 2364 1635 2418 τρίψοντος
1661 2365 1831 2405 δεῖσθαι.

289 2424 409 2475 Apud
450 2422 623 2475 Appian.
655 2423 756 2463 Iber.
791 2425 845 2464 85
890 2425 991 2465 med.
1025 2426 1148 2465 uerba
1191 2427 1379 2476 corrupta
1422 2426 1517 2466 sunt
1559 2427 1631 2465 aut
1673 2438 1832 2465 manca:

289 2482 428 2524 ἀπεῖπε
478 2481 520 2523 δὲ
569 2482 636 2523 καὶ
679 2480 891 2532 ὁδεύοντας
939 2482 1121 2538 ἡμιόνοις
1164 2483 1472 2533 ἐπικαθέζεσθαι
1513 2515 1520 2523 .
1549 2515 1558 2524 .
1585 2515 1593 2523 .
1632 2482 1708 2524 κάν
1752 2487 1834 2533 τοῖς

289 2542 496 2595 ἀλείμμασι
538 2541 605 2583 καὶ
650 2546 830 2597 λουτροῖς
872 2543 1037 2594 ἑαυτοὺς
1083 2544 1275 2596 ἀλείφειν·
1322 2540 1507 2600 (ἤλειφον
1551 2538 1712 2598 uulgo),
1749 2543 1832 2584 ἔπι-

290 2602 538 2651 σκώπτοντος
580 2609 650 2643 τοῦ
692 2604 922 2652 Σκιπίωνος
972 2603 1025 2653 ὡς
1074 2606 1120 2646 αἱ
1164 2602 1325 2658 ἡμίονοι
1373 2607 1503 2658 χεῖρας
1552 2602 1627 2644 οὐκ
1675 2602 1833 2656 ἔχουσαι

289 2660 475 2720 χρῄζουσι
517 2661 745 2716 τριβόντων.
806 2664 950 2716 Itaque
991 2666 1090 2706 haec
1133 2667 1215 2705 fere
1259 2665 1416 2704 dixerat
1446 2666 1583 2716 poeta:
1623 2661 1731 2704 ‘nam
1764 2665 1833 2715 qui

290 2725 333 2763 in
362 2724 513 2763 latrina
543 2723 719 2776 languet,
751 2723 796 2762 fit
826 2725 960 2765 mollis
992 2723 1207 2766 cinaedus'.

410 2777 682 2823 401—404.
710 2782 912 2824 Charisius
940 2784 1012 2825 GL
1038 2785 1060 2825 I
1084 2801 1122 2837 p.
1145 2787 1213 2835 94,
1243 2787 1295 2825 21
1319 2785 1356 2824 Κ
1383 2782 1569 2824 ‘Forfices
1595 2786 1636 2823 et
1661 2785 1832 2835 forcipes

290 2839 470 2894 quidam·
485 2843 749 2895 distinguunt.
787 2874 794 2882 .
817 2875 823 2882 .
846 2874 854 2882 .
880 2845 949 2884 sed
978 2846 1117 2896 inepta
1146 2845 1245 2885 haec
1276 2858 1359 2884 esse
1390 2844 1570 2883 Lucilius
1605 2844 1731 2893 docet,
1763 2845 1832 2895 qui

291 2904 414 2942 eliam
450 2902 695 2942 medicorum
735 2904 905 2954 forcipes
944 2904 1043 2944 dicit
1080 2899 1177 2959 (de'ci
1208 2899 1264 2958 N)
1296 2905 1400 2944 libro
1437 2904 1530 2958 XIX
1564 2901 1833 2954 “sculptorum

292 2957 557 3016 (scalprorum
592 2958 795 3017 impressi)
839 2964 1130 3015 forcipiumque
1173 2965 1288 3004 milia
1329 2960 1524 3016 uiginti’',
1572 2964 1670 3003 item
1710 2964 1831 3015 paulo

290 3025 383 3074 post
409 3019 552 3063 “cumis
572 3020 846 3063 ...uellere’'.'
900 3023 1048 3064 Lucilii
1073 3026 1194 3076 satyr.
1217 3037 1252 3075 q.
1267 3024 1369 3064 s.ed.
1389 3024 1432 3063 F.
1447 3024 1583 3064 Dousa
1607 3023 1676 3063 lib.
1695 3023 1790 3063 XIX
1805 3025 1829 3063 9
