2060 3444
301 253 388 295 342
855 249 955 284 ΧΧΧ
982 261 1015 284 u.
1046 253 1293 285 ωτι-1075.

303 366 380 404 Sed
422 366 592 404 alterum
630 376 788 402 uersum
825 363 970 402 lacuna
1008 363 1274 402 deformatum
1315 375 1399 403 esse
1431 364 1587 403 numeri
1617 362 1844 416 ostendunt,

303 439 392 465 cum
429 424 552 463 uerba
589 423 803 462 uideantur
841 435 925 462 esse
957 435 1065 462 sana.
1127 422 1234 462 Nam
1269 425 1328 462 uti
1363 424 1432 463 wia
1472 424 1673 465 locutione
1706 422 1843 463 Cicero

302 486 432 524 utitur
463 484 512 523 ad
545 484 630 522 Att.
656 483 696 522 Π
724 484 791 532 19,
819 485 842 521 2
878 479 966 534 ‘ego
1000 485 1134 522 autem
1165 495 1292 533 neque
1332 495 1466 535 pugno
1498 495 1590 522 cum
1621 483 1694 522 illa
1725 495 1845 523 causa

302 546 466 596 propter
508 544 622 582 illam
665 544 885 582 amicitiam
926 556 1053 592 neque
1097 542 1292 593 approbo,
1341 556 1391 582 ne
1434 544 1569 582 omnia
1611 542 1845 594 improbem,

305 617 406 655 quae
450 606 568 643 antea
612 603 732 654 gessi:
770 605 862 641 utor
898 599 994 641 uia’.
1054 601 1163 647 Quae
1199 603 1348 642 locutio
1388 603 1483 653 quid
1521 603 1729 655 significet,
1766 616 1846 642 non

304 665 496 716 indagare
542 675 750 714 possumus
799 663 877 701 nisi
926 662 1161 701 diuinando:
1215 662 1375 702 uidetur
1417 662 1552 702 Cicero
1596 663 1725 702 dicere
1762 675 1846 703 sese

241 769 243 771 ,
305 724 366 763 uti
391 723 671 763 commoditate
698 724 788 761 uiae
814 723 970 773 planae,
1000 723 1060 761 ita
1085 723 1131 761 ut
1155 722 1272 761 modo
1297 723 1408 762 recta
1425 723 1514 771 iret,
1540 723 1656 762 modo
1675 722 1848 762 declinet

307 785 358 823 ad
395 784 575 823 dextram
614 783 884 831 sinistramue,
923 795 1048 832 neque
1086 782 1206 821 malle
1243 794 1326 821 sese
1364 782 1531 822 callibus
1568 783 1630 821 uti
1667 782 1847 834 angustis

312 846 352 883 et
383 843 529 892 arduis,
567 843 676 881 duris
715 844 754 881 et
795 843 945 893 asperis
976 854 1103 892 neque
1135 854 1356 881 commeare
1387 854 1459 892 per
1487 843 1601 881 inuia
1633 844 1672 881 et
1703 843 1848 882 saltus:

310 902 408 944 ὁδοῦ
459 902 663 953 πὰρούσης
712 900 785 952 τὴν
835 899 1011 954 ἀτραπὸν
1061 902 1184 952 ζητεῖς
1234 901 1490 951 prouerbium
1540 903 1600 942 est
1655 901 1850 942 Graecum
1879 899 1888 902 ’

309 959 442 1017 (GAF
464 962 483 1000 I
503 976 539 1012 p.
561 964 660 1011 404,
687 963 740 1000 47
756 956 823 1015 K).
863 961 994 1001 Verba
1021 958 1188 1001 ‘delica'.
1223 958 1399 1010 ‘aitquc’:
1425 963 1542 1012 posui
1565 963 1659 1012 quia
1684 962 1850 1002 meliora

310 1025 468 1074 praesto
519 1036 598 1061 non
647 1023 770 1060 erant.
847 1021 1134 1072 Imperatiuum
1183 1022 1225 1059 in
1275 1021 1454 1061 diuerbio
1504 1022 1680 1072 positum
1727 1022 1850 1061 fuisse

311 1084 487 1123 omnium
507 1082 871 1133 prababilissimum
892 1084 967 1120 est:
989 1094 1090 1131 quae
1109 1081 1387 1121 Lachmannus
1407 1081 1583 1132 scripsit:
1605 1078 1629 1120 ‘.
1646 1113 1653 1120 .
1669 1113 1676 1120 .
1691 1081 1851 1121 delicet:

312 1143 412 1182 aude
443 1143 505 1180 uti
535 1143 578 1180 ui
609 1143 728 1191 atque
761 1138 929 1180 uidebis’
963 1141 1130 1180 obscura
1162 1140 1374 1180 admodum
1406 1142 1508 1181 sunt.
1570 1142 1654 1180 Nec
1685 1142 1853 1182 meliora

313 1203 384 1241 alii
414 1214 664 1253 proposuere.

435 1256 577 1301 1073.
608 1260 763 1300 Nonius
788 1274 825 1311 p.
848 1261 946 1309 321,
970 1261 1024 1300 26
1053 1257 1246 1299 ‘Inuitare
1272 1260 1472 1312 significat
1495 1261 1652 1311 repleri.
1686 1291 1694 1299 .
1716 1291 1724 1300 .
1745 1291 1753 1299 .
1773 1261 1851 1300 Lu-

316 1323 431 1362 cilius
488 1321 556 1360 lib.
588 1321 698 1359 XXX
748 1317 861 1358 “cibo
918 1314 1010 1374 (cito
1058 1314 1283 1374 Leidensis)
1333 1321 1425 1360 bene
1473 1322 1575 1360 em'm
1623 1321 1854 1372 longincum

313 1381 550 1421 mortalibus
582 1380 763 1419 morbum
794 1381 837 1418 in
868 1381 964 1418 uino
996 1392 1079 1419 esse
1110 1380 1179 1418 ubi
1211 1382 1280 1430 qui
1310 1381 1504 1419 inuitauit
1529 1380 1723 1431 dapsilius
1749 1377 1850 1420 se''.’

314 1432 492 1480 Muretus
531 1440 623 1478 Var.
644 1441 732 1479 leot.
759 1439 816 1477 VI
846 1441 897 1477 12
942 1441 1190 1491 transposuit
1231 1442 1336 1479 recte
1381 1452 1469 1478 cum
1508 1441 1696 1479 scriberet
1738 1437 1853 1480 ‘scito

316 1502 461 1540 etenim
499 1500 597 1539 bene
634 1496 912 1551 longinquum’
953 1513 983 1537 c.
1006 1513 1042 1549 q.
1063 1512 1092 1538 s.
1127 1496 1239 1539 ‘bene
1277 1499 1516 1552 longinquos
1561 1497 1729 1539 dolores'
1774 1498 1852 1540 Oic.

315 1562 362 1600 de
402 1561 468 1598 fin.
495 1560 535 1598 H
562 1561 628 1599 94.
691 1558 804 1605 Quod
846 1558 952 1598 idem
996 1561 1133 1598 etenim
1175 1559 1352 1610 scripsit,
1395 1559 1710 1611 improbabimus
1753 1559 1855 1610 ideo,
1936 1565 1939 1569 ’

318 1621 425 1671 quod
456 1619 554 1658 alibi
585 1619 691 1670 apud
721 1618 919 1658 Lucilium
950 1632 1030 1658 non
1061 1619 1281 1658 inuenitur:
1313 1633 1440 1670 neque
1465 1619 1633 1659 Plautus
1659 1620 1854 1671 genuinus

316 1693 444 1730 neque
476 1679 575 1718 Cato
614 1692 661 1718 ea
694 1680 755 1718 usi
787 1681 880 1717 sunt
910 1679 1110 1728 particula
1140 1692 1268 1729 neque
1298 1679 1516 1731 tragoedia.
1579 1678 1656 1725 Qui
1687 1681 1857 1719 utuntur

318 1741 525 1779 Terentius
565 1739 756 1778 Afranius
793 1738 985 1777 Laberius
1021 1740 1065 1777 in
1105 1739 1264 1778 exordio
1307 1740 1505 1779 collocant
1535 1741 1766 1779 sententiae.
1798 1760 1856 1766 --

319 1803 359 1839 in
400 1801 508 1843 ιιὶηο,
540 1798 671 1837 Plaut.
699 1799 812 1837 Truc.
840 1799 924 1836 854
963 1798 1120 1837 Terent.
1153 1798 1300 1837 Heaut.
1336 1799 1420 1838 568
1465 1798 1608 1838 Catull.
1640 1801 1713 1848 12,
1741 1800 1765 1838 2
1800 1795 1856 1838 ‘in

318 1862 405 1899 ioco
438 1860 557 1909 atque
589 1855 698 1897 uino’
732 1857 810 1896 Cic.
837 1857 948 1896 Verr.
975 1857 1038 1897 ΠΙ
1065 1859 1119 1897 62
1148 1855 1206 1897 ‘in
1231 1860 1325 1898 uino
1352 1860 1472 1908 atque
1496 1856 1651 1898 lustris'
1680 1858 1796 1898 Catil.
1816 1858 1857 1897 II

324 1922 377 1958 10
411 1916 468 1956 ‘in
500 1919 594 1957 uino
626 1920 666 1956 et
694 1915 810 1966 alea',
841 1918 866 1955 i.
888 1930 919 1955 e.
945 1917 987 1955 in
1013 1919 1208 1957 conuiuio.
1242 1940 1300 1944 —
1332 1918 1436 1957 Male
1462 1918 1662 1957 mulcatur
1686 1918 1857 1958 fustibus

322 1979 415 2016 dum
442 1978 573 2016 ebrius
599 1979 640 2015 et
664 1977 904 2016 temulentus
931 1976 1091 2015 domum
1116 1989 1156 2016 se
1183 1979 1354 2028 capessit
1378 1991 1402 2016 a
1426 1978 1667 2017 latronibus:
1691 1978 1859 2017 uulnera

321 2039 533 2088 postquam
553 2038 694 2076 sanata
713 2038 806 2075 sunt
823 2035 1061 2086 morbusque
1082 2050 1198 2086 quem
1218 2037 1349 2089 plagis
1369 2030 1622 2076 contraxerat
1639 2038 1859 2088 praeteriit,

322 2098 424 2136 hanc
469 2097 707 2135 sententiam
749 2096 902 2145 profert
943 2096 1170 2149 uinolentus
1213 2096 1282 2135 ille
1327 2109 1447 2146 quam
1490 2097 1589 2136 lucri
1631 2097 1770 2136 fecerit
1813 2109 1859 2136 ex

323 2156 554 2196 infortunio.
586 2177 645 2181 —
675 2154 745 2193 ubi
776 2155 845 2205 qui
874 2155 1068 2194 inuitauit
1099 2155 1292 2206 dapsilius
1318 2168 1377 2196 se:
1419 2155 1578 2196 Sueton.
1605 2156 1774 2208 August.
1804 2158 1856 2195 77

326 2213 522 2266 ‘quotiens
561 2215 784 2267 largissime
828 2227 868 2253 se
905 2216 1116 2264 inuitamt,
1160 2228 1273 2255 senos
1310 2218 1509 2255 sextantes
1549 2229 1629 2255 non
1666 2213 1859 2256 excessit’.

448 2269 589 2314 1075.
639 2274 792 2313 Nonius
835 2288 873 2326 p.
902 2275 1005 2324 348,
1033 2276 1056 2314 5
1104 2272 1283 2326 ‘Micare,·
1333 2289 1404 2326 per
1446 2277 1552 2315 uices
1596 2276 1680 2315 sine
1723 2275 1860 2315 ordine

325 2348 487 2374 mouere
519 2330 685 2386 (moueri
709 2329 1018 2388 Lachmannus).
1052 2365 1059 2373 .
1081 2365 1089 2372 .
1113 2366 1119 2372 .
1144 2335 1322 2375 Lucilius
1353 2335 1420 2374 lib.
1440 2335 1549 2374 XXX
1582 2332 1753 2375 “omnia
1773 2337 1861 2374 tum

326 2395 426 2434 endo
481 2407 595 2432 muco
632 2394 787 2433 uideas
843 2395 1022 2433 feruente
1069 2391 1276 2433 micare’'.'
1359 2395 1538 2434 Secernit
1585 2396 1739 2435 Nonius
1787 2395 1862 2435 hoc

328 2454 548 2504 exemplum
592 2466 616 2492 a
657 2454 844 2492 lemmate
881 2455 1042 2499 micare,
1085 2455 1253 2504 fulyere:
1288 2455 1394 2494 unde
1431 2456 1599 2506 apparet
1635 2456 1675 2494 et
1710 2456 1863 2505 feruere

327 2513 564 2553 uocabulum
602 2515 642 2551 et
676 2514 820 2552 micare
856 2514 915 2552 nil
950 2515 1148 2563 pertinere
1185 2514 1237 2552 ad
1272 2514 1434 2554 luminis
1475 2514 1686 2554 candorem
1717 2514 1785 2554 sed
1811 2514 1862 2554 ad

329 2574 507 2612 omnium
531 2585 664 2610 rerum
689 2573 977 2612 oscillationem
1001 2573 1283 2613 titubationem
1307 2574 1621 2613 fluctuationem.
1682 2573 1863 2613 Eundem

328 2644 488 2670 uersum
534 2645 654 2682 quem
690 2632 867 2671 Lucilius
912 2633 1073 2672 uidetur
1122 2633 1274 2672 imitari
1316 2633 1517 2685 Vergilius
1560 2647 1693 2686 georg.
1722 2634 1744 2672 I
1776 2634 1860 2672 455

331 2689 480 2730 ‘omnia
515 2693 603 2729 tum
632 2691 783 2741 pariter
813 2694 932 2732 uento
963 2693 1185 2742 nimbisque
1216 2693 1368 2732 uidebis
1396 2690 1578 2732 feruere'.
1633 2693 1861 2732 Ennianum

330 2750 492 2789 uidetur
539 2750 647 2789 istud
690 2751 786 2790 endo
828 2764 938 2790 muco
981 2753 1006 2790 i.
1033 2766 1064 2791 e.
1100 2753 1195 2791 endo
1237 2754 1371 2801 mycho
1420 2753 1525 2803 quod
1574 2754 1679 2792 reete
1727 2753 1864 2802 posuit

331 2810 546 2848 Mei-cerus:
583 2810 641 2847 nil
678 2811 783 2849 enim
818 2811 895 2849 huc
932 2812 1106 2861 pertinet
1142 2809 1363 2864 ἐνδόμυχον
1404 2811 1610 2866 Οἰοθτοῑιὶε
1633 2812 1683 2850 ad
1714 2811 1799 2851 Att.
1825 2811 1863 2849 V

336 2870 408 2918 14,
435 2870 471 2907 3.
542 2869 616 2907 Est
658 2868 779 2920 μυχός
820 2871 1042 2920 penetralia
1083 2871 1241 2910 domus:
1285 2872 1380 2911 conf
1417 2872 1595 2918 Phoenix
1637 2873 1757 2922 poeta
1800 2884 1862 2922 ap.

333 2927 476 2966 Athen.
502 2928 601 2966 VIII
631 2943 668 2978 p.
691 2929 827 2968 360A
858 2925 952 2981 ἀλλ’,
991 2924 1164 2982 ὦγαθοί,
1201 2927 1409 2982 ἐπορέξαθ’
1450 2925 1506 2970 ὧν
1544 2929 1666 2983 μυχὸς
1696 2932 1862 2970 πλουτεῖ.

334 2986 453 3036 Apud
489 2987 746 3026 Heracleotas
781 2988 980 3027 Lucaniae
1009 2989 1136 3028 tribus
1179 2990 1360 3040 partibus
1400 2991 1557 3030 constat
1593 2989 1714 3030 οἰκίας
1757 2989 1865 3042 βοών
