2060 3444
833 296 884 332 111
909 309 944 333 u.
974 299 1175 334 102—107‚
1716 294 1775 337 49

223 412 358 463 posita
399 423 524 462 prope
560 409 692 461 Mylas
730 410 931 450 Lucilium
974 410 1137 460 adiisse,
1183 409 1279 461 quia
1322 423 1368 449 ex
1413 409 1554 450 Sicilia
1595 410 1639 449 in
1681 410 1775 450 illas

224 471 376 512 insulas
407 472 530 511 etiam
560 470 679 510 hodie
710 470 832 522 Mylis
871 471 1064 511 traiectus
1102 472 1164 511 est
1200 470 1543 510 commodissimus
1568 470 1663 510 XIX
1693 471 1775 510 fere

223 545 274 571 m.
294 545 332 583 p.
359 525 511 586 (Strab.
531 530 590 569 VI
615 544 652 581 p.
682 525 800 586 277).
856 532 916 571 De
948 531 1104 570 Dianae
1135 530 1347 570 Facelinae
1378 531 1530 582 templo
1563 530 1775 570 Schneide-

223 593 354 632 winus
386 591 470 643 egit
499 593 542 630 in
580 591 684 630 libro
718 588 868 631 ‘Diana
898 591 1114 631 Phacelitis
1153 592 1193 630 et
1230 589 1390 631 Orestes
1429 591 1535 642 apud
1572 592 1775 644 Rheginos

225 654 266 691 et
307 648 478 691 Siculos'
523 650 742 703 Gottingae
786 653 899 691 1832
943 651 1188 691 Studniczka
1224 651 1509 704 Mitteilungen
1547 651 1583 691 d.
1604 652 1640 690 d.
1668 652 1773 692 arch.

223 712 322 752 Inst.
343 726 391 751 zu
410 712 513 751 Rom
531 711 594 751 III
616 713 730 759 1888
751 726 788 763 p.
812 712 896 752 295
924 724 1032 763 seqq.
1082 711 1227 751 Vibius
1254 711 1467 762 Sequester
1491 713 1534 750 in
1559 712 1774 752 fluuiorum

223 773 407 825 catalogo
440 771 581 825 Geogr.
608 771 696 812 Lat.
723 773 818 812 min.
843 786 882 823 p.
906 772 1003 823 150,
1031 773 1087 811 24
1113 772 1246 811 Riesei
1273 769 1540 812 ‘Phaetelinus
1571 766 1651 827 (ita
1681 768 1774 827 cod)

225 832 387 872 Siciliae
418 834 531 872 iuxta
562 832 787 872 Peloridem
819 832 984 872 confinis
1015 832 1168 883 templo
1194 829 1378 872 Dianae'.
1436 831 1551 879 Quod
1578 833 1775 884 templum

225 905 351 945 prope
377 887 620 945 Ἀστεμίσιον
645 892 838 945 πολίχνην
863 892 1113 946 βραχυτάτην
1138 894 1261 932 situm
1285 892 1408 932 fuisse
1433 892 1609 944 Appian.
1634 892 1671 931 b.
1692 906 1724 933 c.
1737 893 1775 931 V

227 955 310 992 116
344 954 441 993 extr.
474 953 700 993 edocemur:
731 954 863 993 locum
894 966 1023 1004 neque
1054 954 1165 992 fama
1193 952 1388 993 celebrem
1413 966 1542 1003 neque
1569 953 1707 1003 aliqua
1731 966 1774 992 re

223 1013 522 1053 memorabilem
552 1026 631 1053 non
662 1014 922 1053 memorasset
951 1015 1083 1064 poeta,
1114 1014 1195 1053 nisi
1224 1013 1391 1064 praedia
1428 1014 1513 1053 eius
1544 1026 1669 1065 prope
1700 1014 1776 1053 hoc

222 1074 418 1124 templum
461 1075 595 1125 posita
637 1074 812 1114 fuissent
853 1075 960 1113 inter
997 1073 1232 1113 Facelinum
1274 1074 1422 1113 fiumen
1460 1075 1501 1115 et
1536 1073 1774 1114 Messanam.

223 1134 404 1173 Eundem
443 1134 577 1174 locum
615 1133 737 1174 Silius
761 1134 858 1173 XIV
886 1135 972 1174 260
1010 1135 1166 1186 spectat
1203 1147 1294 1173 cum
1334 1147 1571 1174 enumerans
1602 1135 1774 1186 populos

224 1193 379 1234 Siculos
412 1191 539 1234 ‘dedit
659 1195 770 1234 mille
802 1195 1034 1234 Thoanteae
1066 1194 1178 1234 sedes
1216 1195 1407 1235 Facelina
1443 1192 1615 1235 Dianae’
1662 1190 1779 1250 (conf

226 1254 379 1294 Holmii
407 1255 500 1295 hist.
528 1255 637 1294 Sicil.
662 1255 684 1294 I
715 1269 752 1306 p.
775 1249 894 1309 345).
950 1254 1117 1294 Venisse
1148 1256 1277 1307 igitur
1306 1256 1429 1306 poeta
1459 1255 1622 1294 uidetur
1652 1257 1774 1295 mari-

221 1316 323 1354 timo
354 1316 498 1354 itinere
529 1316 660 1366 primo
693 1315 757 1355 die
785 1315 1021 1355 Palinurum
1046 1315 1238 1366 Puteolis,
1269 1316 1397 1355 altero
1430 1316 1481 1355 ad
1505 1315 1775 1356 Vibonensem

222 1377 370 1426 sinum,
413 1375 506 1414 inde
550 1389 675 1427 prope
712 1375 881 1427 Liparas
918 1375 1149 1427 nauigando
1193 1375 1457 1415 Artemisium
1500 1377 1638 1428 petiit:
1681 1375 1774 1416 inde

221 1435 422 1476 rediturus
460 1436 630 1475 Romam
666 1437 787 1487 petiit
822 1436 1067 1487 Messanam,
1104 1436 1175 1475 ubi
1212 1436 1457 1476 commodius
1499 1449 1620 1487 quam
1657 1436 1773 1476 Arte-

221 1497 330 1536 misii
365 1509 512 1536 nauem
549 1498 659 1536 omni
695 1499 874 1548 tempore
911 1498 1047 1548 potuit
1083 1498 1276 1536 inuenire.
1344 1497 1393 1536 In
1429 1510 1472 1536 re
1510 1498 1665 1537 incerta
1701 1510 1773 1537 nos

221 1558 381 1596 utemur
417 1558 626 1596 itinerario
665 1557 772 1608 quod
810 1556 980 1596 Ouidius
1017 1558 1178 1596 metam.
1198 1556 1274 1595 XV
1302 1558 1385 1597 706
1423 1570 1530 1608 seqq.
1569 1558 1773 1597 commode

223 1617 398 1667 exhibet,
437 1617 532 1656 dum
567 1619 684 1657 nauis
721 1618 831 1657 illius
863 1630 1026 1657 cursum
1057 1617 1264 1667 describit,
1297 1630 1399 1668 quae
1431 1619 1549 1657 cauto
1582 1619 1624 1657 et
1655 1618 1772 1657 anxio

222 1678 391 1729 remigio
411 1677 643 1728 Aesculapii
662 1679 888 1729 serpentem
906 1677 1112 1728 Epidauro
1138 1678 1308 1717 Romam
1327 1677 1500 1718 deuehat
1527 1675 1772 1728 ‘euincitque

222 1738 367 1786 fretum
423 1737 629 1788 Siculique
685 1739 858 1789 angusta
913 1737 1045 1777 Pelori
1102 1738 1431 1787 Hippotadaeque
1480 1738 1618 1778 domos
1667 1739 1773 1791 regis

225 1792 270 1851 (i.
285 1810 317 1836 e.
343 1797 504 1837 Aeolias
529 1798 682 1838 insulas
708 1798 792 1837 siue
818 1792 1020 1852 Liparas),
1050 1798 1297 1847 Temesesque
1315 1799 1494 1848 metalla,
1519 1799 1772 1838 Leucosiam-

224 1871 301 1908 que
330 1859 436 1908 petit
466 1858 673 1909 tepidique
711 1859 866 1897 rosaria
895 1859 1039 1898 Paesti.
1071 1858 1163 1898 inde
1200 1858 1302 1910 legit
1334 1857 1508 1909 Capreas
1535 1862 1773 1908 prommltu-

221 1919 402 1967 riumque
432 1919 655 1958 Mineruae.
718 1918 779 1958 De
810 1919 891 1958 situ
920 1919 1098 1958 locorum
1130 1918 1223 1958 uide
1254 1918 1418 1958 Ricardi
1449 1919 1632 1970 Kieperti
1656 1920 1772 1959 form.

223 1978 305 2017 orb.
333 1979 493 2030 antiqui
522 1978 605 2017 tab.
624 1978 719 2017 XIX
750 1979 881 2018 Berol.
905 1980 1032 2018 1901.

347 2033 456 2079 105.
488 2038 643 2078 Nonius
668 2052 706 2089 p.
722 2040 821 2089 279,
844 2039 897 2078 18
925 2052 945 2078 e
963 2040 1084 2089 poeta
1103 2039 1192 2090 ipso
1214 2035 1438 2090 ‘Deponere
1463 2041 1525 2079 est
1543 2039 1773 2090 desperare3

223 2098 328 2138 unde
360 2100 401 2138 et
421 2099 605 2149 depositi
642 2098 842 2149 desperati
880 2099 1078 2139 dicuntur.
1141 2099 1321 2139 Lucilius
1362 2101 1591 2150 satyrarum
1622 2101 1690 2139 lib.
1710 2101 1773 2140 III

225 2156 520 2210 “Symmachus
548 2190 555 2197 .
578 2191 585 2197 .
609 2190 616 2198 .
642 2160 839 2208 depositus
878 2159 1072 2199 bubulcus
1105 2160 1270 2199 exalans
1295 2190 1304 2199 .
1326 2190 1333 2198 .
1356 2191 1363 2198 .
1390 2157 1598 2211 agebat”.'
1660 2160 1773 2200 Idem

222 2233 260 2269 p.
283 2220 358 2270 38,
386 2222 440 2259 26
486 2233 533 2259 ex
576 2221 841 2271 grammatico
880 2216 1091 2270 ‘Expirare
1134 2219 1286 2259 dictum
1330 2222 1390 2260 est
1432 2221 1499 2260 uel
1537 2221 1587 2260 ab
1625 2222 1772 2272 spiritu

223 2279 347 2319 effuso
396 2280 463 2319 uel
513 2280 563 2319 ab
613 2280 910 2331 spiraminibus.
985 2280 1164 2320 Lucilius
1213 2280 1282 2319 lib.
1308 2280 1372 2319 ΙΠ
1417 2277 1656 2332 “exspirans
1688 2314 1696 2322 .
1727 2311 1736 2320 .
1763 2312 1771 2320 .

223 2336 430 2392 agebat''.'
494 2340 543 2379 In
581 2340 754 2380 editione
786 2340 933 2380 Lucilii
970 2353 1052 2391 qua
1088 2341 1219 2379 utitur
1254 2340 1411 2380 Nonius
1448 2355 1486 2392 p.
1516 2343 1599 2381 279
1640 2342 1773 2393 glossa

224 2401 387 2439 exalans
407 2401 613 2450 expulerat
631 2402 847 2453 genuinam
865 2402 1078 2441 lectionem
1099 2413 1220 2451 quam
1240 2402 1380 2440 auctor
1395 2401 1520 2441 Nonii
1538 2403 1771 2453 grammati-

206 2473 292 2500 ·cus
330 2461 510 2499 seruauit
545 2474 583 2512 p.
606 2461 683 2500 38:
721 2462 817 2501 conf
848 2462 1027 2513 prolegg.
1052 2475 1091 2511 p.
1113 2459 1233 2500 OXII.
1302 2460 1428 2500 Poeta
1463 2462 1685 2501 meditatur
1724 2462 1772 2501 de

223 2521 459 2560 necessitate
484 2522 641 2561 itineris
666 2521 810 2561 futuri:
836 2521 1054 2561 bubulcum
1079 2533 1197 2560 suum
1221 2521 1439 2572 pthisicum
1464 2523 1506 2561 et
1524 2522 1772 2572 decrepitum

224 2593 307 2620 esse
339 2581 594 2632 animamque
619 2594 737 2633 agere
762 2595 834 2632 per
851 2582 1009 2621 litteras
1035 2582 1253 2632 acceperat.
1305 2580 1435 2627 Quare
1461 2582 1630 2621 fundum
1655 2594 1772 2621 suum

224 2653 264 2680 se
308 2641 436 2680 uisere
480 2641 621 2681 debere
666 2654 744 2692 quo
787 2643 934 2682 rectius
978 2643 1114 2681 omnia
1162 2641 1272 2681 fiant.
1348 2641 1579 2692 Symmachi
1621 2643 1773 2681 mortui

225 2713 426 2741 successor
461 2700 584 2742 fuisse
621 2701 782 2741 uidetur
817 2702 888 2741 ille
924 2702 1139 2751 bubulcus,
1177 2715 1297 2752 quem
1333 2704 1530 2741 memorat
1569 2701 1671 2741 libro
1697 2702 1771 2740 XV

225 2775 262 2800 u.
285 2761 381 2800 512.
448 2761 625 2801 Nomina
668 2760 821 2802 Graeca
862 2762 1044 2801 indicant
1085 2762 1296 2813 praedium
1338 2763 1481 2813 poetae
1523 2763 1567 2800 in
1610 2763 1771 2814 regione

227 2820 391 2871 Graeca,
421 2822 447 2860 i.
468 2835 499 2861 e.
526 2821 568 2860 in
600 2820 740 2861 Sicilia
771 2816 882 2875 (uide
915 2821 966 2861 ad
996 2821 1129 2861 XXVI
1159 2835 1197 2860 u.
1226 2816 1332 2875 667)
1361 2823 1485 2861 situm
1516 2823 1649 2862 fuisse.

349 2875 459 2922 107.
490 2881 646 2920 Nonius
673 2894 693 2920 e
719 2883 982 2934 grammatico
1008 2895 1045 2933 p.
1062 2882 1160 2931 266,
1182 2882 1236 2921 26
1260 2879 1535 2932 ‘Conmodum,
1557 2882 1772 2934 integrum,

225 2942 367 2980 totum.
430 2941 607 2981 Lucilius
641 2938 734 2981 “bis
767 2943 863 2992 quin
895 2945 1080 2991 actoyena
1106 2972 1115 2980 .
1136 2972 1143 2979 .
1165 2973 1174 2982 .
1201 2943 1323 2992 atque
1355 2938 1480 2981 OO’'.’
1543 2942 1715 2982 Versum
1746 2955 1771 2982 a

227 3000 430 3053 Scaligero
470 3001 726 3041 emendatum
761 3003 970 3042 uerissime
1006 3002 1072 3041 hic
1111 3002 1249 3053 posuit
1284 3002 1315 3040 Ι.
1340 3002 1490 3041 Dousa.
1559 3001 1684 3049 Quem
1725 3004 1772 3042 ut

226 3061 450 3113 intellegas,
484 3061 814 3102 considerandum
847 3064 908 3102 est
936 3075 1017 3101 non
1049 3062 1193 3113 stadia,
1225 3062 1293 3101 sed
1323 3062 1439 3101 milia
1469 3074 1659 3114 passuum
1692 3063 1770 3102 dici

298 3134 413 3161 Lucilii
432 3135 497 3161 rell.
518 3135 562 3161 ed.
583 3135 693 3162 Manx.
730 3136 770 3161 11.
1459 3133 1482 3165 4
