2060 3444
301 290 385 333 108
887 288 956 324 VII
980 301 1016 324 u.
1043 292 1243 325 ess—288.

297 405 565 453 transponere.
627 401 886 441 Prouerbium
924 402 1053 441 simile
1091 402 1206 441 affert
1244 400 1340 441 Otto
1378 402 1426 442 de
1462 402 1682 453 prouerbiis
1718 415 1756 452 p.
1782 401 1828 440 R.

296 477 333 512 p.
358 463 441 500 189
481 475 526 500 ex
562 461 709 500 Naeuii
745 461 885 501 Ariolo
923 456 1000 515 (20
1026 456 1080 515 R)
1120 458 1328 512 ‘deprandi
1362 463 1452 502 item
1490 463 1596 502 leoni
1632 463 1667 501 si
1707 461 1830 501 obdas

297 518 443 561 oreas’:
480 521 654 560 Martial.
680 521 738 560 VI
766 522 840 570 64,
868 523 921 560 27
966 518 1120 560 ‘rabido
1163 534 1234 560 nec
1276 522 1456 572 perditus
1499 535 1566 562 ore
1607 522 1831 561 fumantem
1881 520 1883 523 ’

296 594 437 621 nasum
467 581 554 620 uiui
584 581 844 632 temptaueris
875 579 984 620 ursi'.
1041 581 1158 620 Noua
1188 581 1332 632 incipit
1362 584 1498 622 satura
1528 595 1610 632 qua
1634 582 1830 622 centurio-

295 643 357 680 nis
389 641 583 680 fortitudo
614 641 851 681 describitur
880 641 985 680 bello
1017 641 1234 692 Hispanico
1265 641 1444 692 probata.

417 697 527 741 287.
559 701 713 740 Nonius
745 715 782 752 p.
803 702 908 750 457,
937 702 990 740 18
1026 698 1175 740 ‘Catuli
1211 714 1291 741 non
1328 702 1454 741 solum
1486 714 1630 741 canum
1660 701 1830 740 diminu-

297 761 397 810 tiue,
440 774 580 800 uerum
618 762 794 800 omnium
832 762 1066 800 animalium
1105 761 1373 811 appellantur.
1511 761 1617 800 idem
1651 761 1720 800 lib.
1751 761 1831 800 VII

298 818 413 860 “rate
444 821 495 860 ad
527 822 680 860 catulos
713 821 905 861 accederet
933 818 1167 860 inultum''.'
1226 819 1326 860 Cum
1357 823 1537 872 superius
1562 822 1832 872 fragmentum

295 894 386 919 cum
422 881 497 920 hoc
535 881 758 932 fragmento
796 882 882 920 arte
920 881 1127 920 cohaerere
1167 883 1372 932 appareat,
1397 894 1605 920 numerum
1634 880 1728 919 libri
1751 879 1831 920 VII

296 941 495 980 noluimus
527 943 685 980 mutare
715 954 843 991 neque
873 942 916 980 in
947 942 1022 980 hoc
1047 954 1174 991 neque
1204 942 1246 980 in
1272 955 1309 980 u.
1332 942 1416 981 288
1449 953 1528 991 seq.
1555 942 1631 980 etsi
1657 952 1728 980 suo
1745 940 1832 980 iure

272 1001 399 1040 alius
444 1002 532 1051 quis
575 1000 725 1040 iudicet
776 1001 841 1039 VI
878 1014 1087 1040 numerum
1128 1001 1418 1040 restituendum
1462 1013 1544 1041 esse
1580 1001 1623 1039 in
1662 1002 1831 1050 utroque

296 1061 534 1112 fragmento,
564 1061 623 1100 ita
654 1062 700 1100 ut
727 1062 882 1100 numeri
915 1061 1007 1100 VII
1030 1061 1148 1100 hasta
1172 1061 1316 1100 ultima
1339 1062 1462 1100 fuerit
1485 1073 1626 1100 reuera
1655 1061 1671 1099 i
1695 1060 1832 1099 littera

295 1121 505 1159 uerborum
530 1122 657 1160 iratae
682 1123 722 1160 et
745 1121 887 1160 iactari
911 1120 1236 1171 subsequentium
1255 1121 1358 1160 male
1376 1121 1581 1160 intellecta
1607 1133 1631 1159 a
1654 1119 1830 1159 librario.

296 1180 397 1220 Cum
434 1181 636 1231 superiore
674 1194 792 1220 uersu
829 1181 876 1219 de
916 1180 1030 1220 leone
1068 1182 1202 1220 actum
1239 1181 1303 1231 sit,
1339 1181 1414 1220 hoc
1450 1194 1568 1221 uersu
1605 1180 1654 1219 de
1692 1180 1832 1219 leaena

296 1242 363 1292 agi
393 1240 600 1290 probabile
632 1243 701 1280 est.
764 1240 968 1292 Tigridem
999 1241 1105 1280 enim
1136 1242 1229 1280 ante
1259 1240 1433 1292 Augusti
1468 1242 1650 1291 tempora
1686 1252 1831 1290 parum

294 1301 410 1339 nouit
451 1301 623 1351 populus
665 1300 868 1339 Romanus
912 1295 1032 1354 (Plin.
1060 1302 1142 1339 nat.
1168 1300 1259 1339 hist.
1285 1300 1386 1339 VHI
1419 1294 1506 1354 65).
1579 1299 1636 1338 At
1678 1299 1726 1338 de
1769 1300 1831 1339 ira

294 1361 456 1399 leaenae
497 1361 608 1399 cuius
649 1361 801 1400 catulos
842 1361 1022 1411 rapuerit
1061 1361 1229 1400 uenator
1267 1360 1359 1399 inde
1400 1359 1450 1399 ab
1481 1359 1655 1399 Homero
1696 1371 1830 1410 saepe-

295 1433 459 1459 numero
490 1419 669 1459 referunt
699 1421 853 1470 poetae.
915 1422 956 1459 Σ
979 1420 1064 1459 318
1096 1418 1229 1459 πυκνὰ
1261 1419 1362 1471 μάλα
1393 1419 1588 1472 στενάχων
1619 1417 1672 1467 ὥς
1702 1433 1741 1458 τε
1772 1417 1831 1466 λὶς

296 1477 498 1532 ἠυγένειος
529 1470 561 1534 ᾧ
592 1478 643 1532 ῥά
673 1474 719 1518 θ’
747 1477 826 1518 ὑπὸ
859 1478 1103 1530 σκύμνους
1134 1477 1381 1531 ἐλαφηβόλος
1411 1476 1568 1535 ἁρπάσῃ
1599 1476 1701 1531 ἀνήρ
1731 1470 1831 1530 ’ὕλης

295 1538 338 1579 ἐκ
380 1544 566 1591 πυκινῆς·
609 1537 630 1578 ὁ
674 1537 716 1578 δέ
752 1534 780 1578 τ’
815 1536 979 1591 ἄχνυται
1011 1569 1019 1577 .
1042 1570 1078 1577 ..
1113 1538 1214 1590 μάλα
1250 1537 1324 1592 γὰρ
1368 1537 1509 1591 δριμὺς
1551 1537 1687 1591 χόλος
1730 1537 1837 1591 αἱρεῖ

294 1600 412 1650 Soph.
433 1599 496 1638 Ai.
520 1600 603 1638 986
631 1597 686 1651 μή
711 1614 769 1646 τις
794 1596 848 1646 ὡς
873 1604 991 1650 κενῆς
1016 1598 1193 1650 σκύμνον
1217 1598 1376 1649 λεαίνης
1395 1598 1602 1651 δυσμενῶν
1621 1595 1829 1654 ἀναρπάσῃ

294 1659 431 1710 Eurip.
469 1659 571 1699 Med.
613 1659 696 1698 187
747 1658 874 1698 καίτοι
922 1658 1089 1706 τοκάδος
1138 1656 1286 1711 δέργμα
1334 1658 1492 1709 λεαίνης
1539 1656 1832 1710 ἀποταυροῦται

294 1719 446 1769 δμωσίν
472 1718 626 1758 Callim.
652 1718 786 1769 hymn.
806 1720 850 1757 in
876 1717 959 1758 Ger.
988 1719 1041 1758 51
1070 1716 1141 1758 τάν
1166 1713 1205 1757 δ’
1226 1713 1284 1771 ἄρ’
1312 1716 1543 1770 ὑποβλέψας
1567 1716 1831 1770 χαλεπώτερον

296 1776 341 1830 ἠὲ
371 1777 548 1832 κυναγόν
581 1777 721 1831 ὥρεσιν
746 1776 789 1818 έν
816 1778 1048 1830 Τμαρίοισιν
1073 1775 1284 1830 ὑποβλέπει
1307 1775 1434 1830 ἄνδρα
1459 1775 1593 1817 λέαινα
1618 1774 1830 1829 ὠμοτόκος,

294 1844 363 1886 τᾶς
406 1836 527 1889 φαντὶ
566 1836 681 1878 πέλεν
726 1837 1023 1890 βλοσυρώτατον
1066 1835 1173 1889 ὄμμα
1225 1838 1422 1877 Theocrit.
1461 1837 1591 1876 XXVI
1619 1838 1670 1876 21
1712 1835 1831 1876 ὅσσον

293 1912 365 1950 περ
408 1897 573 1945 τοκάδος
616 1895 764 1937 τελέθει
808 1898 971 1949 μύκημα
1013 1897 1186 1945 λεαίναςε
1232 1897 1326 1936 conf
1364 1897 1590 1937 Vollmerus
1634 1896 1685 1936 ad
1729 1896 1829 1935 Stat.

297 1959 385 1998 silu.
407 1958 447 1997 II
476 1960 513 2007 1,
541 1959 578 1996 9.
633 1958 775 2008 Itaque
805 1959 866 1997 ita
896 1958 978 1996 fere
1005 1958 1218 2007 scripserat
1241 1958 1377 2008 poeta:
1411 1954 1622 1996 ‘esuriente
1653 1957 1759 1995 leoni
1784 1969 1830 1995 ex

297 2031 365 2057 ore
401 2018 608 2068 exculpere
644 2017 853 2068 praedam,
889 2014 1041 2068 <atque
1078 2014 1191 2069 leae>
1220 2018 1349 2056 iratae
1380 2016 1429 2055 ad
1462 2017 1616 2056 catulos
1648 2016 1830 2055 accedere

296 2074 485 2116 inultum'
516 2089 633 2128 posse
663 2077 768 2116 hunc
798 2076 1020 2116 credideris.

414 2132 524 2177 288.
555 2137 710 2176 Nonius
741 2150 779 2187 p.
801 2138 875 2186 22,
903 2137 927 2175 5
962 2133 1184 2187 ‘Capronae
1225 2136 1411 2175 dicuntur
1442 2147 1576 2175 comae
1603 2148 1705 2186 quae
1736 2137 1829 2174 ante

294 2198 466 2236 frontem
504 2198 614 2245 sunt,
652 2198 767 2247 quasi
805 2209 828 2235 a
865 2196 996 2246 capite
1033 2209 1193 2247 pronae.
1261 2196 1439 2235 Lucilius
1483 2198 1708 2245 satyrarum
1749 2189 1829 2249 (om

297 2258 411 2296 editio
445 2250 640 2310 Onionsii)
666 2256 734 2295 lib.
754 2256 834 2295 VII
866 2253 1023 2296 “aetari
1049 2286 1057 2294 .
1079 2287 1087 2295 .
1108 2286 1116 2295 .
1143 2268 1274 2295 comas
1307 2250 1447 2309 (eomes
1477 2249 1828 2306 Guelferbytanus)

295 2319 464 2365 fruitare
490 2349 498 2356 .
520 2348 528 2355 .
549 2347 557 2354 .
584 2317 769 2356 inmissas
808 2311 1012 2370 (immissas
1044 2315 1396 2365 Guelferbytanus,
1433 2316 1574 2355 missas
1606 2309 1828 2354 Leidensisl

294 2407 302 2414 .
323 2407 331 2414 .
354 2408 360 2414 .
387 2373 528 2415 iUis'’.’
592 2376 739 2415 Paulus
778 2389 824 2415 ex
860 2376 979 2415 Festo
1010 2390 1047 2426 p.
1068 2376 1124 2414 48
1144 2375 1187 2414 M
1219 2373 1458 2426 ‘Capronae,
1489 2387 1681 2424 equorum
1711 2374 1827 2413 iubae

291 2437 333 2475 in
376 2437 548 2475 frontem
589 2435 779 2485 deuexae,
822 2435 952 2475 dictae
989 2436 1104 2485 quasi
1143 2448 1166 2474 a
1203 2436 1334 2485 capite
1371 2431 1547 2485 pronae'.
1611 2433 1739 2474 CGlL
1769 2433 1827 2472 IV

293 2497 362 2545 29,
388 2497 442 2535 49
475 2508 688 2547 capronae:
722 2492 800 2534 ‘hic
827 2495 978 2534 medios
1001 2496 1107 2534 inter
1131 2497 1312 2544 tempora
1337 2494 1516 2544 capillos,
1546 2494 1705 2544 proprie
1730 2506 1825 2533 uero

292 2569 483 2606 equorum
519 2555 658 2604 iubae,
695 2567 797 2606 quae
832 2555 1060 2604 imminent,
1096 2556 1156 2594 ita
1193 2554 1340 2603 dictae,
1377 2553 1483 2604 quod
1521 2553 1602 2592 sint
1631 2555 1673 2592 in
1705 2555 1827 2606 caput

290 2612 473 2666 pronae':
505 2615 555 2654 ab
587 2614 676 2653 aliis
708 2615 840 2654 antiae
864 2614 1132 2654 nominantur.
1186 2614 1405 2653 Numerum
1438 2613 1529 2653 VII
1555 2613 1610 2652 eis
1643 2625 1741 2663 quas
1774 2612 1824 2652 ad

291 2689 327 2713 u.
351 2676 434 2714 287
472 2675 677 2724 posuimus
713 2673 936 2713 rationibus
973 2672 1160 2713 commoti
1202 2674 1459 2713 seruauimus.
1535 2671 1676 2712 Comas
1721 2673 1825 2712 altas

289 2734 547 2773 inmittebant
571 2734 733 2773 deorum
758 2735 800 2772 in
824 2734 1030 2772 honorem:
1062 2733 1156 2773 conf
1176 2733 1327 2783 Diphil.
1354 2732 1466 2772 OAF
1491 2731 1532 2770 II
1562 2745 1600 2782 p.
1623 2733 1721 2780 563,
1742 2732 1766 2770 6
1786 2731 1823 2770 K

289 2793 419 2845 κόμην
462 2791 618 2846 τρέφων
661 2790 733 2844 μὲν
775 2798 931 2845 πρῶτον
973 2791 1082 2846 ἱερὰν
1117 2798 1189 2833 τοῦ
1234 2795 1335 2832 θεοῦ
1371 2790 1425 2839 ὥς
1467 2799 1609 2843 φησιν·
1653 2789 1702 2830 οὐ
1751 2789 1818 2830 διὰ

227 2879 233 2884 -
292 2853 405 2893 τοῦτό
442 2848 491 2906 γ’,
534 2848 617 2892 ἀλλ’
663 2850 885 2905 ἐστιγμένος
935 2850 1011 2905 πρὸ
1054 2857 1125 2892 τοῦ
1168 2851 1347 2903 μετώπου
1390 2845 1654 2903 παραπέτασμ’
1699 2848 1826 2900 αὐτὴν

295 2911 369 2964 ἔχει
407 2914 447 2952 et
484 2925 586 2963 quae
616 2912 790 2952 Kocln‘us
827 2912 901 2950 hoc
937 2912 1024 2952 loco
1068 2911 1288 2951 adnotauit.
1349 2911 1409 2950 De
1453 2910 1607 2960 Sibylla
1646 2909 1826 2949 Tibullus

291 2972 333 3010 H
361 2973 399 3021 5,
427 2973 481 3011 65
516 2969 627 3011 ‘haec
663 2973 808 3011 cecinit
838 2972 952 3010 uates
983 2973 1023 3010 et
1052 2972 1093 3011 te
1127 2971 1221 3021 sibi,
1251 2967 1426 3019 Phoebe,
1456 2971 1629 3018 uocauit,
1659 2970 1828 3008 iactauit

292 3032 403 3072 fusas
441 3033 482 3070 et
518 3033 641 3082 caput
676 3033 768 3073 ante
805 3028 965 3071 comas’.
1028 3031 1106 3070 Sed
1145 3044 1191 3074 ex
1228 3030 1358 3074 uerbis
1397 3027 1459 3072 ‘ut
1495 3041 1580 3073 m03
1620 3029 1699 3068 fuit
1727 3025 1822 3068 illis’
