2060 3444
758 283 890 319 incert.
917 282 995 318 sed.
1022 293 1058 317 u.
1089 284 1335 317 1103—1106.
1706 281 1791 324 351

245 410 275 438 s.
301 411 339 436 u.
365 409 542 449 mergus3
584 399 720 436 tamen
764 397 885 447 poeta
927 396 1110 434 imitatus
1155 407 1238 434 esse
1282 394 1444 434 uidetur
1483 394 1796 446 Aristophanem

245 459 315 508 qui
359 456 546 496 Cleonem
591 456 712 509 λάρον
757 455 981 507 appellauit
1024 455 1128 494 Nub.
1156 455 1239 494 591
1276 455 1412 506 Equit.
1441 456 1538 494 956.
1608 457 1795 504 ayrarius

244 517 484 556 uocabulum
527 517 698 556 forsitan
741 517 920 556 Lucilius
964 517 1050 567 ipse
1093 515 1253 554 finxerit
1297 516 1368 566 qui
1410 515 1560 554 similia
1604 515 1796 566 praebeat

244 578 424 628 ceparius
469 577 679 630 gradarius
723 577 941 617 halicarius
984 577 1198 615 mixtarius
1245 577 1440 615 zonarius.
1516 575 1795 627 Descripserat

242 638 362 688 poeta
405 637 608 677 hominem
653 651 822 676 auarum
865 638 936 688 qui
978 649 1104 687 usque
1148 635 1270 675 latius
1315 648 1407 676 suos
1450 635 1632 675 tenderet
1680 636 1794 675 fines:

246 698 383 748 quales
416 699 591 750 castigat
621 698 825 737 quenalis
851 697 947 735 XIV
976 698 1058 736 142
1074 708 1182 747 seqq.
1216 709 1315 746 quos
1347 695 1587 750 παροριστάς
1614 696 1795 747 appellat

242 757 358 797 tituli
389 760 529 797 auctor
553 758 624 797 ΑΡ
649 757 707 797 ΧΙ
734 759 838 798 209:
877 757 959 796 alia
996 757 1044 795 de
1082 757 1220 796 eadem
1259 756 1567 796 latifundiorum
1605 757 1794 807 cupidine

242 818 476 858 testimonia
525 818 687 871 collegit
730 818 777 857 A.
811 817 1048 857 Schultenus
1099 817 1163 856 die
1212 830 1333 856 roem.
1380 815 1795 856 Grundherrschaften

207 926 209 928 ι
243 877 424 917 Weimar
451 879 564 918 1896
591 892 629 930 p.
651 880 712 918 -12
729 891 856 929 seqq:
894 877 1078 929 inprimis
1117 877 1379 917 conferendus
1417 877 1628 928 ¹Appianus
1653 877 1690 916 b.
1717 890 1748 916 c.
1775 877 1796 916 Ι

245 951 331 990 cap.
361 940 397 977 7.
459 938 519 978 De
550 939 721 978 historia
753 940 975 978 carminum
1006 938 1154 977 Lucilii
1184 939 1323 989 magni
1352 939 1548 976 momenti
1585 940 1644 977 est
1677 937 1795 989 Capi-

243 999 363 1038 tolini
399 999 509 1038 istud
546 999 834 1038 testimonium.
901 998 1017 1037 Vnde
1059 999 1219 1037 constat
1258 999 1424 1037 exeunte
1469 999 1626 1037 saeculo
1658 1012 1696 1048 p.
1725 997 1793 1037 Oh.

246 1059 374 1098 altero
400 1058 549 1098 Lucilii
579 1059 836 1099 hemistichia
867 1060 1088 1098 etiamtunc
1113 1059 1155 1097 in
1182 1071 1249 1098 ore
1274 1058 1482 1097 hominum
1506 1058 1648 1097 fuisse:
1681 1059 1795 1097 cuius

69 1127 111 1170 ς’
183 1162 187 1166 ,
244 1120 438 1158 memoria
475 1119 568 1158 inde
597 1133 632 1159 ‘a
669 1120 827 1160 saeculo
852 1119 915 1158 III
956 1120 1120 1158 ineunte
1163 1118 1324 1157 uidetur
1366 1130 1528 1169 prorsus
1573 1119 1794 1158 euanuisse.

246 1179 299 1218 Et
340 1192 480 1218 reuera
513 1181 692 1219 ueterum
722 1183 933 1230 poetarum
964 1180 1131 1218 metrica
1162 1179 1285 1229 periit
1315 1179 1474 1218 saeculo
1500 1179 1558 1217 II:
1597 1179 1794 1229 Apuleius

246 1241 396 1279 senarii
420 1240 593 1280 Romani
623 1240 731 1292 leges
762 1252 905 1290 pamm
937 1241 1106 1279 nouerat
1137 1252 1226 1278 cum
1255 1240 1474 1289 yerminem
1502 1241 1591 1278 sata
1617 1239 1797 1289 posuerit

247 1301 290 1338 in
322 1301 478 1339 senario
510 1302 686 1340 extremo
718 1302 878 1339 metam.
905 1300 962 1338 IX
989 1301 1026 1339 8.

370 1354 513 1401 1104.
546 1361 701 1400 Nonius
726 1374 764 1411 p.
794 1362 892 1410 231,
920 1361 976 1399 30
1008 1373 1054 1398 ex
1087 1361 1350 1412 grammatico
1378 1356 1512 1398 ‘Utres
1539 1372 1614 1399 usu
1639 1361 1795 1411 generis

244 1420 457 1460 masculini
492 1422 652 1460 tantum
691 1421 809 1460 modo
844 1420 1099 1471 deputantur.
1142 1419 1277 1471 neutri
1319 1419 1499 1459 Lucilius
1533 1416 1795 1459 “Andronius

244 1481 383 1529 flaccln'
419 1482 530 1532 teget
566 1477 734 1520 utria”.’
803 1481 972 1520 Flacchi
1008 1482 1052 1519 in
1092 1480 1193 1520 codd
1229 1480 1352 1519 Nonii
1396 1479 1515 1519 sicuti
1558 1481 1796 1528 flacchorum

246 1540 315 1579 lib.
340 1540 399 1579 IV
424 1555 461 1579 u.
492 1542 588 1580 149.
655 1541 887 1580 Andronius
930 1541 1067 1580 Flacci
1110 1541 1228 1579 homo
1273 1553 1412 1580 seruus
1455 1540 1521 1579 uel
1570 1540 1795 1589 libertinus,

246 1600 376 1650 qualis
415 1603 502 1640 erat
539 1601 703 1640 Flaccus
735 1600 879 1640 Claudi
916 1600 1066 1640 tibicen
1103 1600 1298 1649 Terentii,
1336 1602 1454 1639 notus
1493 1602 1580 1639 tota
1617 1602 1660 1640 in
1698 1601 1795 1639 urbe

246 1662 411 1711 propter
436 1663 564 1700 artem
589 1674 709 1712 quam
736 1661 954 1700 exercebat.
1003 1660 1233 1699 Andronius
1255 1673 1401 1699 nomen
1421 1661 1642 1700 consociari
1661 1663 1797 1712 potest

247 1732 338 1759 cum
374 1720 541 1760 Andron
579 1722 698 1760 sicuti
735 1721 991 1772 Euphronius
1029 1733 1119 1760 cum
1157 1720 1367 1771 Euphron‚
1412 1720 1659 1771 Sophronias
1704 1733 1795 1759 cum

247 1779 442 1831 Sophron.
474 1783 593 1827 utria,
624 1782 651 1820 i.
677 1795 709 1820 e.
734 1779 883 1828 ἀσκούς
908 1780 1069 1820 uidetur
1094 1781 1224 1820 dicere
1249 1781 1428 1821 homines
1456 1781 1643 1831 ebriosos⁷
1676 1781 1796 1820 sicuti

245 1837 451 1880 helluones
501 1842 726 1892 appellauit
773 1844 928 1880 uentres
969 1841 1038 1880 lib.
1063 1841 1105 1880 Π
1130 1855 1167 1881 u.
1198 1842 1274 1880 75:
1316 1840 1569 1891 Antiphanes
1615 1840 1728 1879 GAF
1754 1841 1796 1879 H

247 1914 284 1951 p.
314 1902 381 1950 17,
410 1902 461 1941 19
478 1901 515 1940 K
552 1906 693 1941 τοῦτον
731 1895 804 1941 οὖν
843 1896 896 1940 δι’
923 1901 1202 1955 οἰνοφλυγίαν
1239 1899 1306 1940 καὶ
1343 1900 1467 1953 πάχος
1503 1906 1574 1940 τοῦ
1614 1900 1795 1952 σώματος

246 1958 371 2001 ἀσκὸν
401 1963 565 2002 καλοῦσι
595 1961 740 2009 πάντες
777 1960 1026 2015 οὑπιχώριοιε
1064 1959 1188 2002 ἀσκόν
1225 1974 1298 2012 pro
1336 1963 1476 2001 uentre
1514 1961 1594 2000 dici
1631 1963 1796 2012 exponit

248 2021 368 2061 schol.
396 2021 533 2072 Eurip.
559 2022 661 2061 Med.
690 2023 787 2061 679.
832 2025 938 2071 teyet,
969 2022 1180 2072 sandapila
1212 2022 1339 2061 elatos
1370 2021 1551 2061 homines
1583 2023 1693 2061 terra
1728 2021 1795 2060 ob·
1844 2050 1852 2058 .

247 2083 369 2133 teget,
400 2081 631 2121 Andronius
663 2082 865 2121 libitinam
896 2082 1057 2121 uidetur
1084 2083 1303 2122 exercuisse
1329 2082 1437 2133 apud
1462 2082 1642 2121 homines
1666 2081 1797 2120 infimi

247 2141 398 2181 ordinis
436 2144 477 2180 et
512 2143 800 2192 pauperrimos.
868 2142 929 2182 De
966 2143 1195 2193 quantitate
1234 2156 1260 2181 u
1297 2143 1458 2182 litterae
1495 2155 1573 2182 non
1620 2143 1796 2182 constat:

248 2203 391 2252 poetae
415 2201 641 2252 producunt
666 2215 820 2242 omnes:
849 2202 980 2242 locum
1006 2202 1260 2254 grammatici
1288 2215 1405 2253 quem
1431 2204 1614 2253 sequitur
1638 2203 1795 2242 Nonius

248 2261 411 2301 uidetur
445 2264 624 2312 spectare
655 2262 856 2302 Arnobius
881 2262 902 2301 1
928 2263 983 2302 59
1009 2276 1048 2313 p.
1076 2264 1144 2312 41,
1172 2264 1198 2301 4
1219 2259 1446 2302 Reiffersch.

372 2315 514 2362 1105.
546 2322 729 2361 Donatus
761 2322 812 2361 ad
841 2323 1020 2362 Terentii
1043 2322 1246 2373 Adelphos
1271 2322 1313 2361 II
1341 2325 1378 2372 1,
1406 2324 1460 2361 22
1496 2319 1572 2361 ‘Ex
1602 2323 1684 2362 tuis
1716 2323 1796 2361 uir-

249 2380 414 2420 tutibus.
477 2380 543 2421 Sic
580 2383 733 2421 ueteres
764 2395 837 2433 per
865 2382 1035 2421 ironiam
1075 2383 1246 2422 uirtutes
1283 2396 1357 2433 pro
1394 2382 1561 2434 flagitiis
1599 2382 1795 2422 dicebant.

249 2440 427 2481 Lucilius
454 2437 620 2482 “animo
645 2455 692 2481 ac
717 2438 999 2482 uirtutibus”.'
1047 2442 1127 2482 Cic.
1154 2442 1202 2481 de
1227 2442 1332 2494 legg.
1358 2442 1420 2480 III
1446 2443 1500 2481 36
1530 2439 1796 2493 ‘utinamque’

249 2502 394 2551 inquit,
427 2498 494 2540 εΜ.
515 2501 651 2542 Cicero
688 2503 767 2542 isto
799 2504 934 2542 animo
968 2504 1091 2553 atque
1130 2503 1281 2542 uirtute
1317 2503 1360 2541 in
1397 2515 1553 2542 summa
1589 2503 1796 2553 republica

250 2561 456 2601 nobiscum
492 2564 646 2602 uersari
683 2575 804 2613 quam
840 2564 883 2601 in
920 2563 1157 2614 municipali
1193 2559 1417 2602 maluisses'
1457 2563 1504 2602 de
1537 2576 1592 2602 or.
1619 2563 1681 2602 ΙΠ
1711 2565 1793 2603 139

253 2617 386 2660 ‘Plato
413 2652 420 2660 .
443 2652 450 2660 .
472 2652 480 2660 .
508 2623 632 2661 animi
663 2635 710 2662 ac
740 2623 904 2662 uirtutis
939 2620 1159 2675 magister'.

376 2675 519 2722 1106.
553 2681 715 2723 Seruius
747 2684 887 2722 auctus
925 2683 976 2722 ad
1007 2682 1180 2737 Vergilii
1210 2695 1344 2735 georg.
1370 2683 1390 2721 I
1419 2684 1501 2723 129
1538 2679 1645 2722 ‘Non
1682 2697 1795 2722 num-

253 2752 374 2789 quam
404 2753 476 2791 pro
507 2742 651 2790 faetere
682 2736 828 2796 (fetore
860 2737 982 2797 editt)
1012 2744 1178 2794 ponitur
1208 2744 1338 2793 uirus,
1377 2744 1423 2782 ut
1457 2743 1564 2793 apud
1595 2742 1796 2782 Lucilium

254 2795 438 2839 “anseris
462 2800 626 2840 herbilis
651 2798 824 2840 uirus’'.’
880 2802 1030 2842 Paulus
1055 2815 1102 2842 ex
1126 2803 1245 2842 Festo
1271 2817 1309 2853 p.
1339 2804 1424 2842 100
1451 2800 1641 2842 ‘Herbilis
1668 2815 1795 2852 anser,

253 2859 376 2898 herba
405 2861 558 2910 pastus,
589 2862 659 2910 qui
689 2861 879 2913 gracilior
909 2863 969 2901 est
1000 2875 1121 2911 quam
1145 2863 1346 2901 frumento
1384 2859 1518 2902 altus'.
1574 2862 1723 2914 Agitur
1748 2862 1795 2901 de

255 2931 395 2968 sapore
427 2921 576 2958 anseris
608 2922 724 2970 tetro,
755 2933 875 2970 quem
911 2922 1009 2960 scite
1046 2923 1252 2971 uituperat
1289 2921 1406 2960 homo
1444 2921 1614 2960 mundus
1646 2923 1795 2965 nescio-

254 2979 344 3028 quis
392 2978 482 3018 ideo
533 2979 638 3029 quod
687 2993 768 3019 non
816 2980 1016 3019 frumento
1067 2981 1172 3020 altus
1221 2981 1275 3020 sit
1323 2994 1396 3020 nec
1444 2981 1650 3033 saginatus
1698 2981 1796 3021 bene

254 3037 322 3077 sed
364 3040 572 3089 tamquam
614 3039 785 3081 rusticus
827 3040 1105 3080 tantummodo
1147 3040 1270 3079 herba
1306 3042 1446 3091 pastus
1496 3041 1628 3081 fuerit.
1696 3041 1803 3082 Gonf
