2060 3444
881 244 914 281 V
939 256 974 280 u.
1003 246 1204 280 210—213.
1758 244 1812 288 87

262 361 423 401 uidetur
453 362 575 412 poeta
605 372 725 411 porco
758 371 1011 410 comparasse
1043 359 1154 399 cuius
1195 358 1315 411 pedes
1348 360 1388 398 et
1418 360 1592 399 rostrum
1624 357 1744 408 πόδες
1774 360 1815 399 et

262 421 405 476 ῥύγχος
449 434 530 461 una
574 421 936 460 commemorantur
980 433 1043 471 ap.
1082 418 1227 459 Alexin
1273 418 1387 459 GAF
1417 419 1459 458 H
1489 433 1527 470 p.
1557 420 1661 470 335,
1696 420 1749 460 15
1777 420 1813 459 K

261 480 446 535 ποδάρια,
471 480 596 535 ῥύγχη
621 479 724 532 τινά,
751 475 879 533 ὠτάρι’
909 479 996 520 ὕεια
1022 479 1290 531 Theophilum
1316 480 1341 518 1.
1362 492 1391 519 s.
1411 494 1449 531 p.
1472 479 1571 530 475,
1598 481 1623 519 8
1650 480 1813 535 ῥυγχίον

259 543 394 594 κωλῆν
437 540 566 589 πόδας
610 538 792 594 τέτταρας
831 538 966 588 ὑείους
1008 539 1224 579 Anaxilam
1268 540 1293 578 l.
1320 552 1349 580 s.
1377 553 1413 591 p.
1443 540 1548 590 269,
1590 542 1643 580 19
1687 539 1812 595 ῥύγχη

259 600 386 650 πόδας
419 597 582 656 (Athen.
602 600 665 640 IH
690 615 728 652 p.
752 602 805 640 95
827 600 982 640 A—96
1004 594 1070 654 E).
1128 599 1319 639 Rostrum
1350 601 1540 651 posuerat
1565 599 1613 639 de
1638 601 1812 641 hominis

258 663 361 702 facie
392 662 525 702 Plaut.
545 662 789 701 Menaechm.
818 662 886 711 89,
919 660 1015 701 conf
1052 660 1100 700 de
1131 660 1206 700 hoc
1242 660 1444 700 uocabulo
1481 660 1642 713 uulgari
1680 661 1810 701 Diezii

258 723 563 763 uocabularium
617 722 930 775 etymologicum
984 721 1109 774 lingu.
1150 720 1264 761 Rom.
1307 715 1421 775 (edit.
1459 715 1595 775 1887)
1648 735 1685 772 p.
1724 723 1810 762 484

258 784 385 823 Lucil.
411 785 549 823 incert.
577 797 613 822 u.
637 784 764 822 1121.
835 781 911 829 Qui
955 781 1135 833 loquitur
1177 781 1274 821 urbe
1319 782 1456 821 cedere
1502 782 1659 821 mauult
1691 795 1812 833 quam

258 846 438 895 spectare
476 845 605 884 fastus
644 844 684 882 et
720 843 958 883 iactantiam
989 843 1188 893 praetoris
1220 842 1420 894 designati
1452 842 1625 882 hominis
1656 843 1809 882 rustici.

257 905 424 944 Librum
449 904 486 942 V
524 905 616 955 post
654 916 802 942 annum
842 898 1040 956 635s119
1081 904 1121 942 et
1159 904 1252 942 ante
1298 898 1499 955 644s110
1543 903 1809 954 compositum

257 978 343 1005 esse
377 964 552 1005 efficitur
583 963 639 1004 eis
674 976 775 1014 quae
807 963 980 1003 diximus
1007 963 1059 1003 ad
1088 963 1146 1002 XI
1177 977 1214 1002 u.
1236 963 1336 1003 418.
1391 963 1485 1003 Non
1518 963 1691 1003 multum
1716 965 1810 1004 ante

257 1038 408 1065 annum
449 1024 648 1078 639s115
692 1025 856 1075 praetor
898 1025 986 1063 erat
1025 1022 1066 1063 G.
1101 1022 1299 1063 Caecilius
1343 1023 1527 1063 Metellus
1572 1025 1808 1076 cognomine

258 1084 474 1138 Caprarius
513 1080 574 1140 (P.
594 1083 856 1124 Wehrmanni
893 1084 991 1125 fasti
1028 1083 1223 1136 praetorii
1259 1098 1296 1136 p.
1320 1078 1396 1139 14)
1436 1085 1506 1135 qui
1547 1085 1684 1125 consul
1722 1086 1810 1125 erat

258 1147 341 1186 641
349 1142 470 1200 s113.
534 1145 612 1192 Qui
648 1144 805 1184 Lucilio
843 1146 962 1184 notus
994 1146 1082 1184 erat
1111 1144 1220 1194 ideo,
1258 1144 1365 1195 quod
1404 1145 1511 1196 apud
1541 1145 1808 1186 Numantiam

254 1206 353 1246 item
395 1206 595 1258 stipendia
638 1206 839 1245 meruerat
875 1204 998 1245 ductu
1038 1206 1298 1256 auspicioque
1339 1205 1557 1257 Scipionis,
1601 1207 1671 1257 qui
1716 1219 1808 1246 eum

254 1267 374 1307 ualde
418 1267 548 1307 odisse
588 1266 752 1305 uidetur
789 1266 908 1306 sicuti
945 1267 1075 1306 totam
1112 1265 1196 1306 eius
1234 1264 1432 1306 familiam
1471 1260 1570 1320 (Cic.
1597 1266 1646 1306 de
1684 1279 1739 1306 or.
1765 1267 1808 1306 H

258 1322 375 1381 267).
447 1326 631 1379 Caprarii
667 1326 903 1379 cognomine
940 1326 1061 1366 homo
1099 1326 1246 1366 nobilis
1284 1339 1363 1366 non
1406 1327 1567 1378 poterat
1611 1327 1808 1378 appellari

253 1387 334 1428 nisi
365 1390 452 1428 erat
482 1388 658 1427 rusticus
691 1388 732 1426 et
763 1386 926 1439 pinguis
953 1400 1072 1438 quem
1096 1387 1209 1427 asino
1235 1386 1463 1439 proximum
1489 1383 1625 1438 Scipio
1651 1386 1808 1427 dixerat

254 1448 508 1488 stomachans
547 1442 646 1502 (Cic.
667 1448 692 1486 l.
714 1442 775 1502 s.).
836 1448 981 1499 Itaque
1024 1448 1162 1487 incert.
1195 1461 1233 1486 u.
1263 1448 1378 1488 1130
1419 1444 1606 1487 ‘Oecilius
1643 1450 1808 1499 praetor

254 1522 303 1549 ne
345 1510 518 1549 rusticus
561 1505 648 1547 fiat'
694 1508 747 1548 ad
782 1508 887 1548 hunc
924 1508 1057 1560 ipsum
1096 1507 1334 1558 Caprarium
1376 1507 1566 1547 uidentur
1604 1509 1806 1559 pertinere

253 1569 436 1620 libroque
473 1569 511 1606 V
554 1568 697 1608 debere
733 1568 867 1608 inseri.
938 1568 1024 1614 Quo
1066 1568 1169 1608 libro
1213 1569 1247 1608 si
1285 1581 1333 1608 ea
1369 1569 1657 1619 narrabantur,
1702 1582 1804 1620 quae

253 1629 371 1670 modo
405 1630 520 1669 erant
552 1630 665 1681 gesta
696 1629 817 1679 paulo
849 1630 1064 1679 postquam
1094 1629 1258 1680 praetor
1282 1628 1515 1681 designatus
1543 1630 1630 1669 erat
1656 1628 1803 1681 Capra·
1871 1683 1875 1686 γ

253 1691 350 1741 rius,
382 1702 486 1730 anno
518 1689 600 1729 fere
634 1690 719 1728 638
727 1684 835 1742 s116
871 1702 962 1728 eum
992 1688 1259 1740 compositum
1290 1691 1373 1729 esse
1405 1690 1638 1729 statuemus.

374 1744 486 1790 212.
512 1749 668 1789 Nonius
687 1762 725 1800 p.
749 1749 846 1799 158,
874 1750 927 1789 33
958 1746 1096 1789 ‘Pecus
1127 1761 1207 1788 non
1233 1750 1363 1789 solum
1388 1750 1615 1802 quadrupes
1642 1751 1804 1801 animal,

253 1823 394 1850 uerum
425 1810 559 1850 omnia
590 1808 784 1849 animalia
819 1809 991 1860 pecudes
1030 1809 1228 1849 dicuntur.
1257 1841 1264 1848 .
1287 1841 1294 1848 .
1317 1841 1324 1848 .
1363 1809 1543 1850 Lucilius
1575 1812 1803 1862 satyrarum

251 1871 320 1910 lib.
340 1870 379 1909 V
405 1867 623 1910 “lasciuire
647 1881 767 1921 pecus
792 1871 872 1909 nisi
895 1871 1094 1920 nostrique
1118 1866 1402 1921 repandum’'.’
1459 1870 1562 1909 Vide
1589 1871 1641 1911 ad
1664 1871 1802 1910 incert.

252 1945 291 1970 u.
315 1931 441 1971 1303.
503 1929 585 1983 Agi
622 1929 670 1969 de
710 1930 909 1981 delphinis
946 1930 1233 1970 intellexerunt
1267 1930 1330 1970 illi
1368 1931 1439 1982 qui
1469 1943 1629 1971 uersum
1671 1945 1802 1971 emen-

252 1992 401 2031 darunt
437 1991 629 2042 tangique
667 1990 836 2030 Pacuuii
871 2003 1031 2030 uersum
1070 1985 1176 2045 (408
1197 1985 1252 2046 R)
1287 1988 1423 2031 ‘Nerei
1458 1992 1801 2044 repandirostrum

250 2052 611 2106 incuruiceruicum
651 2045 767 2105 (conf
794 2050 1244 2104 μακροκαμπυλαύχενες
1274 2051 1503 2103 Epicharm.
1536 2053 1591 2091 46
1625 2047 1801 2107 Kaibel.)

250 2109 398 2163 pecus’.
473 2111 603 2151 Sicuti
644 2111 782 2150 incert.
811 2125 848 2150 u.
882 2112 995 2150 1126
1049 2113 1278 2152 transuerso
1323 2112 1461 2152 ordine
1504 2112 1642 2164 posuit
1683 2114 1801 2152 metri

250 2173 486 2212 necessitate
524 2172 683 2211 coactus
721 2172 945 2222 camphv'moi
981 2184 1054 2223 pro
1091 2173 1358 2222 hippocampi,
1395 2173 1455 2212 ita
1490 2173 1567 2213 hoc
1603 2174 1691 2213 loco
1729 2187 1802 2224 per

249 2234 382 2272 iocum
412 2232 533 2272 rostri
557 2231 779 2283 repandum
803 2245 875 2283 pro
901 2232 1256 2284 repandirostrum.
1311 2232 1641 2284 Repandinasum
1665 2235 1800 2272 utrum

249 2293 429 2332 Lucilius
466 2293 552 2343 ipse
588 2291 747 2331 finxerit
783 2291 950 2332 Pacuuii
984 2306 1057 2344 per
1093 2294 1228 2332 iocum
1266 2294 1463 2343 aemulus,
1505 2306 1557 2333 an
1593 2293 1709 2334 Accii
1747 2294 1801 2334 sit

252 2353 406 2392 aliusue
448 2353 609 2403 poetae,
649 2352 847 2392 incertum
891 2355 960 2392 est.
1035 2352 1185 2405 Agitur
1228 2353 1276 2393 de
1320 2353 1519 2405 delphinis
1564 2354 1633 2405 qui
1677 2367 1799 2395 naues

252 2412 494 2452 Graecorum
525 2411 647 2452 Troia
675 2412 928 2452 redeuntium
966 2413 1210 2453 comitantur
1246 2413 1452 2453 ludentes:
1492 2414 1562 2465 qui
1592 2415 1702 2454 locus
1733 2416 1799 2454 uel

250 2474 294 2512 in
330 2473 501 2512 Heronis
538 2472 800 2512 Alexandrini
838 2475 1055 2514 automatis
1092 2487 1130 2525 p.
1152 2475 1239 2513 414
1272 2473 1330 2514 ed.
1358 2473 1548 2514 Guilelmi
1587 2473 1800 2514 Schmidtii

250 2533 359 2584 Lips.
382 2534 494 2573 1899
523 2546 560 2583 p.
581 2534 687 2583 414,
721 2534 745 2572 9
772 2546 881 2584 seqq.
925 2535 1047 2574 tertio
1092 2536 1184 2574 actu
1226 2535 1466 2585 pantomimi
1508 2534 1675 2587 Nauplii
1718 2547 1798 2574 non

251 2594 339 2632 erat
368 2594 582 2646 neglectus.
639 2594 699 2633 De
723 2593 881 2633 Latinis
906 2593 999 2634 uide
1023 2594 1111 2633 Liu.
1137 2594 1262 2634 Andr.
1288 2593 1469 2647 Aegisth.
1498 2595 1522 2634 5
1544 2595 1590 2634 R.
1648 2594 1799 2635 Seneca

250 2652 392 2705 Agam.
426 2654 512 2693 449
539 2666 647 2704 seqq.
704 2653 843 2692 Panda
867 2655 976 2694 naris
1008 2654 1186 2706 delphini
1215 2655 1363 2695 dicitur
1388 2655 1437 2694 ab
1465 2653 1610 2695 Ouidio
1635 2657 1796 2696 metam.

250 2713 313 2752 111
340 2714 439 2764 674,
464 2713 642 2765 pandum
667 2713 827 2753 dorsum
853 2727 877 2753 a
903 2713 1053 2755 Seneca
1084 2715 1109 2754 1.
1132 2727 1160 2754 s.
1182 2727 1210 2754 s.
1238 2716 1338 2766 450,
1369 2716 1555 2756 lasciuire
1588 2715 1796 2766 delphinos

250 2774 403 2824 primus
455 2774 612 2812 dixerat
653 2773 793 2813 Liuius
836 2774 862 2813 l.
888 2786 917 2813 s.
944 2787 973 2814 s.
1019 2772 1232 2815 ‘lasciuum
1274 2775 1396 2815 Nerei
1451 2777 1598 2816 simum
1647 2772 1797 2827 pecus',

250 2835 338 2872 tum
364 2832 514 2873 Seneca
537 2833 563 2872 1.
584 2845 613 2872 s.
635 2833 734 2879 454,
761 2831 929 2873 Ouidius
954 2835 980 2873 l.
1001 2846 1030 2874 s.
1053 2835 1151 2885 685,
1183 2835 1284 2874 Plin.
1311 2837 1393 2875 nat.
1419 2835 1512 2875 hist.
1531 2835 1670 2874 XVIH
1697 2836 1794 2875 361.

372 2887 482 2934 213.
525 2892 676 2932 Gellius
700 2892 802 2933 Vm
829 2894 853 2932 5
895 2891 1014 2940 ‘Quid
1050 2894 1152 2934 illud
1183 2896 1255 2945 sit,
1295 2895 1402 2946 quod
1440 2895 1643 2948 Vergilius
1676 2889 1794 2949 (Aen.

249 2953 329 2991 XII
354 2948 461 3008 407)
494 2953 647 2992 caelum
678 2955 785 2994 stare
823 2955 987 3004 puluere
1025 2956 1065 2994 et
1097 2954 1203 3006 quod
1233 2954 1412 2995 Lucilius
1448 2957 1585 3007 pectus
1618 2955 1795 2996 sentibus

250 3014 356 3053 stare
388 3010 517 3053 dixit’.
572 3013 728 3054 Nonius
758 3027 796 3066 p.
819 3015 917 3068 392,
946 3016 969 3053 2
1005 3012 1112 3054 ‘Stat
1144 3009 1265 3055 etiam
1296 3016 1459 3067 plenum
1490 3018 1560 3056 est.
1617 3015 1794 3056 Lucilius
