2060 3444
828 268 947 305 XXIX
972 281 1008 305 u.
1036 272 1236 306 854—861.
1722 269 1810 313 293

257 378 397 437 (1474
424 384 465 423 in
492 383 678 436 catalogo
704 383 884 436 Helbigii
911 383 958 422 ed
977 378 1038 437 ΙΙ)
1070 396 1160 423 cum
1191 384 1453 434 inscriptione
1481 382 1577 423 CIL
1598 383 1671 423 XV
1695 386 1809 425 7194

259 441 375 496 ‘fugi‚
401 445 493 483 tene
518 440 596 483 me’
625 456 656 482 e.
678 457 715 494 q.
735 456 778 493 s.‚
804 444 1004 483 columbar
1029 443 1210 494 appellat
1229 442 1398 482 Plautus
1424 457 1495 494 per
1514 445 1647 484 iocum
1668 445 1811 485 collare

257 504 356 543 Rud.
385 504 470 543 888
516 503 633 555 quale
688 503 847 543 exhibet
889 503 1044 543 uasculi
1087 503 1245 554 pictura
1289 503 1536 543 Duemmleri
1580 517 1716 556 opusc.
1748 506 1806 549 ΙΙΙ

255 578 294 615 p.
316 565 384 604 24.
445 564 641 614 deportem
672 564 912 604 uocabulum
943 564 1132 613 militare,
1164 564 1189 602 i.
1211 576 1242 603 e.
1271 563 1433 603 domum
1465 564 1682 604 deducam:
1715 566 1809 605 uide

254 625 494 676 interpretes
538 624 589 663 ad
627 623 715 663 Liu.
748 624 917 663 XXXIX
951 625 1026 674 38,
1061 625 1098 663 5.
1133 625 1170 662 9.
1234 622 1442 663 Gloriatur
1485 625 1690 664 meretrix:
1735 638 1808 678 ego

256 684 460 737 deportem
499 685 715 736 profugum
754 687 975 724 amatorem
1012 684 1173 723 domum
1210 696 1340 723 meam
1378 686 1424 723 ut
1462 685 1680 737 fugitiuum
1719 699 1808 726 cum

255 745 438 785 uinculis
462 744 658 784 dominus.

375 799 487 846 856.
514 805 673 845 Nonius
698 819 736 856 p.
760 807 858 857 271,
881 806 935 844 22
964 801 1214 854 ‘Oonuenire,
1237 805 1507 856 interpellare.
1543 837 1549 844 .
1573 837 1580 845 .
1602 836 1610 845 .
1630 806 1808 847 Lucilius

254 865 322 905 lib.
351 865 590 904 XXVIIII
605 862 734 905 “haec
760 868 801 905 lu
898 866 1129 914 insidiisque
1149 860 1388 919 (insidisque
1408 866 1446 904 L
1465 878 1515 905 m.
1545 860 1590 920 1)
1614 864 1806 906 locaui''.’

255 925 365 965 Idem
397 939 435 977 p.
457 926 556 976 340,
584 926 638 965 25
681 923 863 975 ‘Locare‚
901 938 1057 977 parare.
1120 925 1297 965 Lucilius
1336 925 1403 964 lib.
1432 926 1646 966 XXVIII
1678 924 1808 967 “haec

236 989 336 1026 lum
362 1017 370 1024 .
393 1017 430 1025 ..
457 986 540 1025 tela
573 980 673 1040 (tale
714 980 864 1040 Guelf.)
903 987 1148 1035 insidiaeque
1185 982 1378 1026 locaui'’.'
1448 982 1573 1026 Libro
1612 987 1808 1027 XXVIIII

255 1046 497 1086 ascribemus
535 1047 643 1098 quod
680 1047 840 1086 facilius
878 1059 1000 1086 unam
1037 1046 1196 1086 hastam
1235 1046 1368 1086 omitti
1406 1048 1521 1097 patet
1560 1047 1716 1087 librarii
1749 1049 1808 1087 in-

255 1107 366 1146 curia
410 1119 530 1158 quam
575 1106 679 1146 addi.
754 1107 896 1158 Neque
948 1107 1070 1146 uerba
1121 1119 1222 1157 quae
1265 1106 1478 1158 utrobique
1519 1107 1672 1147 tradita
1715 1112 1810 1148 sunt

253 1166 498 1207 mutabimus
541 1168 635 1206 leaeo
671 1199 676 1206 .
700 1198 737 1205 ..
771 1169 984 1207 conuentus
1027 1168 1103 1207 tela
1136 1198 1143 1206 .
1172 1198 1179 1206 .
1209 1198 1216 1205 .
1252 1167 1402 1206 locaui:
1446 1180 1566 1218 quam
1610 1169 1807 1208 rationem

254 1229 381 1268 secuti
412 1230 494 1267 lum
526 1227 645 1267 scribi
676 1233 834 1268 necesse
867 1240 951 1267 esse
979 1229 1212 1267 statuemus.
1270 1226 1394 1267 Porro
1423 1241 1551 1278 neque
1577 1229 1809 1279 insidiisque

254 1301 383 1339 neque
414 1288 657 1338 insidiaeque
689 1301 786 1327 uera
818 1301 902 1328 esse
934 1290 1067 1339 potest
1098 1289 1315 1339 scriptura:
1348 1287 1416 1327 sed
1444 1288 1687 1338 insidiasque
1718 1302 1807 1329 cum

254 1347 356 1388 editt
392 1349 481 1387 uett
520 1350 581 1387 est
617 1348 867 1388 scribendum
906 1348 1014 1400 quod
1051 1349 1253 1400 pertineat
1291 1347 1342 1387 ad
1379 1349 1509 1388 loeaui
1544 1349 1721 1400 positum
1765 1352 1806 1389 in

253 1420 394 1448 uersus
426 1409 536 1448 exitu
567 1420 640 1460 pro
673 1409 861 1448 collocaui
890 1409 956 1448 uel
981 1410 1112 1459 posui.
1170 1410 1403 1458 conuentus,
1434 1410 1482 1448 ut
1505 1408 1593 1448 Liu.
1619 1409 1700 1449 VH
1721 1411 1759 1461 5,
1781 1412 1805 1450 3

255 1465 436 1509 ‘ianitori
485 1481 584 1519 opus
635 1481 720 1509 esse
771 1469 847 1509 sibi
897 1469 1057 1508 domino
1104 1469 1188 1508 eius
1234 1469 1429 1508 conuento
1474 1470 1673 1521 extemplo
1718 1468 1804 1510 ait’.

253 1529 541 1580 Interpellatus
574 1542 598 1568 a
630 1531 837 1569 meretrice
868 1543 917 1569 ne
949 1529 1235 1569 blandimentis
1268 1530 1425 1569 animus
1460 1529 1678 1580 irretiatur,
1710 1531 1807 1571 haec

252 1589 336 1628 tela
366 1589 610 1640 insidiasque
637 1591 791 1641 paraui.

375 1644 486 1690 857.
518 1649 673 1691 Nonius
705 1664 743 1701 p.
765 1651 864 1700 300,
892 1652 948 1690 20
980 1647 1179 1689 ‘Eiectum
1205 1649 1356 1689 dictum
1383 1650 1596 1690 exclusum.
1632 1681 1639 1689 .
1663 1683 1669 1690 .
1692 1682 1699 1690 .
1726 1651 1805 1691 Lu-

254 1709 370 1748 cilius
409 1709 477 1748 lib.
498 1709 693 1749 XXVIIII
735 1707 835 1749 “ubi
873 1712 961 1749 erat
996 1712 1146 1760 seopios
1183 1710 1308 1749 eicere
1431 1707 1668 1750 amorem''.’
1739 1713 1808 1751 ubi

255 1771 339 1809 erat
361 1781 502 1818 scopus
526 1769 678 1819 Iunius,
710 1771 777 1810 ubi
803 1773 888 1810 erat
911 1771 1086 1820 kopioses
1110 1770 1403 1821 L'achrmmnus,
1429 1771 1537 1822 quod
1563 1771 1806 1811 uocabulum

253 1830 454 1870 sententia
484 1842 563 1869 non
596 1830 906 1870 commendatur.
963 1832 1031 1870 ubi
1063 1833 1147 1870 erat
1176 1831 1378 1870 scabiosus
1407 1832 1627 1882 temptaui:
1658 1833 1806 1872 scabies

254 1889 303 1929 de
335 1891 482 1937 amoris
507 1890 656 1941 impuri
680 1891 887 1943 prurigine
913 1891 1087 1931 Martial.
1114 1890 1172 1929 VI
1193 1892 1262 1940 37,
1283 1892 1308 1929 4
1336 1890 1393 1929 XI
1416 1893 1453 1941 7,
1475 1892 1518 1930 6:
1546 1892 1805 1932 antecedebat

253 1949 427 1990 debebas.
490 1950 721 1990 Terentium
753 1952 866 2002 sequi
897 1950 1057 1991 uidetur
1087 1950 1267 1991 Lucilius
1299 1952 1371 2002 qui
1401 1950 1526 1990 Andr.
1555 1953 1639 1992 307
1667 1965 1803 1992 secun-

254 2010 350 2050 dum
381 2010 480 2050 codd
515 2007 681 2062 ‘quanto
720 2013 848 2051 satius
887 2013 944 2051 te.
963 2011 1006 2051 id
1047 2011 1141 2050 dare
1174 2024 1335 2063 operam
1368 2012 1441 2063 qui
1470 2013 1596 2052 istum
1627 2025 1802 2053 amorem

253 2083 300 2110 ex
333 2071 466 2111 animo
498 2083 686 2111 amoueas
717 2074 799 2122 tuo,
832 2085 954 2122 quam
992 2071 1034 2112 id
1066 2071 1177 2123 loqui
1211 2084 1291 2123 quo
1322 2073 1451 2125 magis
1483 2072 1620 2112 lubido
1653 2073 1803 2114 frustra

253 2130 490 2171 incendatur
522 2128 607 2171 tua'
642 2131 788 2182 quibus
820 2132 868 2172 de
900 2132 1083 2172 uersibus
1115 2132 1320 2172 Vahlenus
1354 2134 1438 2185 egit
1470 2132 1738 2184 Sitzungsber.
1766 2135 1801 2173 d.

252 2191 358 2231 Berl.
384 2190 512 2230 Akad.
543 2193 654 2231 1901
684 2206 721 2244 p.
744 2193 841 2232 352.
871 2193 968 2232 353.
1019 2192 1076 2231 At
1100 2192 1267 2232 metrica
1293 2193 1436 2232 suadet
1460 2195 1507 2232 ut
1530 2193 1636 2233 tanti
1660 2195 1802 2245 quanti

252 2251 458 2291 Bentleius
491 2251 691 2301 quondam
724 2265 796 2292 nos
833 2252 952 2293 hodie
991 2252 1186 2292 faciamus
1218 2265 1307 2292 eam
1338 2253 1550 2293 lectionem
1581 2267 1703 2305 quam
1734 2254 1802 2294 ad-

252 2312 370 2350 notat
405 2310 588 2351 Donatus
627 2311 677 2351 ad
715 2312 893 2352 Andriae
930 2313 955 2351 1.
976 2325 1005 2352 s.
1026 2326 1054 2353 s.
1090 2310 1175 2364 ‘qui
1211 2313 1334 2353 istum
1372 2326 1548 2353 amorem
1592 2327 1639 2353 ex
1684 2314 1801 2354 corde

253 2367 399 2411 eicias’.

374 2425 486 2472 859.
517 2431 672 2471 Nonius
709 2446 747 2483 p.
770 2433 874 2482 391,
902 2433 955 2472 25
992 2430 1140 2483 ‘Stare,
1173 2434 1291 2485 erigi,
1323 2433 1558 2484 prominere.
1621 2434 1801 2474 Lucilius

253 2490 320 2529 lib.
341 2490 536 2530 XXVIIII
562 2492 642 2545 lita.
665 2492 888 2532 Leidensis:
921 2491 1120 2532 Guelferb.
1144 2487 1367 2545 XXVIII)
1396 2490 1493 2533 “hic
1522 2526 1528 2532 .
1552 2525 1558 2531 .
1582 2525 1588 2532 .
1614 2495 1800 2546 papyllas

257 2582 262 2588 .
280 2582 286 2588 .
304 2581 311 2589 .
325 2548 608 2591 marmoreo”.’
644 2549 801 2604 ‘corpus
815 2553 987 2592 solidum
1002 2555 1042 2592 et
1055 2553 1140 2593 suci
1153 2549 1331 2605 plenum'
1347 2553 1504 2593 Terent.
1519 2554 1619 2593 Eun.
1636 2555 1733 2593 318.
1743 2576 1799 2582 -

254 2612 362 2651 stare
387 2611 561 2662 papillas
587 2613 746 2664 pectore
772 2626 1009 2653 marmoreo:
1042 2613 1228 2653 similiter
1247 2613 1504 2653 Philodemus
1530 2613 1607 2653 ΑΡ
1625 2613 1662 2650 V
1685 2617 1752 2664 12,
1774 2616 1798 2654 3

253 2667 330 2710 κάν
361 2668 535 2724 στέρνοις
572 2670 626 2712 ἔτι
663 2675 774 2712 κεῖνα
812 2671 858 2712 τὰ
897 2672 1063 2726 λύγδινα
1104 2673 1228 2713 κώνια
1266 2679 1424 2725 μαστῶν
1463 2671 1624 2726 ἕστηκεν
1662 2674 1800 2726 μίτρης

256 2728 388 2783 γυμνὰ
419 2730 719 2784 περιδρομάδος.

375 2785 488 2832 861.
518 2791 673 2831 Nonius
704 2806 741 2843 p.
764 2794 863 2842 220,
890 2795 914 2831 3
950 2790 1156 2843 ‘Polypus
1173 2795 1329 2844 generis
1365 2794 1557 2832 feminini.
1620 2795 1799 2834 Lucilius

253 2849 321 2889 lib.
348 2850 543 2889 XXVIIII
576 2848 812 2903 “paulisper
842 2853 904 2891 eui
934 2854 1139 2892 medemtia
1165 2848 1428 2906 (medemptia
1455 2848 1510 2907 G)
1530 2854 1678 2893 medem
1700 2854 1800 2894 haec

254 2922 295 2949 se
321 2911 367 2948 ut
390 2911 562 2961 polypus
586 2908 735 2963 ipsa’'.’
792 2911 1088 2952 Lachmannus:
1107 2913 1317 2962 paulisper
1341 2913 1544 2952 comedent
1559 2915 1640 2952 iam
1666 2915 1800 2954 eadem

253 2970 348 3009 haec
377 2981 418 3009 se
447 2972 491 3008 ut
512 2971 687 3021 polypus
716 2973 816 3021 ipsa.
880 2971 1074 3023 Scaliger:
1112 2972 1321 3021 Paulisper
1357 2973 1556 3012 comedens
1594 2973 1677 3013 edet
1705 2975 1800 3014 haec

253 3041 305 3075 se,
337 3032 380 3069 ut
397 3030 581 3081 polypus,
606 3032 717 3082 ipsa:
740 3030 846 3071 idem
871 3031 1012 3071 Alcaei
1037 3032 1179 3072 comici
1204 3031 1328 3072 uerba
1353 3033 1494 3072 attulit
1519 3045 1565 3072 ex
1591 3032 1798 3077 Athenaeo
