2060 3444
292 278 379 319 424
779 278 908 314 ineert.
936 278 1011 313 sed.
1038 290 1072 313 u.
1103 282 1347 314 1319—1322.

291 392 333 428 in
388 391 683 440 comparatione
739 390 889 430 diuersi
950 391 1103 442 generis
1164 404 1227 442 ap.
1258 391 1363 431 Plut.
1394 387 1522 443 praec.
1554 406 1633 445 ger.
1665 394 1762 444 reip.
1795 394 1820 433 3

414 504 555 549 1321.
599 510 751 549 Nonius
793 523 838 549 ex
888 510 1148 562 grammatico
1186 524 1223 562 p.
1252 512 1326 560 43,
1355 512 1407 550 15
1454 508 1621 551 ‘Vernas
1670 514 1822 551 ueteres

293 569 550 619 appellabant
581 570 650 620 qui
682 583 773 608 uere
806 582 917 609 sacro
949 570 1109 609 fuerant
1139 570 1235 620 nati,
1267 572 1307 609 et
1336 570 1557 610 habebatur
1580 585 1723 611 nomen
1748 571 1823 611 hoc

292 641 363 678 pro
400 628 561 668 uitabili
598 629 820 668 maledicto.
949 629 1127 668 Lucilius
1166 627 1323 669 “uerna
1359 642 1467 669 aecer
1503 633 1608 679 cupit
1643 627 1820 670 hecon'’.'

291 686 455 727 uernam
486 700 533 727 ac
572 690 849 738 cercopithecon
880 688 1086 728 Mercerus.
1159 690 1194 727 V
1193 702 1288 728 orna
1324 702 1396 740 pro
1434 691 1611 730 conuicio
1647 690 1823 741 positum

268 760 375 797 esse
401 747 569 786 adnotat
593 748 746 786 Nonius
773 761 834 798 ap.
861 748 994 787 Plaut.
1021 748 1219 799 Amphitr.
1249 750 1344 788 179.
1373 750 1485 789 1033
1515 746 1620 789 ‘cum
1645 751 1824 790 cruciatu

291 809 360 846 tuo
391 808 517 847 istaec
553 807 689 857 hodie,
727 821 866 858 uerna,
904 807 1026 847 uerba
1064 805 1277 848 funditas’:
1314 809 1476 848 uidetur
1505 809 1652 849 Lucilii
1687 822 1824 849 uersus

292 868 444 918 positus
491 880 553 917 ap.
598 867 773 906 Nonium
815 869 921 907 inter
961 868 1038 907 duo
1083 868 1218 908 Plauti
1266 881 1403 908 uersus
1452 870 1495 907 in
1541 870 1824 909 commentario

291 926 597 978 Amphitruonis
629 928 750 966 fuisse
783 927 1006 979 adscriptus
1039 928 1089 967 ad
1118 942 1154 966 u.
1183 929 1279 967 179.
1329 928 1506 968 Lucilius
1532 930 1656 980 igitur
1681 929 1823 968 descri-

293 987 353 1025 bit
381 984 581 1026 hominem
614 1000 821 1037 procacem
853 989 893 1026 et
923 990 1081 1038 turpem
1107 988 1236 1039 qualis
1263 990 1322 1027 est
1348 989 1474 1027 simia.
1501 1010 1560 1015 -—-
1585 989 1824 1039 cercopithe-

293 1059 357 1085 cos
383 1048 444 1085 est
470 1047 607 1084 simiae
633 1060 757 1097 genus
782 1047 824 1084 in
843 1046 1030 1098 Aegypto
1057 1042 1168 1100 (uide
1193 1047 1430 1098 interpretes
1457 1047 1506 1087 ad
1526 1048 1663 1087 quen.
1683 1047 1758 1087 XV
1778 1043 1823 1102 4)

292 1107 332 1145 et
369 1105 585 1155 Aethiopia
627 1101 745 1158 (Plin.
773 1108 853 1145 nat.
879 1107 971 1145 hist.
998 1106 1096 1145 Vm
1124 1102 1215 1161 72);
1266 1108 1389 1146 etiam
1437 1108 1480 1146 in
1519 1107 1636 1146 India
1676 1107 1824 1147 bestias

291 1165 391 1204 tales
423 1166 536 1216 gigni
567 1168 706 1204 narrat
731 1165 861 1205 Strab.
887 1165 960 1204 XV
985 1178 1025 1218 p.
1054 1167 1138 1205 699
1158 1167 1245 1205 init.
1308 1167 1555 1206 Vocabulum
1593 1167 1739 1207 fictum·
1766 1169 1826 1207 est

291 1227 337 1263 ut
368 1223 669 1276 χοιροπίθηκος;
707 1225 815 1276 apud
855 1225 1053 1264 Lucilium
1090 1227 1264 1276 primum
1300 1226 1460 1265 uidetur
1496 1227 1671 1266 inueniri
1708 1239 1826 1278 quem

293 1285 625 1333 studiosissimum
669 1285 791 1324 fuisse
834 1287 1107 1335 portentorum
1154 1298 1254 1336 quae
1298 1285 1438 1326 Africa
1486 1288 1593 1326 terra
1642 1288 1826 1337 procreat

292 1344 571 1383 adnotauimus
617 1344 666 1382 ad
710 1344 777 1383 lib.
808 1345 870 1384 ΠΙ
903 1359 937 1383 u.
973 1346 1055 1384 118
1101 1347 1299 1384 rinoceros
1348 1347 1484 1385 incert.
1517 1360 1553 1385 u.
1583 1347 1695 1385 1126
1744 1346 1820 1386 ele-

291 1403 641 1454 phantocamellos.

358 1462 361 1464 “
415 1457 556 1503 1322.
608 1462 795 1502 Condidit
843 1463 1020 1503 Lucilius
1070 1466 1171 1503 teste
1220 1464 1352 1503 Plinio
1402 1466 1482 1503 nat.
1518 1465 1610 1504 hist.
1641 1465 1764 1515 praef.
1801 1466 1823 1503 7

291 1519 443 1572 primus
476 1522 560 1562 stili
592 1535 733 1561 nasum
765 1524 805 1562 et
834 1522 948 1562 Accii
979 1523 1146 1562 Pacuuii
1182 1523 1304 1562 Ennii
1339 1525 1429 1563 risit
1466 1536 1614 1563 uersus.
1676 1524 1826 1563 Tamen

251 1610 254 1613 -
293 1582 544 1622 soloecismos
575 1595 623 1620 ne
649 1583 734 1633 ipse
760 1582 917 1632 quidem
945 1584 1093 1622 uitauit
1119 1578 1228 1637 (uide
1254 1583 1303 1622 ad
1329 1583 1396 1622 lib.
1422 1584 1531 1622 XXX
1557 1597 1595 1622 u.
1624 1578 1729 1637 994)
1755 1597 1826 1624 nec

292 1642 503 1699 figulorum
534 1642 656 1681 uerba
687 1643 840 1692 spreuit
872 1640 1063 1681 Oscorum
1091 1638 1248 1695 (incert.
1274 1657 1311 1682 u.
1342 1644 1467 1682 1318.
1495 1637 1641 1697 1249).
1684 1643 1826 1694 Itaque

297 1702 471 1741 Vettium
504 1714 583 1740 non
616 1704 661 1741 ut
691 1703 980 1754 grammaticus
1009 1704 1048 1741 et
1079 1703 1240 1742 criticus
1272 1703 1340 1742 sed
1370 1704 1417 1742 ut
1442 1703 1653 1743 familiaris
1678 1705 1828 1754 carpsit

293 1763 458 1800 comiter
489 1764 529 1800 et
559 1762 688 1801 iocose
725 1764 772 1800 ut
808 1763 985 1801 utentem
1015 1761 1365 1802 Praenestinorum
1401 1763 1604 1802 uocabulis
1636 1762 1827 1802 Plautum

294 1823 450 1861 secutus
500 1822 569 1871 qui
618 1821 740 1860 uerba
788 1821 1047 1861 Praenestina
1096 1823 1287 1862 {ammodo
1337 1824 1377 1861 et
1425 1830 1542 1862 cenea
1586 1817 1712 1876 (Trin.
1741 1823 1825 1862 609

295 1881 408 1919 Truc.
437 1875 541 1933 691)
573 1882 718 1920 riserat
748 1881 885 1920 facete.
936 1881 1101 1921 Veteres
1133 1884 1266 1921 tamen
1293 1882 1464 1921 Romani
1489 1882 1528 1920 in
1555 1883 1676 1921 sacris
1702 1883 1826 1922 canti-

294 1941 395 1978 lenis
426 1953 568 1990 parum
594 1940 787 1978 curabant
812 1941 1075 1980 elocutionem
1099 1941 1294 1980 urbanam
1323 1942 1406 1980 siue
1431 1942 1669 1980 Romanam:
1700 1943 1827 1980 ueluti

293 2001 334 2038 in
367 2000 540 2038 carmine
572 1999 715 2038 Aruali
745 1999 873 2038 multa
903 2001 1056 2049 insunt,
1089 2014 1192 2050 quae
1223 2000 1400 2040 indicent
1431 2000 1603 2040 Sabinae
1640 2001 1827 2040 non'Ro-

294 2072 433 2097 manae
466 2060 551 2098 siue
583 2059 757 2097 urbanae
789 2060 956 2111 originis
983 2072 1065 2099 esse
1090 2060 1163 2099 hoc
1188 2072 1346 2099 carmen
1371 2055 1564 2100 ueluti'et
1589 2061 1825 2100 uocabulum

295 2121 335 2157 et
370 2119 500 2157 forma
535 2120 687 2158 rustica
723 2131 898 2158 semuncs
935 2121 978 2158 in
1015 2133 1133 2172 uersu
1172 2117 1358 2159 ‘semunis
1404 2119 1569 2159 alternei
1614 2120 1828 2172 aduocapit

295 2173 469 2217 conctos’
494 2179 520 2216 i.
547 2191 579 2217 e.
606 2174 735 2217 ‘diuos
779 2178 923 2218 alterni
968 2179 1181 2218 aduocabit
1227 2176 1422 2230 quisque’,
1459 2179 1528 2218 ubi
1571 2180 1707 2229 alpumt
1755 2193 1826 2231 pro

295 2238 427 2276 album
464 2236 631 2279 Sabinos
664 2237 808 2277 dixisse
840 2238 1167 2278 considerandum
1200 2239 1276 2278 erit
1312 2239 1347 2277 si
1383 2239 1592 2288 aduocapit
1631 2239 1826 2290 explicare

295 2297 466 2336 studeas.
516 2297 743 2336 Familiaris
774 2296 918 2336 Lucilii
950 2300 1036 2337 erat
1065 2298 1225 2337 Vettius
1257 2297 1508 2338 Philocomus
1538 2299 1639 2338 teste
1667 2298 1826 2338 Sueton.

295 2356 343 2395 de
369 2369 534 2408 gramm.
564 2358 590 2394 2
623 2353 647 2395 ‘.
669 2387 676 2394 .
700 2388 706 2395 .
734 2356 872 2396 Grates
900 2389 907 2395 .
931 2389 938 2395 .
960 2389 966 2396 .
993 2359 1139 2397 nostris
1171 2358 1348 2408 exemplo
1379 2358 1458 2397 fuit
1489 2357 1539 2397 ad
1575 2358 1826 2399 imitandum.

294 2416 496 2455 Hactenus
521 2417 660 2455 tamen.
686 2417 853 2466 imitati,
890 2419 937 2456 ut
967 2419 1144 2456 carmina
1174 2430 1314 2468 parum
1347 2417 1474 2457 adhuc
1511 2417 1720 2469 diuulgata
1759 2417 1827 2456 uel

295 2476 570 2531 defunctorum
603 2478 818 2516 amicorum
849 2477 915 2516 uel
946 2478 980 2516 si
1013 2490 1179 2527 quorum
1206 2477 1375 2516 aliorum
1400 2476 1635 2527 probassent
1659 2477 1827 2529 diligen-

294 2537 375 2575 tius
415 2538 679 2575 retractarent
723 2549 768 2575 ac
810 2536 977 2587 legendo
1025 2537 1404 2587 commentandoque
1455 2538 1494 2575 et
1543 2538 1683 2576 ceteris
1731 2538 1827 2575 nota

296 2596 490 2643 facerent,
526 2597 573 2634 ut
611 2595 650 2634 G.
673 2594 862 2635 Octauius
900 2595 1121 2646 Lampadio
1161 2596 1305 2636 Naeuii
1349 2596 1541 2635 Punicum
1585 2596 1730 2635 bellum

224 2652 230 2655 ’
297 2654 339 2700 Q.
360 2655 630 2706 Vargunteius
663 2655 824 2694 annales
856 2655 961 2693 Enni
987 2685 994 2692 .
1018 2685 1024 2692 .
1048 2686 1054 2693 .
1082 2657 1126 2694 ut
1156 2655 1316 2694 Laelius
1348 2655 1565 2694 Archelaus
1590 2655 1827 2706 Vettiusque

296 2712 549 2756 Philocomus
585 2714 714 2752 Lucili
753 2716 907 2753 saturas
950 2714 1160 2754 familiaris
1205 2715 1267 2753 sui
1311 2727 1408 2764 quas
1451 2714 1593 2766 legisse
1637 2727 1677 2754 se
1721 2714 1828 2765 apud

297 2773 535 2812 Archelaum
571 2773 782 2823 Pompeius
818 2773 1016 2823 Lenaeus,
1054 2774 1161 2825 apud
1197 2774 1471 2812 Philocomum
1504 2773 1689 2813 Valerius
1727 2772 1826 2813 Cato

295 2829 561 2883 praedicant’:
607 2832 675 2871 ubi
722 2833 827 2883 quod
871 2846 949 2872 van
991 2833 1198 2873 Heusdeus
1242 2834 1343 2872 stud.
1370 2833 1456 2872 crit.
1480 2833 1523 2872 in
1547 2832 1672 2872 Lucil.
1703 2846 1741 2884 p.
1769 2834 1823 2872 46

296 2894 471 2932 mutauit
509 2894 776 2941 familiaribus
812 2895 912 2942 suis,
954 2893 997 2932 id
1033 2893 1238 2943 probabile
1282 2893 1443 2932 minime
1486 2893 1679 2942 uidetur3.
1704 2894 1826 2932 immo

297 2953 595 2991 commendatur
642 2952 774 2991 uerbis
825 2952 1146 2992 antecedentibus
1194 2953 1312 2992 lectio
1362 2953 1512 2992 tradita
1560 2953 1828 3000 defunctormn

298 3013 509 3050 amicorum
546 3025 647 3061 quae
685 3025 811 3062 neque
856 3012 906 3050 ad
942 3012 1253 3063 Lampadionem
1290 3019 1414 3062 neque
1453 3012 1504 3051 a'd
1537 3012 1826 3064 Vargunteium
