2060 3444
320 272 376 315 82
924 268 959 304 V
983 281 1019 309 u,
1051 273 1248 313 193÷194.

318 386 436 424 natus
473 385 534 423 est
569 382 845 422 tantummodo
886 395 1078 434 equorum
1114 380 1290 436 ungulis'
1329 382 1421 423 οἴοιν
1467 382 1536 424 εὰν
1578 382 1778 424 ὑάκινθον
1815 380 1859 424 ἐν

319 441 452 497 οὔρεσι
482 442 666 495 ποίμενες
689 439 831 495 ἄνδρες
855 441 973 482 πόσσι
998 443 1283 495 καταστείβοισι
1308 443 1456 494 Sapph.
1485 444 1539 483 94
1559 443 1604 483 Β.
1661 443 1860 494 Loquitur
1897 475 1899 477 »

318 504 489 543 6011111116
520 503 629 555 frugi
661 503 730 553 qui
761 504 1020 553 conqueritur
1049 503 1231 542 intubum
1264 502 1428 554 pedibus
1461 504 1615 554 equinis
1641 515 1724 542 esse
1749 503 1859 543 obla-

317 566 404 602 tum
443 565 483 602 et
519 563 743 615 neglectum
780 562 908 602 iacere
946 563 1066 602 sicuti
1102 562 1171 601 ille
1208 562 1347 603 incert.
1373 576 1410 601 u.
1439 564 1551 602 1235
1591 563 1639 602 de
1682 563 1858 614 lapatho.

317 622 487 662 Videtur
536 622 707 673 denique
757 634 875 661 cenae
925 622 1106 661 dominus
1155 622 1286 674 legem
1335 624 1626 674 sumptuariam
1673 621 1859 675 religiose

317 682 558 722 obseruasse.
619 682 726 722 Nam
756 682 843 735 lege
875 682 1030 721 Fannia
1062 684 1243 733 sumptus
1279 682 1536 721 cohibebatur
1568 679 1742 733 ‘praeter
1772 682 1860 721 olus

316 744 358 782 et
395 743 458 782 far
496 744 537 781 et
573 738 727 781 uinum'
768 736 887 796 (Gen.
907 742 949 781 Π
975 743 1049 792 24,
1077 736 1142 796 2):
1185 743 1307 781 etiam
1349 742 1414 782 lex
1451 742 1606 782 Licinia
1648 739 1860 793 ‘quidquid

317 805 421 842 esset
451 816 472 841 6
502 804 628 852 terra,
665 803 767 851 uite,
806 802 945 841 arbore
981 803 1177 852 promisce
1215 803 1335 853 atque
1366 801 1571 841 indefinite
1602 802 1752 854 largita
1782 797 1858 841 est’

318 860 437 914 (Gen.
458 862 484 901 1.
505 875 533 901 6.
557 864 579 901 7
608 861 780 902 Macrob.
802 861 961 901 Saturn.
981 861 1044 900 ΙΠ
1072 863 1139 911 17,
1167 863 1190 900 9
1220 861 1299 901 Cic.
1320 874 1379 912 ep.
1399 861 1480 900 VH
1501 862 1568 911 26,
1590 863 1614 900 2
1634 860 1781 900 Α1311611.
1800 860 1860 900 VI

282 960 284 962 ,
315 936 353 973 p.
377 923 462 961 274
484 917 552 976 D).
614 921 881 961 Meminerunt
916 921 1035 960 huius
1073 921 1174 973 legis
1212 923 1252 960 et
1291 921 1469 961 Lucilius
1501 916 1658 976 (incert.
1683 934 1721 960 u.
1744 921 1859 960 1200

317 981 415 1021 Gell.
436 982 461 1020 1.
482 994 511 1021 s.
536 976 610 1036 10)
637 983 677 1021 et
701 980 875 1021 Laeuius
901 982 1043 1033 poetae
1075 975 1119 1034 (1.
1140 993 1168 1020 6.
1192 976 1258 1035 9):
1291 978 1438 1020 ‘Verba
1467 981 1608 1020 Laeuii
1631 980 1729 1020 11666
1754 981 1859 1032 6111113,

316 1041 459 1092 quibus
491 1041 693 1094 significat
723 1040 906 1090 haedum,
938 1042 1008 1091 qui
1039 1040 1090 1079 ad
1116 1041 1255 1091 epulas
1280 1041 1414 1080 fuerat
1438 1041 1609 1091 adlatus,
1641 1041 1859 1091 dimissum,

316 1114 551 1152 cenamque,
594 1101 652 1140 ita
689 1103 736 1140 ut
773 1101 835 1140 lex
873 1100 1030 1140 Licinia
1067 1102 1279 1150 sanxisset,
1315 1101 1445 1151 pomis
1484 1100 1736 1151 oleribusque
1768 1111 1859 1139 6011-

316 1158 525 1201 structam’
559 1173 590 1199 e.
611 1174 648 1212 q.
669 1173 698 1200 6.
756 1160 937 1200 Similem
966 1161 1093 1212 igitur
1123 1173 1262 1200 cenam
1291 1160 1463 1200 Laeuius
1489 1160 1750 1211 descripserat
1775 1160 1859 1199 eius

316 1221 475 1271 qualem
511 1221 586 1260 hoc
622 1220 725 1260 libro
756 1220 934 1260 Lucilius
971 1221 1154 1260 narrauit
1190 1220 1410 1260 herbosam.
1479 1220 1626 1272 Legem
1663 1219 1859 1260 Liciniam

315 1280 412 1320 tulit
451 1280 493 1319 P.
514 1280 691 1320 Licinius
729 1278 893 1320 Crassus
934 1279 1075 1330 Diues,
1120 1281 1191 1330 qui
1234 1281 1372 1319 consul
1416 1279 1496 1318 fuit
1533 1291 1636 1319 anno
1676 1274 1860 1332 657197,

316 1352 455 1380 6611661
498 1352 602 1379 611116
648 1335 816 1393 665189
862 1341 1067 1391 unguenta
1110 1341 1265 1379 exotica
1308 1341 1349 1379 et
1387 1340 1484 1378 uina
1521 1338 1672 1379 Graeca
1709 1339 1859 1378 Romae

317 1400 456 1439 eodem
476 1400 609 1439 studio
635 1399 884 1451 frugalitatis
911 1399 1086 1439 coercuit
1111 1395 1231 1454 (Plin.
1252 1401 1333 1439 nat.
1353 1399 1444 1438 hist.
1465 1399 1565 1438 XIII
1585 1400 1640 1438 24
1659 1398 1755 1437 XIV
1770 1393 1859 1452 95).

316 1459 402 1506 Quo
442 1472 546 1499 anno
583 1460 647 1498 lex
686 1459 842 1498 Licinia
877 1459 1000 1498 fuerit
1035 1460 1139 1509 lata,
1179 1472 1258 1498 non
1297 1460 1464 1499 constat.
1525 1458 1582 1498 At
1622 1457 1748 1498 Stoici
1778 1460 1859 1498 tres

317 1518 360 1566 Q.
380 1519 519 1559 Aelius
552 1519 707 1559 Tubero
740 1519 784 1566 Q.
803 1518 961 1559 Mucius
994 1517 1188 1559 Scaeuola
1217 1519 1259 1558 P.
1280 1519 1456 1558 Rutilius
1486 1518 1615 1558 Rufus
1655 1518 1786 1571 legem
1817 1529 1859 1557 se

317 1579 526 1620 obseruare
564 1579 760 1619 Fanniam
799 1579 903 1618 solos
940 1578 1146 1618 iactabant
1183 1580 1344 1618 auctore
1381 1578 1588 1618 Athenaeo
1629 1577 1689 1617 VI
1711 1591 1750 1629 p.
1772 1578 1857 1617 274

318 1638 459 1679 c-Fz
485 1639 593 1690 quod
618 1639 770 1678 factum
795 1651 879 1678 esse
905 1639 1085 1689 suspicor
1110 1651 1214 1678 anno
1241 1639 1322 1678 fere
1345 1634 1557 1691 6251129,
1583 1650 1662 1688 quo
1681 1638 1860 1689 tempore

317 1698 362 1745 Q.
382 1698 544 1738 Aelium
583 1700 740 1739 constat
778 1698 957 1738 Stoicum
993 1699 1036 1736 in
1073 1700 1235 1750 sumptu
1272 1710 1459 1738 cenarum
1489 1698 1661 1750 rigorem
1703 1697 1860 1750 egregie

315 1759 474 1810 publice
500 1770 584 1798 esse
608 1759 831 1809 professum
861 1753 959 1812 (Cic.
979 1771 1052 1808 pro
1077 1757 1178 1797 Mur.
1203 1758 1255 1797 75
1282 1757 1374 1797 uide
1401 1757 1452 1797 ad
1476 1757 1544 1796 lib.
1563 1757 1663 1796 Xffl
1681 1770 1718 1796 u.
1740 1751 1858 1812 445).

315 1818 460 1870 Itaque
498 1818 654 1858 Licinia
697 1819 761 1857 lex
804 1818 966 1857 uidetur
1008 1818 1094 1858 lata
1138 1830 1221 1858 esse
1265 1829 1389 1858 annos
1432 1817 1538 1857 inter
1582 1811 1779 1870 6251129
1820 1817 1861 1856 613

319 1874 533 1931 6491105,
565 1891 644 1929 11116
676 1891 780 1917 611116
812 1877 990 1917 Lucilius
1023 1879 1179 1917 saturas
1211 1877 1381 1917 scribere
1413 1877 1541 1917 desiit.
1603 1876 1706 1916 Lata
1737 1876 1859 1916 fuisse

316 1951 341 1978 a
371 1937 527 1978 Licinio
551 1938 713 1977 uidetur
742 1949 832 1977 cum
863 1938 931 1976 ille
969 1937 1153 1976 tribunus
1184 1937 1311 1988 plebis
1340 1938 1443 1976 erat:
1477 1936 1615 1976 aedilis
1642 1937 1748 1976 enim
1773 1937 1860 1976 erat

315 1997 437 2049 paulo
469 1999 561 2037 ante
592 1997 636 2036 L.
658 1997 791 2037 Crassi
827 1998 997 2037 oratoris
1039 1998 1079 2036 et
1117 1996 1161 2043 Q.
1181 1997 1304 2036 Mucii
1341 1996 1555 2036 Scaeuolae
1598 1996 1858 2046 aedilitatem,

317 2069 415 2107 quos
458 2057 582 2096 fuisse
625 2057 772 2096 aediles
815 2069 920 2096 anno
966 2051 1165 2109 6511103
1210 2057 1332 2108 uulgo
1382 2055 1564 2106 tradunt,
1615 2067 1858 2106 quamquam

316 2119 470 2157 certum
501 2119 722 2166 auctorem,
761 2117 830 2167 qui
860 2116 908 2155 de
938 2116 1014 2155 hac
1044 2128 1087 2155 re
1118 2116 1341 2165 tradiderit,
1371 2116 1549 2166 proferre
1580 2127 1660 2154 non
1689 2116 1858 2165 possunt

319 2172 432 2231 (uide
464 2178 637 2228 interpp.
665 2176 716 2216 ad
749 2176 828 2215 Cic.
854 2176 901 2215 de
934 2176 998 2215 off.
1023 2175 1065 2214 11
1092 2170 1179 2230 57).
1237 2174 1349 2222 Quod
1381 2175 1415 2214 si
1438 2175 1482 2213 hi
1506 2174 1653 2214 aediles
1679 2175 1857 2214 consules

317 2237 418 2276 facti
461 2238 555 2276 sunt
598 2249 701 2275 anno
747 2230 937 2288 659195,
981 2235 1132 2274 tribuni
1174 2235 1228 2286 pl.
1266 2236 1376 2274 fuere
1420 2235 1534 2274 annis
1574 2235 1773 2287 647s107
1818 2235 1859 2272 et

319 2291 533 2348 6481106,
552 2295 758 2347 probabile
785 2297 844 2335 est
863 2307 967 2334 anno
987 2295 1069 2334 fere
1091 2290 1288 2349 6451109
1308 2295 1374 2334 1161
1395 2289 1592 2347 6461108
1613 2293 1655 2333 Ρ.
1673 2292 1858 2334 Crassum

317 2355 523 2396 tribunum
560 2357 689 2407 legem
728 2355 925 2395 Liciniam
963 2367 1134 2406 rogasse.
1202 2354 1344 2405 Itaque
1388 2367 1478 2393 cum
1513 2353 1616 2393 liber
1651 2353 1797 2394 Lucilii
1820 2352 1859 2390 V

318 2417 471 2466 spectet
507 2427 656 2454 annum
697 2415 779 2454 fere
819 2410 1015 2467 6381116
1055 2409 1164 2468 (111116
1201 2414 1253 2453 611
1282 2427 1319 2453 u.
1349 2408 1475 2468 210),
1513 2413 1759 2465 probabilius
1797 2414 1859 2452 est

317 2475 421 2514 libro
446 2474 484 2511 V
510 2475 558 2514 de
589 2476 677 2527 lege
709 2474 865 2514 Fannia
896 2475 1031 2513 actum
1062 2486 1156 2514 6666.

441 2529 550 2575 194.
593 2534 748 2574 Nonius
790 2548 828 2585 p.
859 2535 962 2584 201,
1003 2535 1027 2572 2
1073 2531 1193 2584 ‘Cepe
1248 2532 1402 2585 generis
1461 2533 1602 2571 neutri.
1681 2531 1857 2571 Lucilius

319 2596 544 2644 satyrarum
576 2589 624 2648 (s.
651 2605 714 2633 om
740 2589 795 2646 G)
826 2593 894 2632 lib.
914 2593 951 2630 V
984 2590 1146 2632 “flebile
1172 2624 1179 2631 .
1202 2623 1239 2631 ..
1271 2588 1461 2642 talpae’'.’
1518 2593 1636 2632 tallae
1667 2591 1856 2643 Scaliger.

320 2652 433 2692 CGL
464 2653 506 2692 II
536 2667 573 2704 p.
598 2655 700 2702 195,
736 2656 787 2692 17
835 2650 952 2693 ‘talla
993 2651 1199 2705 κρομμύου
1243 2649 1427 2705 λέπυρον’
1471 2651 1620 2691 Paulus
1663 2664 1710 2690 ex
1749 2651 1857 2691 Fest.

318 2727 356 2763 p.
385 2713 469 2752 358
515 2710 631 2752 ‘talla
674 2707 791 2767 (talia
834 2707 953 2766 codd)
1003 2712 1226 2752 folliculum
1276 2724 1414 2762 cepae,
1464 2711 1568 2750 Fest.
1594 2725 1632 2762 p.
1660 2711 1765 2760 359,
1800 2712 1852 2750 11

321 2769 478 2811 ‘tallam
508 2767 667 2826 (taliam
697 2766 854 2826 apogr.)
887 2772 957 2811 alii
986 2772 1211 2811 folliculum
1241 2768 1388 2822 cepae’.
1411 2801 1417 2809 .
1440 2801 1447 2808 .
1539 2770 1626 2809 Hoc
1656 2770 1744 2809 loco
1775 2781 1855 2809 non

320 2832 545 2871 folliculum
575 2833 642 2871 uel
670 2833 808 2871 tunica
839 2845 958 2882 cepae
985 2826 1109 2885 (Pers.
1128 2831 1187 2870 IV
1214 2825 1288 2885 30)
1314 2829 1573 2882 intellegitur,
1598 2829 1667 2869 sed
1691 2842 1855 2881 porrum

318 2891 362 2930 id
393 2893 453 2930 est
477 2891 631 2944 πράσον
656 2892 763 2943 quod
787 2893 955 2931 uocatur
979 2891 1220 2930 Philemonis
1245 2890 1425 2929 uersibus
1451 2889 1502 2929 ad
1526 2903 1564 2928 u.
1588 2890 1671 2929 193
1698 2889 1854 2928 allatis:

320 2950 372 2988 ad
402 2952 539 2990 ordine
568 2951 834 3002 supplendum
858 2952 1063 3002 ponuntur
1089 2951 1137 2989 ut
1162 2949 1250 2988 dub.
1271 2964 1308 2988 u.
1332 2951 1446 2989 1370
1474 2946 1694 2999 ‘ponuntur
1717 2950 1854 2987 tenues

320 3006 444 3059 porri'
475 3010 601 3049 Naeu.
620 3011 657 3050 b.
676 3011 794 3050 Ρ6611.
816 3012 841 3050 3
856 3011 890 3049 Β
923 3007 1052 3050 ‘sacra
1081 3011 1124 3048 in
1154 3022 1292 3049 mensa
1322 3011 1514 3060 penatum
1539 3008 1676 3047 ordine
1701 3019 1853 3057 ponun-
