2060 3444
288 253 370 295 172
885 250 971 287 XIV
994 264 1029 288 u.
1057 256 1257 288 464—465.

285 381 309 407 a
340 368 427 405 uiro
460 378 638 404 summae
671 365 881 417 dignitatis
912 365 955 404 in
984 365 1205 416 republica,
1243 366 1311 417 qui
1344 379 1427 407 sese
1467 367 1646 419 legatum
1683 366 1822 418 populi

284 426 453 466 Romani
497 425 548 464 ad
590 438 725 477 regem
769 425 983 475 quendam,
1027 426 1227 475 Rhodum,
1271 427 1313 465 in
1352 426 1510 477 Syriam
1548 439 1630 466 esse
1670 427 1822 466 iturum

284 488 433 536 narrat,
459 485 509 524 ab
537 485 673 525 eodem
699 486 741 523 ni
767 485 887 524 fallor
912 485 1111 525 consulari
1135 485 1199 525 uel
1224 486 1424 536 praetorio
1453 486 1523 537 qui
1548 486 1647 526 dicit
1664 499 1702 525 u.
1723 487 1821 526 467.

286 548 370 585 468
406 542 587 585 ‘Publius
619 545 752 585 Pauus
784 545 883 584 mihi
905 577 911 583 .
935 577 941 583 .
965 577 971 584 .
994 546 1180 596 quaestor
1211 546 1360 586 Hibera
1392 547 1433 584 in
1464 547 1572 585 terra
1602 546 1692 596 fuit,
1723 546 1821 586 luci-

285 607 416 658 fugus,
446 605 604 655 nebulo,
635 605 677 644 id
709 618 833 658 genus
865 601 986 644 sane'.
1043 605 1099 644 Vt
1130 605 1262 645 breuis
1294 607 1380 656 sim,
1413 605 1590 645 Lucilius
1621 605 1695 645 hoc
1720 606 1823 646 libro

287 666 512 717 Scipionem
543 665 703 704 induxit
735 665 980 715 loquentem,
1022 679 1139 715 quem
1172 679 1195 704 a
1229 667 1408 716 sapiente
1439 666 1592 705 Lucilio
1632 667 1825 716 scriptum

286 739 370 766 esse
407 727 448 764 et
485 727 637 764 iustum
675 727 714 764 et
751 726 895 764 fortem
933 727 1018 764 tam
1055 725 1246 765 Horatius
1290 725 1388 765 dicit
1431 739 1551 776 quam
1595 739 1640 764 ex
1683 727 1824 776 poetae

285 788 414 837 ipsius
446 786 683 837 fragmentis
715 785 898 825 efficitur.
963 785 1159 837 Tangitur
1195 785 1269 825 hoc
1307 786 1530 838 fragmento
1567 786 1717 838 legatio
1754 785 1825 824 illa

264 846 501 885 ,Aemiliani
542 858 621 895 qua
658 846 763 884 inter
803 858 927 884 annos
966 841 1160 897 614J140
1204 847 1244 884 et
1289 840 1524 898 616s1381)
1569 847 1701 885 totum
1745 845 1825 884 fere

287 906 421 946 orbem
454 908 652 944 terrarum
685 905 787 944 obiit
817 918 1005 956 persaepe
1039 918 1063 943 a
1095 905 1355 956 scriptoribus
1387 905 1562 944 laudata.
1626 900 1751 959 (Oonf
1777 904 1825 943 de

287 968 465 1017 tempore
514 965 631 1004 huius
682 966 896 1016 legationis
940 965 1039 1004 Mus.
1075 965 1198 1004 Rhen.
1230 965 1397 1003 XXXIX
1433 966 1545 1004 1884
1585 979 1621 1015 p.
1651 966 1820 1004 68—-71

287 1026 492 1078 Vngerum
506 1025 648 1064 Philol.
665 1025 734 1063 LV
752 1026 863 1064 1896
885 1039 922 1076 p.
940 1023 1025 1075 97.)
1065 1024 1143 1064 010.
1164 1025 1286 1065 Acad.
1306 1025 1347 1064 II
1367 1026 1391 1064 5
1413 1025 1539 1064 tradit
1559 1022 1755 1064 ‘Africani
1770 1055 1776 1062 .
1793 1055 1800 1062 .
1817 1055 1824 1062 .

288 1087 328 1125 in
354 1086 554 1137 legatione
579 1085 651 1123 illa
677 1085 800 1123 nobili
827 1097 949 1135 quam
975 1087 1066 1124 ante
1093 1097 1298 1124 censuram
1324 1085 1424 1124 obiit
1446 1084 1682 1124 Panaetium
1701 1097 1824 1124 unum

289 1147 449 1189 omnino
482 1146 665 1184 comitem
699 1142 846 1184 fuisse’.
898 1145 1018 1184 Recte
1050 1145 1218 1184 Mueller
1248 1146 1388 1196 fragm.
1414 1145 1504 1184 hist.
1533 1144 1599 1184 Gr.
1625 1144 1666 1183 II
1690 1157 1727 1194 p.
1754 1144 1826 1183 XX

290 1206 434 1245 statuit
472 1205 699 1244 Ciceronem
736 1204 812 1244 hoc
847 1205 933 1244 loco
972 1217 1102 1243 errare
1142 1204 1446 1255 Scipionemque
1485 1205 1578 1255 post
1621 1217 1826 1243 censuram

291 1265 532 1317 legationem
569 1265 681 1304 illam
722 1265 958 1316 suscepisse:
1002 1266 1246 1316 argumentis
1289 1265 1346 1303 ibi
1388 1265 1556 1314 prolatis
1599 1263 1699 1303 adde
1742 1264 1827 1312 hoc,

291 1325 397 1376 quod
434 1325 673 1364 Plutarchus
699 1338 735 1375 q.
762 1324 798 1363 d.
832 1325 872 1362 in
912 1325 1073 1374 apopth.
1102 1324 1205 1374 Scip.
1232 1325 1324 1362 min.
1357 1324 1519 1374 optimis
1556 1324 1625 1362 ille
1667 1322 1825 1373 quidem

290 1385 468 1425 fontibus
500 1397 594 1423 usus
625 1384 837 1435 legationis
870 1386 962 1423 ante
993 1384 1141 1423 bellum
1165 1384 1468 1433 Numantinum,
1498 1386 1590 1434 post
1620 1396 1826 1422 censuram

291 1445 487 1496 Scipionis
531 1446 712 1483 meminit
755 1444 875 1483 sicuti
918 1445 1017 1483 facit
1061 1444 1139 1482 010.
1167 1444 1214 1483 de
1239 1456 1320 1494 rep.
1347 1443 1403 1482 VI
1433 1445 1482 1482 11
1532 1440 1649 1482 ‘Cum
1693 1444 1827 1482 autem

290 1505 580 1557 Karthaginem
606 1504 799 1543 deleueris
824 1504 1071 1554 triumphum
1096 1505 1223 1556 egeris
1248 1516 1463 1553 censorque
1482 1503 1604 1542 fueris
1623 1504 1664 1542 et
1683 1502 1826 1542 obieris

291 1566 447 1617 legatus
485 1565 715 1616 Aegyptum
753 1563 911 1615 Syriam
948 1564 1087 1604 Asiam
1126 1559 1347 1603 Graeciam’
1376 1576 1407 1602 e.
1434 1576 1470 1613 q.
1498 1575 1526 1602 s.
1554 1562 1735 1602 Posidon.
1762 1574 1824 1612 ap.

291 1626 395 1664 Plut.
429 1637 517 1664 cum
556 1626 679 1674 princ.
712 1636 795 1663 esse
832 1624 973 1674 philos.
1000 1637 1037 1674 p.
1068 1623 1199 1662 777A
1232 1622 1413 1662 Σκιπίων
1440 1654 1447 1662 .
1475 1654 1484 1662 .
1511 1654 1518 1661 .
1546 1621 1606 1662 ὅτε
1644 1620 1765 1661 αὐτὸν
1786 1617 1826 1672 ἡ

292 1684 510 1738 σύγκλητος
540 1681 758 1735 ἐξέπεμψεν
791 1680 1036 1737 “ἀνθρώπων
1067 1682 1185 1736 ὕβριν
1217 1697 1254 1722 τε
1285 1680 1352 1721 καὶ
1383 1681 1574 1737 εὐνομίην
1606 1677 1824 1734 ἕφορῶντα’

293 1740 470 1799 (01110111.
498 1757 560 1795 ap.
581 1739 724 1796 [Plut.]
748 1743 909 1794 apopth.
932 1742 1034 1793 Scip.
1061 1743 1154 1781 min.
1186 1743 1250 1781 13.
1274 1744 1339 1781 14.
1360 1742 1497 1793 Polyb.
1524 1755 1586 1792 ap.
1607 1741 1750 1781 Athen.
1770 1740 1828 1779 VI

292 1819 330 1856 p.
359 1805 495 1843 273A
520 1803 609 1843 val.
636 1803 739 1842 Max.
765 1802 823 1842 IV
851 1804 894 1853 3,
931 1805 982 1842 13
1017 1803 1064 1841 de
1101 1804 1174 1841 uir.
1206 1803 1263 1841 ill.
1292 1798 1378 1856 58).
1452 1801 1598 1841 Vectus
1642 1803 1703 1840 est
1747 1800 1827 1852 pri-

292 1879 400 1903 mum
426 1863 715 1903 Alexandream
742 1863 793 1902 ad
817 1876 948 1915 regem
974 1863 1247 1902 Ptolemaeum
1271 1862 1516 1912 Physconem
1543 1861 1608 1912 Sp.
1635 1860 1828 1900 Mummio

293 1926 334 1963 et
357 1924 400 1963 L.
427 1924 588 1962 Metello
615 1923 826 1962 comitibus
853 1922 1012 1975 (lustin.
1038 1922 1248 1960 XXXVIII
1272 1923 1311 1970 8,
1338 1923 1362 1960 8
1390 1921 1573 1961 Ρο3111011.
1601 1935 1662 1972 ap.
1684 1921 1827 1960 Athen.

294 1984 370 2023 XII
396 1997 433 2034 p.
462 1978 627 2036 5491)).
677 1982 837 2021 Diodor.
864 1982 1035 2020 XXXIII
1063 1983 1138 2021 28ει
1164 1983 1188 2020 3
1227 1993 1344 2032 porro
1382 1982 1520 2020 narrat
1559 1980 1613 2020 Οἱ
1646 1978 1717 2031 μὲν
1754 1973 1828 2019 οὖν

293 2040 524 2095 πρεσβευταὶ
567 2041 907 2092 κατασκεψάμενοι
950 2040 996 2080 τὰ
1038 2039 1135 2080 κατὰ
1182 2039 1254 2092 τὴν
1298 2040 1503 2093 Αἴγυπτον
1552 2038 1616 2079 ἐπὶ
1660 2039 1828 2091 Κύπρου

294 2101 480 2142 κάκεῖθεν
511 2099 572 2141 ε’πὶ
606 2101 758 2154 Συρίας
789 2100 861 2152 τὴν
895 2099 1108 2154 ἀναγωγὴν
1144 2099 1389 2152 ἐποιήσαντο.
1453 2099 1646 2140 Καθόλου
1684 2096 1726 2138 δὲ
1763 2097 1828 2137 καὶ

294 2161 341 2202 τὰ
375 2164 533 2202 πλεῖστα
571 2159 669 2214 μέρη
706 2167 776 2213 τῆς
814 2158 1050 2212 οἰκουμένης
1086 2159 1265 2212 ἐπῆλθον
1296 2161 1373 2199 κτλ.
1441 2159 1571 2198 Rhodi
1603 2158 1827 2210 Scipionem

294 2223 417 2262 fuisse
460 2221 596 2261 Cicero
640 2222 813 2261 testatur
856 2221 904 2260 de
946 2234 1026 2271 rep.
1053 2221 1124 2260 ΙΙΙΑ
1141 2221 1209 2270 35,
1236 2222 1291 2260 48
1338 2216 1485 2265 ε011111Ῥ
1538 2218 1614 2257 tibi
1655 2218 1828 2268 tandem,

297 2282 428 2334 Spuri,
459 2281 716 2331 Rhodiorum,
748 2280 855 2332 apud
886 2294 984 2332 quos
1017 2294 1142 2332 nuper
1172 2281 1320 2319 fuimus
1351 2293 1442 2328 una,
1479 2279 1639 2318 nullane
1671 2278 1829 2317 uidetur

296 2355 378 2381 esse
420 2354 482 2380 res
526 2338 730 2392 publicas?
787 2341 968 2391 Denique
1013 2341 1251 2391 Pergamum
1295 2352 1385 2378 011111
1429 2339 1583 2378 uenisse
1627 2335 1826 2390 [Lucian]

294 2401 467 2441 Macrob.
496 2403 549 2440 12
594 2403 732 2440 narrat
770 2398 954 2447 ’Ἄτταλος
1003 2397 1044 2439 δὲ
1089 2398 1109 2439 ὁ
1153 2397 1381 2450 ἐπικληθεὶς
1434 2397 1700 2449 Φιλάδελφος,
1750 2401 1828 2436 τῶν

296 2464 571 2514 Περγαμηνῶν
608 2459 674 2500 καὶ
711 2454 826 2508 οὗτος
863 2459 1081 2512 βασιλεύων
1113 2452 1610 2513 (595s159—616s138)‚
1646 2455 1745 2509 πρὸς
1782 2450 1829 2496 ὃν

296 2519 361 2560 καὶ
409 2520 591 2560 Σκιπίων
640 2517 670 2559 ὅ·
711 2525 788 2559 τῶν
838 2516 1046 2571 τΡωμαίων
1101 2517 1312 2571 στρατηγὸς
1360 2515 1523 2568 ἀφίκετο
1573 2518 1650 2555 κτλ.
1726 2515 1832 2555 00111ι

297 2582 342 2621 Ε.
367 2581 563 2620 Linckeus
600 2580 643 2618 P.
671 2579 876 2619 Cornelius
925 2579 1059 2630 Scipio
1101 2578 1351 2617 Aemilianus
1393 2576 1531 2616 Dresd.
1561 2577 1673 2615 1898
1706 2590 1744 2627 p.
1773 2575 1826 2614 25

297 2640 532 2695 Groenertus
565 2639 787 2691 Sitzungsb.
819 2639 854 2678 d.
887 2639 1033 2678 Berlin.
1060 2638 1187 2676 Akad.
1218 2639 1331 2677 1904
1356 2651 1394 2688 p.
1422 2637 1518 2675 476.
1548 2637 1644 2674 477.
1683 2635 1827 2675 Missus

236 2740 241 2744 ,
298 2702 358 2740 est
389 2700 521 2750 Scipio
553 2697 631 2738 ὑπὸ
662 2705 732 2751 τῆς
763 2697 984 2751 συγκλήτου
1016 2696 1079 2738 ἐπὶ
1110 2695 1151 2736 τὸ
1184 2695 1503 2748 καταστήσασθαι
1534 2693 1603 2742 τὰς
1634 2693 1731 2734 κατὰ
1755 2692 1828 2745 τὴν

298 2757 537 2811 οἰκουμένην
561 2758 760 2811 βασιλείας
785 2757 851 2797 ἵνα
874 2761 956 2806 τοῖς
979 2755 1249 2811 προσήκουσιν
1275 2754 1567 2809 ἐγχειρισθῶσιν
1587 2749 1750 2809 (Athen.
1770 2753 1828 2792 VI

396 2910 429 2954 1)
455 2908 563 2943 Anno
590 2908 754 2954 614s140
785 2907 926 2943 Romae
958 2908 1039 2942 erat
1070 2906 1196 2952 Scipio
1231 2917 1304 2951 quo
1342 2916 1439 2940 anno
1472 2903 1649 2941 Claudius
1682 2902 1828 2938 Asellus

299 2957 381 2991 erat
416 2956 589 2991 tribunus
625 2955 763 3001 plebis:
801 2955 889 2990 uide
927 2955 976 2990 ad
1006 2954 1071 2990 lib.
1091 2953 1143 2989 XI
1166 2966 1201 2989 u.
1227 2957 1312 2988 396:
1351 2964 1448 2988 anno
1487 2951 1649 2997 616l138
1687 2951 1828 2986 Romae

300 3003 448 3047 Cottam
474 3003 668 3046 accusauit
693 3004 844 3043 auctore
868 3002 977 3041 Liuio
1004 3001 1239 3048 Oxyrhynch.
1260 3000 1350 3048 Pap.
1371 3000 1444 3036 uol.
1466 2999 1518 3035 IV
1535 3012 1570 3046 p.
1594 3002 1671 3034 115.
