2060 3444
265 206 322 249 92
864 206 915 242 VI
939 218 974 242 u.
1003 209 1203 246 228-231.

990 394 1079 452 VI.

383 494 493 540 228.
537 500 759 551 Porphyrio
800 500 852 540 ad
892 500 1052 540 Horatii
1092 512 1206 540 serm.
1231 500 1252 539 I
1285 500 1329 551 5,
1362 501 1417 539 87
1457 498 1664 552 ‘oppidulo
1696 501 1803 552 quod

261 572 379 599 uersu
405 559 532 599 dicere
564 573 643 599 non
676 556 763 600 est’.
828 557 1026 610 ‘Aequum
1054 560 1244 599 Tuticum
1274 559 1485 613 significat,
1516 562 1627 601 cuius
1658 574 1802 601 nomen

262 621 462 660 exametro
506 633 623 659 uersu
667 621 858 671 compleri
901 633 981 660 non
1017 621 1159 671 potest.
1227 619 1302 660 hoc
1339 622 1474 660 autem
1510 621 1583 660 sub
1621 621 1801 672 exemplo

261 680 394 719 Lucili
424 681 576 730 posuit:
608 693 701 719 nam
732 680 801 720 ille
831 682 873 720 in
905 681 1015 719 sexto
1048 681 1276 720 saturarum
1300 680 1357 720 sic
1383 681 1443 720 ait
1468 677 1706 721 “seruorum
1732 712 1740 720 .
1763 712 1770 719 .
1791 711 1801 721 .

261 736 450 790 possis''.'
509 739 742 780 Saturnalia
778 740 1017 780 uocabulum
1055 753 1143 780 cum
1179 740 1279 780 bene
1316 740 1411 791 poni
1451 741 1579 791 possit
1609 741 1801 781 in-heroo

261 813 390 849 uersu,
418 799 624 852 Sigillaria
656 814 758 850 quae
788 802 890 840 teste
921 800 1124 840 Macrobio
1151 799 1310 840 Saturn.
1336 800 1356 839 I
1382 813 1466 851 cap.
1490 802 1557 852 10,
1584 802 1640 840 24
1667 802 1708 840 et
1734 802 1802 851 11,

263 861 317 899 46
345 872 454 911 seqq.
486 860 790 900 celebrabantur
815 862 908 911 post
933 860 1165 900 Saturnalia
1190 860 1409 912 significari
1431 861 1506 900 hoc
1530 873 1647 901 uersu
1672 861 1803 901 uoluit

262 919 451 972 Scaliger.
526 920 677 960 Tamen
727 932 855 971 neque
900 919 1131 960 Saturnalia
1173 933 1301 972 neque
1346 920 1552 972 Sigillaria
1596 933 1803 961 seruorum

260 980 420 1031 proprie
451 980 574 1020 fuisse
604 981 730 1019 statui
760 981 910 1031 potest,
949 993 1039 1020 cum
1075 980 1225 1019 fuerint
1256 980 1488 1020 Saturnalia
1525 982 1566 1020 et
1596 993 1802 1021 seruorum

262 1042 301 1079 et
350 1040 459 1080 statu
508 1040 724 1079 liberorum
773 1040 857 1080 dies
914 1041 1017 1080 festi.
1097 1040 1238 1091 Neque
1287 1040 1335 1080 de
1385 1040 1448 1080 die
1497 1041 1599 1080 festo
1647 1042 1801 1082 ueteres

260 1101 514 1152 grammatici
552 1100 741 1151 quicquid
779 1100 874 1140 boni
914 1102 1131 1151 potuerunt
1171 1100 1327 1150 docere,
1360 1113 1532 1151 quorum
1561 1101 1800 1152 interpreta-

260 1162 438 1200 mentum
475 1160 585 1200 Festi
628 1162 722 1201 sunt
764 1160 886 1200 uerba
923 1174 960 1212 p.
983 1161 1088 1210 343,
1124 1162 1147 1200 7
1174 1160 1215 1200 Μ
1253 1155 1375 1215 (quae
1415 1162 1522 1201 recte
1559 1161 1712 1212 primus
1749 1160 1801 1202 ad

259 1221 364 1260 hunc
413 1234 449 1259 u.
482 1220 629 1260 Lucilii
677 1220 836 1261 rettulit
884 1233 965 1260 uan
1012 1219 1220 1260 Heusdeus
1264 1220 1366 1260 stud.
1399 1221 1484 1261 crit.
1517 1222 1559 1260 in
1602 1220 1799 1260 Lucilium

260 1294 297 1331 p.
321 1281 416 1320 143.
453 1275 557 1335 144)
591 1278 824 1320 ‘Seruorum
855 1280 938 1320 dies
970 1280 1096 1320 festus
1136 1281 1258 1332 uulgo
1290 1280 1541 1321 existimatur
1570 1281 1665 1320 Idus
1695 1279 1798 1334 Aug.

259 1340 366 1391 quod
398 1353 443 1380 eo
474 1339 538 1379 die
571 1340 652 1380 Ser.
679 1340 835 1380 Tullius
873 1342 991 1380 natus
1032 1353 1168 1380 seruus
1200 1339 1337 1395 aedem
1367 1340 1522 1380 Dianae
1554 1340 1801 1380 dedicauerit

258 1401 301 1439 in
332 1399 533 1440 Auentino
572 1401 684 1440 cuius
720 1401 871 1440 tutelae
909 1402 991 1440 sint
1026 1401 1152 1450 cerui,
1190 1413 1215 1439 a
1253 1413 1330 1451 quo
1371 1401 1575 1440 celeritate
1605 1400 1800 1453 fugitiuos

258 1462 403 1500 uocent
457 1457 628 1500 ceruos’:
682 1460 831 1500 similia
886 1460 1012 1500 tradit
1065 1460 1302 1500 Plutarchus
1357 1461 1508 1511 quaest.
1547 1461 1659 1500 Rom.
1702 1462 1797 1501 100.

258 1520 413 1560 Nomen
450 1522 585 1560 tamen
623 1520 703 1560 diei
742 1520 846 1570 festi,
879 1533 997 1571 quem
1027 1532 1167 1560 uersus
1197 1520 1426 1560 hexameter
1462 1533 1542 1560 non
1574 1521 1718 1571 capiat,
1749 1533 1798 1560 ne

258 1581 375 1620 huius
412 1580 756 1632 interpretationis
794 1579 954 1631 quidem
998 1582 1137 1620 auctor
1172 1580 1308 1631 potuit
1345 1580 1610 1632 suppeditare.
1679 1579 1798 1621 Grae-

259 1654 394 1680 corum
426 1640 574 1681 similes
606 1641 715 1680 lusus
747 1640 944 1680 adnotant
972 1641 1210 1692 interpretes
1242 1639 1293 1680 ad
1317 1639 1479 1680 Horatii
1508 1642 1533 1680 1.
1560 1653 1590 1680 s.
1616 1653 1647 1681 s.
1673 1641 1802 1681 ueluti

259 1701 510 1741 Archestrati
539 1701 708 1740 XXXIX
744 1699 932 1740 Brandtii
970 1699 1112 1753 ἰχθύος
1148 1697 1397 1752 αὐξηθέντος
1433 1697 1481 1740 ὃν
1521 1698 1564 1740 ἕν
1595 1697 1720 1756 μέτρῳ
1751 1699 1800 1741 οὐ

258 1758 376 1812 θέμις
407 1760 542 1800 εἰπεῖν.
598 1761 643 1800 L.
662 1760 878 1800 Muellerus
908 1773 1061 1800 memor
1090 1760 1169 1800 fuit
1195 1759 1343 1800 Critiae
1372 1773 1562 1801 uersuum
1587 1754 1721 1814 (PLG
1740 1755 1801 1800 Π*

258 1834 295 1871 p.
325 1815 430 1875 282)
475 1819 524 1861 οὐ
566 1820 641 1874 γάρ
684 1834 770 1868 πως
813 1814 863 1871 ἦν
912 1816 1070 1872 τοῦνομ’
1117 1818 1353 1872 ἐφαρμόζειν
1395 1818 1546 1877 ἐλεγείῳ
1590 1833 1669 1871 quo
1711 1821 1799 1861 loco

258 1881 455 1934 Bergkius
497 1881 651 1933 relegat
692 1881 880 1920 lectorem
923 1879 974 1919 ad
1018 1880 1265 1932 epigramma
1301 1879 1378 1920 EG
1413 1881 1499 1920 616
1539 1879 1713 1920 Kaibelii
1749 1878 1799 1921 οὐ

258 1939 332 1994 γὰρ
372 1939 416 1980 ἐν
455 1938 722 1992 ἓξαμέτροισιν
759 1938 932 1992 ἥρμοσεν
969 1935 1125 1991 τοῦνομ’
1165 1937 1278 1991 ἐμόνι
1321 1939 1417 1979 conf
1451 1940 1625 1980 Martial.
1645 1940 1703 1980 IX
1731 1941 1799 1990 ll,

263 2002 317 2040 10
343 2012 451 2051 seqq.
477 2000 654 2051 Apollin.
681 1999 815 2040 Sidon.
844 2012 961 2038 carm.
982 1999 1118 2039 XXIII
1143 1999 1229 2039 485
1256 2012 1363 2050 seqq.
1400 2021 1451 2027 —
1486 1999 1570 2040 dies
1599 1995 1683 2052 hic]
1712 2001 1738 2039 i.
1764 2013 1796 2040 e.

259 2060 343 2100 dies
372 2060 586 2100 hodiernus
619 2073 698 2111 quo
730 2061 908 2099 saturam
939 2059 1079 2099 scribit
1114 2061 1235 2111 poeta
1273 2060 1435 2100 otiosus.
1497 2058 1707 2099 Probabile
1738 2060 1799 2099 est

259 2120 322 2160 his
353 2119 485 2160 uerbis
517 2121 697 2160 saturam
727 2120 902 2172 incipere
934 2120 1038 2159 sicut
1067 2119 1214 2159 Tibull.
1239 2119 1261 2159 Ι
1290 2121 1313 2159 7
1347 2116 1468 2159 ‘hunc
1492 2120 1667 2159 cecinere
1691 2118 1797 2159 diem

257 2181 407 2221 Parcae
438 2180 580 2220 fatalia
612 2176 764 2220 nentes'
799 2193 829 2220 e.
852 2193 889 2231 q.
908 2191 937 2219 s.
963 2201 1023 2207 --
1047 2179 1167 2231 plane
1198 2179 1340 2230 dicere,
1370 2181 1417 2219 ut
1446 2179 1514 2219 lib.
1532 2179 1555 2219 Ι
1577 2192 1616 2218 u.
1638 2180 1676 2218 2.

381 2234 490 2281 230.
517 2240 671 2280 Nonius
696 2254 734 2291 p.
756 2240 855 2290 324,
876 2239 901 2279 5
930 2236 1086 2280 ‘Iubere
1113 2240 1174 2280 est
1200 2239 1314 2280 uelle.
1369 2239 1799 2290 Luciliussatyrarum

258 2300 326 2340 lib.
347 2300 405 2340 VI
444 2297 631 2341 “saluere
762 2296 950 2340 amico”.’
1020 2298 1200 2339 Salutem
1242 2299 1407 2340 miserat
1449 2300 1599 2340 amicus
1641 2298 1797 2340 Lucilio

258 2361 423 2413 aegroto
467 2362 539 2400 aut
580 2361 666 2412 ipse
709 2362 780 2399 aut
821 2373 894 2412 per
936 2360 1126 2400 amicum:
1171 2359 1278 2410 quod
1314 2359 1509 2411 arripiens
1544 2360 1664 2410 poeta
1701 2357 1800 2400 dicit

258 2422 429 2461 salutem
459 2421 619 2461 mittere
655 2420 762 2461 idem
803 2432 888 2460 esse
919 2422 1040 2471 atque
1071 2420 1106 2459 si
1135 2420 1298 2459 iusserit
1327 2432 1418 2459 eum
1449 2431 1611 2471 corpore
1642 2419 1798 2460 saluere

258 2480 342 2520 siue
391 2481 549 2521 saluum
598 2493 682 2521 esse
730 2479 971 2520 ualetudine.
1051 2478 1189 2520 Morbo
1247 2479 1430 2520 laborare
1477 2479 1678 2519 Lucilium
1726 2478 1797 2519 ino

258 2542 437 2591 tempore
480 2554 526 2580 ex
563 2540 658 2580 libri
687 2539 725 2577 V
762 2539 922 2580 exordio
958 2539 1247 2579 intelleximus:
1290 2540 1434 2579 iterum
1478 2538 1527 2579 de
1566 2538 1797 2578 ualetudine

259 2601 440 2651 queritur
463 2600 567 2640 libro
586 2600 654 2639 VI.
707 2599 785 2640 Cic.
813 2599 864 2638 ad
888 2598 973 2638 Att.
997 2598 1094 2638 XVI
1120 2599 1158 2648 3,
1185 2600 1230 2638 6:
1257 2595 1451 2639 ‘Atticam
1475 2600 1654 2639 nostram
1679 2599 1796 2650 cupio

259 2660 463 2700 absentem
500 2660 697 2700 suauiari:
734 2660 794 2699 ita
831 2659 931 2698 mihi
968 2658 1096 2699 dulcis
1134 2659 1241 2699 salus
1277 2660 1368 2700 uisa
1404 2659 1465 2699 est
1503 2671 1574 2710 per
1603 2659 1643 2698 te
1674 2659 1797 2699 missa

260 2719 309 2759 ab
339 2717 439 2760 illa.’
503 2719 618 2760 Ouid.
643 2719 794 2759 heroid.
822 2720 861 2769 4,
889 2720 912 2758 1
947 2712 1037 2773 (16,
1065 2713 1121 2773 1).

379 2774 490 2820 231.
535 2779 757 2831 Porphyrio
801 2779 854 2819 ad
888 2778 1050 2819 Horatii
1086 2791 1311 2819 sermonum
1346 2777 1368 2817 Ι
1394 2779 1437 2828 9,
1471 2778 1525 2817 78
1569 2774 1696 2818 “‘Sio
1731 2790 1796 2818 me

213 2865 218 2869 ·
258 2840 436 2879 seruauit
471 2836 670 2890 Apollo''=
707 2836 738 2892 †
775 2838 823 2877 de
859 2839 935 2878 hoc
969 2839 1040 2878 illo
1072 2850 1190 2878 sensu
1221 2837 1430 2878 Homerico
1465 2838 1647 2889 sumpsit,
1679 2850 1796 2888 quem

258 2900 297 2937 et
339 2899 516 2938 Lucilius
559 2900 602 2938 in
645 2899 753 2938 sexto
797 2899 1023 2949 satyrarum
1065 2899 1383 2950 repraesentauit
1424 2897 1482 2937 sic
1519 2890 1677 2947 Hiems,
1721 2893 1798 2936 “ut

259 2958 446 3008 discrepet
474 2959 548 2998 hac
572 2956 685 2998 τόνδε
713 2955 931 3012 ἐξήρπασεν
952 2952 1153 2998 Ἀπόλλων
1179 2953 1309 3011 [quem
1333 2958 1469 3007 rapwtt
1490 2955 1652 3008 Apollo]
1678 2952 1794 2996 fiat’'.
