2060 3444
297 259 381 302 142
812 306 817 310 .
896 257 947 292 IX
972 268 1007 292 u.
1035 260 1235 292 377—381.

295 385 340 422 ac
370 384 451 411 non
481 371 660 410 litteram
691 369 850 410 eiecisse
881 370 1031 422 passim
1062 370 1258 410 traditum
1290 371 1350 410 est
1379 369 1498 410 modo
1524 370 1661 411 addito
1685 370 1831 412 Varro.-

293 433 355 471 nis
386 432 545 471 nomine
577 430 695 470 modo
734 432 897 481 omisso,
936 426 1136 483 [Sergius]
1162 430 1221 469 IV
1245 444 1283 480 p.
1312 431 1410 481 519,
1438 433 1489 470 11
1526 427 1720 471 ‘Litterae
1742 427 1832 477 'La'-

293 493 402 530 111100
440 503 530 531 cum
554 491 690 530 XXIII
721 492 819 540 sint,
850 490 978 530 Varro
1003 490 1120 529 XVII
1157 490 1254 529 dicit
1290 502 1392 541 esset,
1428 492 1578 530 ceteras
1615 488 1833 543 superfluas

294 548 439 602 putat'.
500 551 692 590 Priscian.
717 550 759 589 H
782 564 820 601 p.
850 551 917 599 13,
944 551 968 589 8
983 550 1020 589 K
1059 547 1305 590 ‘Auctoritas
1342 563 1499 601 quoque
1529 552 1614 590 tam
1638 551 1832 591 Varronis

295 624 416 662 quam
447 611 574 650 Macri
610 611 712 650 teste
745 609 960 650 Censorino
1001 622 1071 649 nec
1102 611 1129 648 k
1161 622 1232 650 nec
1264 623 1290 660 q
1320 622 1392 650 nec
1421 610 1448 648 h
1484 612 1528 649 in
1563 623 1727 651 numero
1765 610 1833 650 ad-

294 671 405 710 hibet
442 667 697 710 litterarum'.
768 669 941 709 Cassiod.
975 683 1021 708 ex
1054 669 1229 709 Cornuto
1254 670 1333 708 VH
1356 683 1394 720 p.
1424 671 1526 716 153,
1555 673 1575 710 1
1625 668 1688 710 ‘In
1730 670 1833 710 libro

296 733 365 782 qui
397 733 457 770 est
489 731 535 770 de
568 731 833 782 grammatica
864 730 1004 780 Varro,
1036 735 1126 769 011111
1157 730 1204 769 de
1236 730 1384 769 litteris
1418 729 1645 781 dissereret,
1678 727 1775 784 [ita]
1806 730 1834 769 h

295 793 401 830 inter
426 791 582 830 litteras
608 803 688 829 non
713 803 796 830 esse
823 790 1057 841 disputauit,
1084 790 1190 840 quod
1215 790 1343 829 multo
1367 791 1499 831 minus
1524 792 1681 840 mirum,
1713 803 1834 842 quam

297 851 402 902 quod
444 865 469 889 x
513 863 669 901 quoque
718 850 897 889 litteram
947 862 1030 889 esse
1084 847 1219 902 negat'
1265 844 1438 904 (Charis.
1462 850 1483 888 Ι
1507 863 1545 900 p.
1573 851 1617 900 8,
1645 851 1712 891 14.
1740 845 1833 906 16);

267 911 426 957 ,Diom.
452 911 473 949 Ι
497 925 534 962 p.
563 911 662 959 423,
689 912 741 950 31
788 907 974 956 ‘Quidam
1011 909 1157 949 Latino
1198 911 1371 949 sermoni
1407 909 1586 950 sufficere
1623 910 1757 950 decem
1794 912 1835 950 et

295 973 448 1021 septem
478 971 636 1010 litteras
668 970 938 1020 crediderunt,
979 969 1011 1009 si
1044 970 1206 1020 quidem
1244 983 1290 1009 ex
1328 971 1476 1023 uiginti
1513 972 1553 1009 et
1588 970 1717 1010 tribus
1753 982 1834 1009 una

295 1031 582 1082 adspirationis
607 1032 704 1069 nota
730 1032 800 1080 est,
832 1030 870 1079 h,
895 1043 976 1069 una
1002 1030 1159 1081 duplex,
1183 1043 1220 1080 x,
1246 1030 1348 1069 duae
1372 1042 1652 1080 superuacuae,
1679 1030 1706 1068 k
1731 1031 1771 1069 et
1797 1043 1834 1082 q,

295 1091 397 1130 duae
429 1090 614 1139 Graecae,
650 1103 678 1140 y
704 1092 744 1130 et
772 1087 806 1128 z’
829 1085 993 1144 (Donat.
1013 1089 1071 1128 IV
1096 1103 1133 1140 p.
1156 1091 1254 1140 368,
1277 1091 1343 1129 12.
1376 1089 1484 1143 Serg.
1504 1090 1562 1129 IV
1587 1091 1744 1141 p.477‚
1767 1091 1832 1129 14.

298 1153 364 1191 20.
399 1152 466 1190 26.
498 1150 673 1201 Pompei.
700 1150 799 1200 Vp.
829 1152 925 1200 111,
952 1151 976 1189 6
1005 1149 1103 1189 Mar.
1124 1149 1316 1190 Victorin.
1337 1149 1457 1200 VIp.
1486 1151 1533 1200 5,
1561 1151 1628 1189 24.
1665 1151 1732 1189 27.
1763 1139 1834 1188 Vi'-

296 1212 435 1251 ctorin.
461 1210 520 1249 VI
553 1223 590 1261 p.
620 1210 716 1260 195,
745 1211 811 1249 19.
847 1180 950 1260 196,
978 1212 1014 1249 1.
1070 1209 1216 1249 Anecd.
1243 1210 1399 1249 Heluet.
1427 1209 1526 1248 VIII
1555 1223 1593 1260 p.
1621 1210 1725 1259 225,
1758 1209 1835 1248 6Κ

298 1270 466 1316 Quintil.
491 1270 512 1309 I
539 1272 578 1320 4,
606 1265 662 1324 9).
689 1292 747 1296 —
775 1269 904 1309 Causa
937 1281 1015 1320 qua
1046 1271 1148 1308 moti
1179 1269 1358 1320 quidam,
1390 1269 1426 1307 h.
1454 1282 1485 1308 e.
1511 1269 1639 1309 Varro
1671 1270 1834 1320 eiusque

297 1332 513 1370 sectatores
537 1331 562 1369 h
587 1331 611 1368 k
635 1342 659 1379 q
682 1342 709 1368 ,τ
733 1330 976 1369 remouerint
1000 1329 1147 1379 ubique
1172 1330 1384 1379 indicatur,
1414 1329 1519 1379 quod
1543 1330 1569 1368 h
1593 1341 1672 1368 non
1697 1329 1835 1368 littera

297 1390 365 1429 sed
397 1390 654 1440 aspirationis
685 1390 782 1429 nota
814 1390 1062 1429 existimetur
1090 1384 1207 1443 (Mar.
1233 1389 1383 1428 Victor.
1409 1389 1434 1427 l.
1461 1401 1490 1428 s.
1517 1383 1578 1443 s),
1610 1389 1716 1439 quod
1746 1390 1834 1428 uice

297 1451 320 1488 k
340 1452 379 1489 et
398 1463 421 1499 q
446 1451 674 1489 litterarum
699 1450 826 1500 possit
845 1460 865 1488 c
889 1450 1004 1500 fungi
1025 1444 1132 1503 (Ter.
1153 1448 1288 1488 Scaur.
1307 1449 1387 1488 VH
1411 1463 1447 1500 p.
1471 1450 1538 1499 14,
1561 1450 1628 1488 12.
1656 1450 1724 1499 27,
1746 1443 1834 1503 18),

299 1510 405 1560 quod
428 1522 454 1549 x
479 1509 624 1560 duplex
655 1509 794 1548 littera
825 1510 896 1559 sit,
934 1521 1014 1559 qua
1045 1509 1129 1548 nilo
1159 1509 1251 1559 plus
1282 1509 1532 1561 indigeamus
1564 1521 1684 1559 quam
1708 1517 1742 1559 ψ
1767 1509 1834 1548 lit-

296 1572 385 1610 tera
428 1569 670 1610 Graecorum
711 1563 897 1622 (Quintil.
923 1568 948 1607 1.
975 1563 1041 1623 s.):
1086 1570 1291 1607 nominum
1329 1569 1596 1619 discrepantia
1639 1581 1836 1620 nusquam

297 1643 370 1681 pro
409 1631 643 1681 argumento
681 1630 861 1679 ponitur,
902 1630 982 1668 nisi
1021 1630 1063 1667 in
1107 1629 1341 1680 fragmentis
1378 1628 1639 1668 Bobiensibus
1665 1627 1733 1667 GL
1757 1627 1836 1667 VH

298 1704 335 1741 p.
364 1691 462 1740 539,
491 1691 543 1729 12
585 1686 770 1739 ‘Antiqui
794 1688 910 1727 XVH
952 1688 1109 1728 litteras
1159 1689 1263 1728 solas
1306 1688 1517 1728 habebant.
1560 1689 1587 1726 h
1611 1689 1638 1727 k
1665 1701 1689 1739 q
1714 1701 1739 1726 x
1762 1702 1790 1739 y
1816 1701 1835 1726 z

299 1749 405 1800 quod
436 1762 563 1800 neque
596 1749 754 1788 uocales
785 1751 916 1789 essent
946 1761 1073 1798 neque
1104 1748 1154 1787 ab
1187 1762 1206 1786 e
1237 1748 1472 1788 inchoarent
1496 1749 1542 1787 ut
1567 1747 1835 1798 semiuocales,

298 1822 426 1860 neque
451 1810 493 1848 in
525 1822 545 1848 e
577 1809 814 1859 desinerent,
845 1810 891 1848 ut
921 1810 1068 1858 mutae,
1098 1810 1217 1848 tenax
1250 1809 1348 1848 artis
1379 1809 1559 1848 uetustas
1590 1809 1743 1859 respuit
1767 1807 1836 1848 sed

301 1869 502 1908 inlecebra
534 1869 748 1908 suauitatis
780 1865 970 1908 admisit'.
1032 1867 1143 1914 Quae
1173 1868 1424 1919 ineptissima
1455 1881 1538 1908 esse
1569 1868 1734 1919 planum
1765 1869 1836 1918 est,

298 1930 393 1968 licet
424 1929 611 1968 similiter
640 1928 816 1979 peccarit
845 1929 1071 1968 Priscianus
1095 1928 1137 1967 H
1162 1942 1198 1979 p.
1229 1931 1295 1979 11,
1325 1929 1377 1967 13
1413 1925 1551 1967 ‘miror
1580 1927 1683 1967 hanc
1714 1922 1758 1982 (f
1776 1926 1836 1966 Mt-

299 1983 441 2042 teram)
478 1990 586 2028 inter
622 1988 878 2028 semiuocales
915 1989 1094 2038 posuisse
1133 1988 1281 2026 artium
1318 1989 1547 2038 scriptores:
1591 1987 1693 2027 nihil
1731 1989 1835 2027 enim

300 2048 409 2088 aliud
445 2048 568 2088 habet
603 2048 700 2087 haec
737 2048 873 2086 littera
911 2047 959 2086 de
996 2060 1092 2086 sono
1130 2047 1378 2097 semiuocali,
1422 2048 1500 2087 nisi
1537 2047 1708 2086 nominis
1745 2059 1835 2098 pro-

298 2109 502 2157 lationem,
534 2120 634 2158 quae
661 2120 684 2146 a
709 2107 840 2147 uocali
865 2104 1034 2157 incipit'.
1087 2106 1254 2147 Secutus
1280 2109 1340 2146 est
1362 2107 1475 2146 illam
1499 2107 1630 2158 legem
1653 2107 1701 2146 de
1720 2106 1837 2146 XVH

298 2168 445 2207 litteris
477 2180 502 2206 a
532 2167 712 2207 Varrone
743 2168 893 2206 factam
923 2166 1110 2219 Nigidius
1140 2167 1319 2219 Figulus,
1352 2168 1422 2217 qui
1453 2164 1511 2205 ‘in
1542 2167 1836 2206 commentariis

301 2229 381 2267 suis
413 2240 486 2267 nec
515 2228 542 2265 k
573 2228 709 2278 posuit
744 2240 817 2267 nec
849 2240 874 2277 q
905 2240 977 2266 nec
1008 2240 1043 2266 x.
1110 2226 1222 2266 Idem
1251 2227 1278 2265 h
1315 2240 1395 2267 non
1433 2229 1516 2267 esse
1553 2226 1728 2266 litteram
1767 2225 1836 2265 sed

300 2290 437 2327 notam
472 2287 756 2338 adspirationis
791 2284 987 2326 tradidit'.
1032 2281 1149 2344 (Mar.
1175 2286 1368 2326 Victorin.
1394 2286 1453 2326 VI
1478 2286 1581 2338 p.8,
1610 2280 1695 2341 16).
1758 2285 1837 2325 Sed

301 2349 553 2400 grammatici
588 2348 818 2398 posterioris
855 2347 1046 2397 temporis
1084 2347 1276 2386 Varronis
1320 2347 1526 2386 sententiis
1570 2346 1706 2386 infesti
1749 2358 1837 2385 eam

300 2408 559 2459 neglexerunt
588 2407 716 2446 ueluti
746 2406 910 2447 Verrius
941 2399 1105 2447 Flaccus
1136 2407 1301 2458 negauit
1330 2420 1355 2444 x
1385 2407 1564 2445 litteram
1602 2418 1684 2445 esse
1722 2406 1837 2445 semi-

300 2467 499 2517 uocalem,
547 2469 700 2506 mutam
744 2479 831 2506 eam
874 2466 1114 2506 contendens
1161 2467 1307 2506 rectius
1357 2466 1436 2505 dici
1479 2461 1584 2520 (Vel.
1610 2465 1733 2517 Long.
1759 2465 1838 2504 VH

300 2541 338 2578 p.
366 2528 434 2578 51,
462 2498 507 2582 1)
546 2529 586 2566 et
621 2539 863 2578 magnopere
902 2527 1058 2566 aestuat
1096 2526 1303 2565 Terentius
1338 2525 1508 2565 Scaurus
1533 2525 1613 2564 VII
1635 2539 1674 2576 p.
1702 2526 1765 2564 15v
1794 2525 1837 2563 in

300 2587 512 2626 refutanda
543 2586 735 2626 Varronis
773 2586 971 2626 sententia
1007 2586 1055 2625 de
1092 2586 1119 2624 k
1157 2587 1198 2625 et
1234 2598 1254 2624 c
1290 2586 1446 2625 litteris.
1513 2585 1717 2625 Postremo
1758 2583 1835 2623 duo

302 2648 537 2699 argumenta
575 2646 736 2696 addam,
780 2659 849 2686 cur
884 2645 1106 2685 Varronem
1142 2645 1394 2696 potissimum
1432 2646 1633 2684 auctorem
1675 2645 1838 2684 iliorum

301 2707 506 2745 nominum
539 2706 860 2746 existimauerim.
909 2705 1087 2744 Primum
1119 2706 1224 2744 enim
1254 2718 1397 2745 nomen
1427 2704 1529 2743 illud
1554 2717 1648 2755 nau,
1681 2703 1786 2755 quod
1810 2717 1836 2743 u

302 2767 538 2806 consonanti
567 2765 696 2804 Varro
728 2765 919 2816 imposuit
950 2767 990 2805 et
1021 2765 1129 2816 apud
1157 2766 1311 2805 ueteres
1342 2764 1623 2817 grammaticos
1656 2765 1696 2804 et
1729 2763 1836 2815 apud

303 2838 373 2865 nos
404 2839 528 2876 usque
560 2825 612 2864 ad
637 2825 743 2864 hunc
769 2825 872 2864 diem
898 2838 988 2864 cum
1012 2825 1152 2864 ceteris
1177 2825 1403 2864 litterarum
1427 2824 1652 2864 nominibus
1677 2823 1835 2862 mansit.

305 2884 410 2924 Conf
432 2885 604 2925 Cassiod.
631 2898 678 2924 ex
704 2884 877 2924 Cornuto
896 2885 975 2924 VH
998 2899 1037 2935 p.
1066 2886 1163 2934 148,
1191 2886 1246 2924 10
1273 2881 1402 2924 ‘Hanc
1426 2884 1605 2923 litteram
1629 2883 1836 2922 Terentius

302 2945 431 2984 Varro
451 2945 546 2984 dum
563 2945 654 2983 uult
672 2944 955 2994 demonstrare,
973 2945 1033 2983 ita
1051 2944 1261 2995 perscribit
1280 2941 1386 2982 uau'.
1418 2943 1607 2983 Priscian.
1620 2943 1662 2982 H
1679 2956 1717 2994 p.
1734 2943 1787 2982 15
1799 2941 1837 2980 K

305 3001 358 3041 ‘V
389 3017 484 3043 uero
515 3005 602 3043 1000
634 3005 887 3044 consonantis
918 3006 1050 3056 posita
1081 3003 1244 3043 eandem
1274 3016 1435 3054 prorsus
1465 3003 1508 3042 in
1539 3003 1719 3043 omnibus
1754 3003 1837 3041 uim
