2060 3444
273 278 360 322 320
855 272 957 310 XXX
980 285 1019 310 u.
1039 253 1248 311 eso-987,

278 407 315 443 p.
345 392 427 430 123
442 391 497 430 A:
535 385 619 428 ἀλλ’
660 386 828 441 ἀτεχνῶς
858 386 956 426 κατὰ
993 386 1061 427 τὸν
1086 385 1279 426 Αἰσώπου
1318 388 1472 437 μῦθον,
1509 381 1556 424 ὃν
1592 381 1618 436 ἡ
1650 382 1810 437 ἀλώπηξ

274 450 372 504 πρὸς
403 450 472 490 τὸν
503 448 639 489 λέοντα
669 443 751 488 εἷπε
781 446 846 486 καὶ
871 452 941 487 τοῦ
967 446 1023 494 εἰς
1048 445 1331 497 Λακεδαίμονα
1355 444 1596 497 νομίσματος
1619 443 1811 491 εἰσιόντος

277 509 347 562 μὲν
378 509 425 549 τὰ
457 509 545 562 ἴχνη
571 507 618 548 τὰ
649 507 770 548 ἐκεῖσε
801 504 1042 560 τετραμμένα
1074 506 1188 558 δῆλα,
1218 503 1390 553 ἐξιόντος
1422 501 1463 544 δὲ
1495 504 1653 560 οὐδαμῇ
1678 501 1729 544 ἄν
1753 518 1812 552 τις

276 571 371 610 ἴδοιε
404 570 473 609 sed
503 569 682 607 fabulam
712 569 842 618 ipsam
874 567 1071 617 copiosius
1103 566 1286 604 narrauit
1315 565 1385 603 ille
1412 578 1532 614 quam
1556 564 1685 604 Plato.
1733 563 1812 602 Lu-

274 630 412 670 cilium
443 630 622 679 sequitur
646 628 838 667 Horatius
871 628 985 676 epist.
1011 627 1032 664 I
1060 629 1097 677 1,
1125 627 1179 664 73
1213 622 1326 664 ‘olim
1355 623 1460 675 quod
1483 624 1624 674 uulpes
1650 624 1813 676 aegroto

276 692 395 729 cauta
425 690 533 728 leoni
563 687 779 738 respondit,
804 686 997 725 referam:
1030 682 1159 735 “quia
1190 698 1252 723 me
1283 685 1455 736 uestigia
1486 685 1649 733 terrent,
1680 684 1815 722 omnia

275 752 315 788 te
335 750 547 788 aduersum
566 748 801 798 spectantia,
821 746 933 785 nulla
951 741 1229 785 retrorsum”.'
1274 743 1395 795 Apud
1414 744 1607 782 Babrium
1627 743 1706 782 fab.
1728 743 1812 782 103

252 810 339 848 >leo
378 822 495 848 senex
533 809 665 846 aetate
704 809 764 846 est
807 806 1027 856 confectus,
1071 817 1149 843 non
1187 817 1328 844 reuera
1364 805 1469 842 iacet
1505 805 1710 855 aegrotus,
1748 801 1817 842 sed

278 869 441 908 simulat
472 881 512 908 se
546 880 628 907 esse
661 868 887 918 aegrotum:
919 863 1018 905 λέων
1048 859 1110 904 ἐπ’
1146 862 1273 917 ἄγρην
1304 861 1434 903 οὐκέτι
1466 861 1623 902 σθένων
1648 861 1816 915 βαίνειν,

277 930 407 983 πολλῷ
434 925 507 980 γὰρ
539 924 618 978 ἤδη
650 929 702 981 τῷ
728 925 856 980 χρόνῳ
886 924 1106 978 γεγηράκει,
1136 924 1273 975 κοίλης
1303 921 1377 963 ἔσω
1409 921 1635 976 σπήλυγγος
1665 917 1730 962 οἷά
1758 935 1818 969 τις

277 987 410 1043 νούσῳ
441 986 604 1038 κάμνων
634 980 794 1026 ἐκέκλιτ’
829 979 1024 1039 (ἕβέβλητ’
1060 978 1237 1037 Suidas),
1269 982 1343 1023 οὐκ
1374 979 1523 1034 ἀληθὲς
1561 980 1818 1034 ἀσθμαίνωνε

279 1047 420 1086 eodem
450 1046 567 1086 modo
599 1046 719 1085 schol.
746 1045 848 1084 Plat.
874 1044 1002 1084 Alcib.
1028 1044 1054 1083 1.
1080 1057 1110 1084 s.
1136 1057 1165 1083 s.
1197 1041 1295 1083 λέων
1328 1041 1380 1094 μὴ
1413 1037 1495 1090 οἷός
1525 1056 1564 1082 τε
1596 1039 1663 1081 διὰ
1692 1046 1818 1095 γῆρας

280 1105 472 1159 θηρεύειν
498 1103 554 1145 ὢν
579 1107 847 1158 προσεποιεῖτο
872 1107 1004 1144 νοσεῖν
1028 1104 1124 1143 Fab.
1150 1103 1294 1154 Aesop.
1320 1103 1403 1141 246
1418 1102 1551 1141 Halm.
1577 1099 1675 1141 λέων
1699 1100 1816 1154 γηρά-

281 1178 351 1214 σας
378 1197 416 1205 ..
437 1197 445 1204 .
473 1163 790 1218 παραγενόμενος
830 1163 885 1211 εἴς
927 1179 962 1203 τι
1006 1162 1200 1215 σπήλαιον
1241 1160 1307 1202 καὶ
1350 1161 1527 1202 ἐνταῦθα
1569 1158 1820 1208 κατακλιθεὶς

281 1228 550 1279 προσεποιεῖτο
581 1223 650 1264 τὸν
681 1229 887 1263 νοσοῦντα.

402 1279 513 1324 982.
551 1284 705 1323 Nonius
743 1297 781 1334 p.
804 1284 907 1332 160,
928 1284 984 1322 20
1023 1280 1223 1334 ‘Porrigo,
1266 1281 1394 1321 morbi
1438 1293 1572 1333 genus.
1639 1280 1818 1319 Lucilius

280 1345 348 1384 lib.
368 1344 477 1382 XXX
498 1341 687 1384 “tristem
714 1374 721 1381 .
743 1374 751 1381 .
773 1374 780 1382 .
806 1339 1030 1393 plenum’'.'
1086 1341 1259 1381 Leonem
1284 1341 1455 1380 describi
1479 1341 1627 1379 conicit
1651 1338 1818 1379 Guiliel-

280 1418 369 1444 mus
394 1405 419 1442 1.
441 1416 471 1443 s.
491 1417 519 1444 s.
546 1417 584 1454 p.
606 1405 659 1443 37
688 1403 937 1454 aegritudine
967 1403 1136 1451 tristem,
1168 1402 1402 1451 corruptum
1434 1400 1576 1450 scabie,
1601 1400 1819 1451 porriginis

280 1465 453 1514 plenum.
522 1463 581 1502 De
624 1463 828 1514 porrigine
872 1461 971 1501 Cels.
997 1462 1055 1500 VI
1091 1464 1134 1511 2,
1177 1461 1224 1500 de
1268 1460 1398 1501 scabie
1438 1460 1544 1499 idem
1586 1459 1624 1497 V
1650 1459 1818 1509 28,16.

281 1524 483 1574 porrigine
515 1521 728 1562 Onionsius
759 1534 891 1561 errore
922 1523 968 1560 ut
998 1521 1170 1560 uidetur.

400 1576 512 1621 983.
533 1582 688 1621 Nonius
707 1595 745 1631 p.
764 1582 859 1630 125,
877 1582 929 1620 31
954 1578 1160 1629 ‘Inluuies,
1180 1581 1325 1620 sordes.
1354 1610 1362 1618 .
1378 1610 1408 1618 ..
1429 1579 1610 1618 Lucilius
1629 1578 1697 1618 lib.
1711 1577 1821 1616 XXX

283 1638 497 1691 “inluuies,
519 1672 526 1679 .
548 1672 556 1679 .
578 1672 586 1680 .
611 1642 775 1689 denique
793 1643 875 1689 spei
894 1637 1216 1680 conscendere''.’
1270 1639 1382 1679 Idem
1407 1653 1445 1690 p.
1463 1640 1628 1688 160,17
1651 1634 1821 1690 ‘Petigo,

281 1714 404 1754 genus
447 1701 586 1740 morbi.
654 1700 831 1740 Lucilius
875 1700 944 1739 lib.
969 1700 1079 1738 XXX
1116 1695 1323 1740 “inluuies
1357 1730 1364 1738 .
1393 1729 1400 1737 .
1428 1729 1436 1737 .
1474 1699 1637 1747 denique
1684 1699 1821 1748 petigo

284 1757 604 1801 conscendere”.’
667 1761 788 1809 deque
817 1762 946 1810 petiyo
977 1760 1200 1808 Fruterius,
1243 1772 1321 1810 quo
1359 1759 1407 1798 de
1437 1758 1634 1798 uocabulo
1666 1757 1821 1796 Keilius

281 1822 513 1860 testimonia
557 1820 728 1860 contulit
767 1820 817 1858 ad
864 1819 947 1859 Cat.
989 1819 1036 1858 de
1080 1832 1163 1871 agr.
1196 1820 1289 1859 cult.
1318 1820 1420 1868 157,
1449 1819 1502 1857 16
1547 1818 1823 1858 commentarii

282 1895 319 1931 p.
350 1881 445 1919 182.
520 1881 640 1919 Recte
691 1880 858 1919 adnotat
906 1878 1203 1918 Lachmannus:
1254 1875 1534 1918 ‘Conscendere
1575 1878 1722 1923 oculos,
1770 1876 1821 1916 ad

284 1940 420 1979 oculos
452 1953 499 1977 ex
530 1939 786 1978 inferioribus
817 1939 1000 1988 partibus
1031 1940 1208 1988 corporis
1240 1938 1450 1977 ascendere
1481 1933 1607 1988 puto'.

403 1994 515 2038 985.
547 1999 702 2036 Nonius
730 2012 768 2048 p.
791 1999 888 2047 289,
910 1999 964 2036 16
992 1994 1243 2046 ‘Deductum‚
1269 1998 1531 2045 deminutum,
1556 2009 1821 2047 suppressum.

283 2057 463 2096 Lucilius
482 2057 550 2095 lib.
562 2057 671 2095 XXX
691 2053 894 2096 “deducta
914 2060 1004 2096 twm
1024 2052 1099 2110 (ita
1118 2057 1156 2095 L
1168 2070 1218 2095 m.
1233 2060 1278 2095 1:
1297 2056 1601 2095 deductathunc
1619 2057 1710 2095 m.2
1723 2058 1758 2095 et
1772 2055 1821 2101 G,

283 2119 370 2155 tum
395 2111 697 2169 Lachmannus)
729 2128 825 2155 uoce
851 2117 930 2155 leo:
962 2127 1056 2154 «cur
1085 2118 1131 2155 tu
1161 2117 1250 2166 ipsa
1275 2117 1412 2154 uenire
1436 2128 1517 2155 non
1541 2116 1603 2155 uis
1626 2111 1822 2154 huc?>›’'’

286 2175 387 2214 Sunt
417 2176 539 2214 uerba
569 2175 695 2214 leonis
726 2175 777 2214 ad
801 2175 1064 2226 uulpeculam.
1093 2207 1095 2209 .
1121 2176 1285 2215 deducta
1314 2187 1406 2214 uoce
1431 2174 1530 2225 quid
1555 2176 1609 2214 sit
1633 2176 1822 2213 enarrant

284 2236 520 2285 interpretes
559 2235 609 2273 ad
639 2234 818 2285 Propert.
838 2235 880 2274 H
907 2236 981 2284 33,
1002 2236 1056 2275 38
1091 2231 1146 2274 ‘et
1182 2248 1271 2274 mea
1309 2235 1478 2274 deducta
1515 2235 1692 2274 carmina
1723 2246 1821 2273 uoce

286 2291 414 2345 legis’,
457 2296 687 2333 testimonia
730 2295 893 2346 collegit
928 2295 1100 2334 Macrob.
1133 2295 1292 2334 Saturn.
1319 2294 1378 2333 VI
1404 2296 1449 2343 4,
1478 2295 1531 2333 12
1577 2295 1649 2346 qui
1691 2293 1822 2332 adfert

285 2366 421 2393 uersus
466 2352 668 2393 Cornificii
711 2348 844 2408 (PRF
888 2368 925 2404 p.
948 2355 1031 2394 325
1047 2350 1119 2408 B),
1168 2354 1327 2393 Afranii
1372 2349 1478 2408 (340
1492 2349 1565 2407 R),
1611 2353 1823 2403 Pomponii

287 2407 360 2466 (57
377 2408 429 2467 R)
478 2410 632 2452 ‘uocem
674 2413 846 2453 deducas
891 2416 1058 2465 oportet,
1100 2415 1147 2452 ut
1188 2414 1402 2452 uideantur
1444 2414 1623 2452 mulieris
1666 2409 1821 2452 uerba’:

287 2472 456 2512 Babrius
506 2473 554 2512 de
606 2474 718 2512 leone
765 2475 867 2522 103,
894 2474 918 2512 5
964 2472 1107 2524 φωνὴν
1149 2473 1313 2526 βαρεῖαν
1355 2471 1605 2527 προσποιητὰ
1654 2471 1820 2512 λεπτύ-

286 2547 399 2583 νων,
448 2533 597 2584 Vergil.
630 2533 751 2584 eclog.
776 2533 835 2572 VI
867 2534 892 2572 5
938 2530 1167 2572 ‘deductum
1216 2533 1345 2572 dicere
1389 2529 1575 2582 carmen’,
1618 2532 1690 2571 ubi
1733 2531 1821 2571 Ser-

285 2593 374 2630 uius
423 2588 573 2641 ‘tenue,
615 2593 826 2632 translatio
876 2605 901 2631 a
939 2593 1033 2631 lana
1076 2605 1178 2643 quae
1222 2593 1429 2632 deducitur
1470 2594 1513 2631 in
1554 2587 1820 2631 tenuitatem'.

202 2686 208 2690 .
286 2651 404 2689 Babr.
435 2652 461 2689 1.
482 2664 510 2690 s.
532 2664 559 2690 s.
590 2653 642 2690 13
665 2664 771 2702 seqq.
809 2655 935 2704 χαῖρε,
978 2651 1143 2703 φιλτάτη
1187 2649 1308 2706 ζῴων.
1375 2652 1415 2691 τί
1455 2647 1492 2691 δ’
1522 2651 1571 2691 οὐ
1608 2649 1821 2706 προσέρχῃ,

287 2709 489 2763 μακρόθεν
522 2709 564 2749 δέ
595 2725 640 2762 με
673 2709 836 2766 σκέπτῃ;
867 2711 1008 2764 δεῦρο,
1044 2713 1222 2764 γλυκεῖα,
1259 2711 1330 2750 καί
1365 2726 1410 2763 με
1448 2711 1642 2758 ποικίλοις
1673 2710 1821 2762 μύθοις

287 2769 570 2822 παρηγόρησον
600 2768 715 2823 ἐγγὺς
740 2768 833 2809 ὄντα
858 2776 928 2823 τῆς
953 2770 1104 2824 μοίρης.
1152 2771 1200 2809 In
1226 2784 1316 2822 app.
1342 2783 1394 2810 cr.
1422 2771 1539 2810 adde:
1570 2771 1751 2809 deductat
1774 2768 1819 2808 G.

406 2825 518 2870 987.
559 2830 714 2869 Nonius
762 2844 799 2880 p.
829 2831 932 2880 143,
959 2831 1014 2870 33
1065 2827 1302 2883 ‘Noenu[m]
1352 2843 1424 2881 pro
1474 2843 1564 2870 non.
1643 2829 1820 2868 Lucilius

286 2889 354 2927 lib.
374 2889 483 2927 XXX
525 2885 626 2928 “sed
669 2891 804 2928 tamen
847 2890 921 2929 hoc
964 2890 1072 2929 dicas
1109 2890 1207 2941 quid
1243 2893 1299 2930 est
1334 2892 1370 2929 si
1405 2902 1572 2929 noenwm
1608 2889 1821 2928 molestum

288 2945 408 2986 est’'.'
463 2950 557 2996 quid
586 2950 637 2987 sit
661 2948 872 2998 Santenus,
903 2950 998 2998 quid
1021 2953 1099 2989 rest
1121 2949 1399 2989 Lachmannus
1424 2951 1467 2988 in
1494 2948 1650 2988 Lucret.
1675 2962 1713 2998 p.
1735 2949 1820 2987 150

287 3008 376 3046 init.
409 3008 596 3060 Eleganti
626 3009 702 3048 hoc
733 3010 774 3047 et
803 3009 955 3049 urbano
987 3022 1165 3049 sermone
1196 3011 1324 3049 utitur
1359 3009 1583 3060 uulpecula,
1612 3010 1655 3046 m'
1686 3007 1820 3047 fallor:
