2060 3444
274 268 361 311 256
550 262 552 264 ’
831 261 967 298 XXVII
991 274 1026 297 u.
1055 260 1273 299 voe-7128

267 375 504 430 perimus’'.’
587 377 835 416 Sententiam
884 377 989 414 recte
1039 375 1222 414 distinxit
1271 373 1566 412 Lachmannus:
1613 372 1808 421 periimus

274 440 469 491 principio
512 449 649 476 uersus
690 438 749 475 est
792 435 1032 475 collocatum
1068 436 1114 472 ut
1151 434 1280 472 Plaut.
1312 433 1430 472 Merc.
1465 434 1548 472 609
1590 429 1808 482 ‘Quidquid
1856 450 1857 453 =

275 501 350 549 est,
395 499 444 537 ad
487 497 621 547 capita
663 510 794 535 rerum
834 495 1008 546 perueni.
1062 498 1098 539 n:
1146 494 1323 532 Primum
1367 494 1544 532 omnium
1586 487 1810 530 Periimus’:

275 559 343 597 ubi
387 557 486 597 codd
529 557 647 595 sicuti
683 557 758 595 hoc
795 556 882 594 loco
915 555 1113 603 perimus:
1155 553 1248 592 uide
1293 552 1343 591 ad
1386 552 1453 591 lib.
1485 551 1616 590 XXIX
1646 565 1683 589 u.
1712 551 1809 589 843.

277 618 524 658 Sententiam
565 617 772 667 intelleges
817 615 962 654 collato
1006 614 1182 664 Propert.
1208 613 1250 651 H
1277 614 1349 662 34,
1385 613 1438 651 25
1485 609 1681 662 ‘Lynceus
1725 611 1810 661 ipse

276 691 385 717 meus
424 689 529 716 seros
566 675 718 715 insanit
756 687 924 714 amores:
963 674 1090 713 solum
1127 675 1167 712 te
1204 674 1359 711 nostros
1400 672 1528 711 laetor
1565 671 1674 710 adire
1706 670 1810 709 deos.

281 737 383 784 Quid
414 739 485 776 tua
517 735 729 775 Socraticis
760 735 835 773 tibi
866 747 969 772 nunc
1001 734 1199 784 sapientia
1230 732 1342 771 libris
1374 731 1552 782 proderit
1583 732 1656 770 aut
1679 743 1812 769 rerum

278 798 408 837 dicere
445 809 559 847 posse
597 792 733 835 uias?’
798 793 915 833 Ouid.
941 796 1099 832 metam.
1127 793 1225 831 XIII
1252 794 1304 831 92
1347 789 1431 830 ‘ubi
1473 803 1577 830 nunc
1619 789 1838 828 facundus*

278 857 413 896 Vlixes
422 854 455 895 P'
490 857 587 895 cara·
611 855 800 904 Lucilius,
832 855 866 893 si
896 855 1002 892 recte
1034 853 1344 903 interpretamur
1375 851 1553 890 codicum
1579 851 1813 901 scripturas:

249 959 253 962 ,
278 920 408 956 cartae
435 916 658 955 Socraticae
689 915 834 953 maluit
859 913 1026 953 scribere
1052 913 1243 951 Horatius
1271 912 1317 950 de
1344 913 1428 950 arte
1454 912 1558 961 poet.
1586 911 1671 950 310
1697 922 1814 960 quem

279 978 410 1016 locum
441 976 653 1014 Muellerus
692 974 841 1013 attulit.
906 973 1086 1012 Similem
1124 971 1364 1011 sententiam
1400 971 1572 1022 protulit
1603 969 1814 1020 Sophocles

279 1038 419 1088 fragm.
453 1036 536 1074 666
575 1035 748 1073 Nauckii
786 1034 832 1072 ed
863 1033 905 1072 Π
943 1028 1040 1087 (Cic.
1074 1033 1186 1071 Tusc.
1218 1031 1280 1070 ΙΠ
1316 1025 1407 1084 71):
1447 1029 1541 1070 ὅταν
1580 1027 1620 1069 δὲ
1663 1028 1816 1080 δαίμων

280 1094 424 1150 ἀνδρὸς
461 1094 648 1147 εὐτυχοῦς
684 1093 727 1134 τὸ
765 1092 860 1146 πρὶν
899 1088 1094 1146 πλάστιγγ’
1135 1091 1264 1146 ἐρείσῃ
1301 1097 1371 1130 τοῦ
1409 1090 1499 1143 βίου
1537 1089 1816 1142 παλίντροπον,

280 1154 326 1195 τὰ
363 1153 486 1194 πολλὰ
527 1154 685 1207 φροῦδα
722 1152 788 1193 καὶ
818 1155 946 1200 καλῶς
982 1149 1177 1206 εἰρημένα.
1246 1151 1393 1190 Versus
1436 1151 1598 1189 initium
1641 1148 1816 1188 nondum

285 1217 345 1254 est
375 1214 638 1254 emendatum.

403 1269 511 1314 711.
543 1274 697 1313 Nonius
716 1287 753 1324 p.
770 1273 838 1323 88,
855 1274 907 1311 17
932 1269 1113 1311 ‘Oanicas
1133 1272 1287 1310 ueteres
1306 1270 1479 1309 furfures
1494 1282 1577 1309 esse
1591 1269 1816 1308 uoluerunt.

283 1335 458 1374 Lucilius
496 1334 564 1373 lib.
584 1333 737 1372 XXVII
777 1329 951 1383 “quanti
987 1332 1110 1370 uellet
1147 1344 1268 1381 quam
1306 1331 1462 1369 canicas
1501 1343 1525 1368 a
1549 1330 1660 1379 pulte
1691 1322 1818 1382 (apud

283 1399 317 1434 tc
348 1387 700 1446 Guelferbytanus)
741 1395 774 1431 et
803 1393 981 1441 mayom's
1012 1386 1204 1446 (maeonis
1233 1390 1454 1440 Leidensis,
1486 1390 1691 1438 mamonis
1723 1388 1819 1427 olim

283 1452 481 1506 impressi)
513 1449 695 1492 manu''.'
752 1452 900 1491 Paulus
932 1465 977 1491 ex
1003 1452 1120 1490 Festo
1151 1464 1191 1501 p.
1213 1451 1323 1489 46M
1355 1447 1540 1489 ‘Oanicae
1572 1448 1745 1487 furfures
1771 1447 1818 1486 de

283 1515 388 1553 farre
420 1527 443 1552 a
475 1514 560 1552 cibo
593 1525 734 1552 canum
766 1509 959 1551 uocatae'.
1022 1511 1081 1549 De
1120 1510 1206 1550 cibo
1245 1523 1389 1549 canum
1419 1509 1586 1548 Phaedr.
1612 1508 1670 1547 IV
1698 1509 1764 1558 19,
1793 1508 1818 1545 4

283 1574 352 1613 ubi
383 1574 680 1624 conqueruntur
719 1584 833 1611 canes
872 1571 918 1610 de
949 1571 1155 1610 hominum
1193 1569 1444 1609 contumeliis
1478 1566 1712 1607 ‘furfuribus
1745 1566 1821 1606 sibi

285 1646 540 1684 consparsum
589 1633 697 1683 quod
744 1645 887 1682 panem
937 1627 1104 1670 darent':
1154 1629 1321 1669 eundem
1370 1629 1502 1668 cibum
1551 1627 1820 1667 mendicorum

291 1694 497 1744 appellant
527 1693 699 1731 Martial.
726 1692 760 1730 X
788 1693 826 1740 5,
854 1693 877 1730 5
913 1688 1109 1741 ‘interque
1140 1702 1279 1729 raucos
1311 1690 1475 1728 ultimus
1506 1690 1711 1740 rogatores
1737 1687 1823 1726 oret

287 1753 447 1792 caninas
477 1753 593 1803 panis
624 1751 781 1803 inprobi
812 1748 969 1790 buccas'
1003 1751 1140 1789 quen.
1165 1750 1202 1787 V
1232 1751 1285 1788 10
1319 1746 1426 1788 ‘cum
1460 1749 1587 1799 possit
1616 1747 1821 1787 honestius

286 1814 369 1851 illic
395 1814 434 1851 et
458 1813 625 1851 tremere
652 1813 692 1850 et
717 1811 849 1850 sordes
875 1812 993 1849 farris
1024 1810 1204 1849 mordere
1230 1805 1410 1848 caniniP’
1461 1808 1659 1859 Loquitur
1682 1806 1823 1857 opinor

288 1884 440 1911 seruus:
475 1869 572 1910 ‘dixi
604 1883 691 1910 erus
720 1871 855 1921 potius
881 1884 943 1908 me
969 1870 1168 1919 uenderet,
1195 1870 1335 1919 quanti
1360 1868 1493 1918 uellet,
1521 1881 1640 1918 quam
1665 1867 1822 1906 canicas

290 1945 335 1970 ac
374 1932 528 1982 pultem
571 1944 591 1969 e
628 1930 810 1980 Magonis
853 1929 1076 1968 saeuissimi
1113 1929 1224 1967 uilici
1263 1941 1387 1967 manu
1430 1940 1624 1966 sumerem
1667 1922 1822 1966 tristis'.

288 1992 439 2040 Manyo
470 1991 538 2028 ille
571 1991 639 2040 qui
670 1989 823 2028 uenalis
855 1988 1044 2038 ductitat,
1081 1989 1198 2026 homo
1240 2000 1381 2027 saeuus
1413 1981 1561 2041 (Plaut.
1587 1986 1687 2024 Rud.
1717 1981 1821 2039 584)

291 2051 421 2088 locum
463 2049 606 2087 habere
649 2049 692 2087 in
735 2049 810 2087 hac
853 2048 1051 2087 sententia
1093 2060 1172 2086 non
1215 2049 1356 2097 potest.
1431 2048 1567 2095 quwntc'
1609 2047 1738 2095 uellet,
1778 2046 1825 2083 ut

291 2110 447 2148 Petron.
475 2109 529 2147 43
566 2105 762 2146 ‘uendidit
794 2109 899 2146 enim
929 2108 1068 2146 uinum
1100 2108 1241 2157 quanti
1278 2101 1356 2159 (ita
1387 2106 1668 2145 Buechelerus:
1700 2117 1824 2154 quan-

294 2172 374 2208 tum
400 2163 489 2221 cod)
521 2169 606 2218 ipse
637 2163 794 2216 uoluit’,
825 2169 850 2206 i.
878 2181 908 2206 e.
942 2180 1094 2206 summo
1126 2167 1267 2217 pretio,
1299 2166 1406 2216 apud
1430 2165 1631 2218 Lucilium
1660 2166 1694 2204 si
1718 2166 1823 2204 recte

291 2229 600 2279 interpretamur
638 2230 696 2266 est
734 2228 910 2266 minumo
945 2228 1085 2277 pretio.
1149 2225 1226 2265 Cic.
1260 2226 1373 2277 epist.
1406 2225 1457 2264 ad
1494 2225 1606 2264 Brut.
1637 2225 1658 2263 I
1691 2225 1764 2275 16,
1797 2225 1822 2262 4

295 2285 511 2338 ‘potuimus
533 2319 539 2325 .
563 2319 569 2326 .
593 2319 599 2325 .
625 2287 822 2326 beneficiis
849 2288 969 2336 atque
994 2286 1209 2335 honoribus
1234 2288 1281 2324 ut
1305 2286 1520 2336 participes
1547 2285 1638 2335 frui,
1666 2284 1824 2334 quantis

293 2344 514 2386 uellemus'.
575 2347 757 2398 Magonis
788 2360 931 2385 nomen
963 2348 1073 2385 cuius
1105 2347 1233 2396 prima
1264 2346 1496 2396 producitur
1527 2344 1683 2395 syllaba
1707 2345 1826 2384 sicuti

295 2407 401 2457 apud
433 2406 576 2446 Silium
606 2408 649 2445 in
680 2419 793 2446 seruo
833 2419 912 2446 non
943 2407 1070 2458 magis
1101 2405 1284 2444 mirabile
1316 2419 1437 2456 quam
1467 2405 1674 2445 Hannonis
1707 2398 1825 2458 (Wil-

293 2466 465 2506 mannsii
494 2467 564 2505 Ex.
589 2467 704 2505 inscr.
730 2466 818 2505 Lat.
841 2460 993 2519 2157):
1027 2465 1193 2517 agnouit
1222 2467 1304 2504 iam
1334 2465 1485 2504 Iunius.

416 2521 524 2566 712.
562 2526 716 2565 Nonius
753 2540 790 2576 p.
819 2527 891 2576 88,
927 2528 950 2564 9
992 2523 1305 2566 ‘Contentumm
1366 2524 1543 2564 Lucilius
1581 2524 1648 2563 lib.
1674 2523 1826 2562 XXVII

297 2583 372 2625 “tu
400 2618 407 2624 .
430 2618 436 2624 .
459 2617 465 2624 .
492 2599 554 2625 me
585 2587 763 2634 ruperint
789 2617 795 2623 .
818 2617 824 2623 .
848 2617 854 2623 .
881 2582 1102 2624 fecerim''.'
1164 2585 1275 2623 Idem
1312 2598 1349 2635 p.
1372 2585 1477 2634 382,
1504 2586 1557 2623 22
1602 2581 1826 2634 ‘Rumpere,

297 2646 524 2697 defetigare.
559 2677 566 2683 .
588 2677 595 2683 .
619 2677 625 2683 .
651 2645 755 2684 idem
787 2645 854 2684 lib.
874 2645 1026 2684 XXVH
1059 2642 1317 2683 “contemtum
1348 2658 1438 2683 cum
1462 2658 1525 2683 me
1555 2645 1733 2692 ruperint
1759 2674 1765 2681 .
1788 2674 1795 2681 .
1818 2674 1825 2681 .

295 2702 515 2744 fecerim''.'
589 2704 755 2754 Scripsit
796 2706 971 2753 ruperim
1013 2705 1169 2754 Iunius,
1220 2718 1336 2754 quem
1379 2705 1504 2744 secuti
1547 2705 1640 2743 sunt
1680 2703 1827 2743 Lucilii

215 2819 220 2823 ι
298 2765 478 2814 editores,
498 2764 594 2803 item
612 2778 738 2815 nuper
756 2764 959 2804 Vahlenus
981 2764 1245 2816 Sitzungsber.
1267 2764 1302 2803 d.
1322 2764 1426 2803 Berl.
1445 2763 1521 2802 Ak.
1541 2765 1651 2803 1901
1675 2776 1712 2813 p.
1728 2763 1826 2812 345,

299 2826 367 2874 qui
390 2837 450 2863 me
474 2826 704 2874 pronomine
729 2824 927 2863 Lucilium
952 2824 1167 2876 significari
1193 2823 1420 2863 arbitratur.
1469 2823 1526 2862 At
1543 2836 1686 2874 parum
1704 2821 1827 2862 credi·

296 2884 375 2922 bile
395 2887 453 2923 est
473 2884 622 2923 duobus
643 2884 779 2922 eodem
797 2884 914 2922 modo
933 2885 1031 2923 locis
1051 2885 1279 2935 corruptum
1293 2896 1375 2923 esse
1388 2883 1627 2922 uocabulum
1639 2882 1826 2932 ruperint.

297 2943 460 2982 Summa
497 2946 628 2982 omnia
663 2945 819 2992 fecerim
859 2945 955 2994 quid
992 2945 1044 2983 sit
1080 2944 1292 2983 Muellerus
1329 2956 1408 2982 non
1445 2942 1659 2981 intellexit:
1697 2942 1828 2980 adfert

299 3004 379 3040 iam
409 3003 546 3042 Dousa
576 3002 653 3041 Cic.
682 3003 732 3041 ad
755 3003 839 3041 Att.
865 3003 939 3041 XV
967 3005 1033 3053 13,
1061 3005 1084 3042 5
1120 3001 1344 3042 ‘Dolabella
1372 3034 1378 3041 .
1401 3034 1407 3041 .
1431 3034 1437 3041 .
1465 3003 1624 3052 scripsit
1651 3033 1657 3040 .
1680 3033 1686 3040 .
1710 3033 1716 3039 .
1745 3013 1826 3040 sese
