2060 3444
276 293 361 335 134
867 288 917 323 lx
941 301 977 323 u.
1006 291 1203 324 358—362.

276 406 349 445 GL
381 405 440 444 VI
475 418 513 455 p.
542 404 616 453 18,
652 402 734 442 3K
788 399 933 441 ‘Pilum
983 402 1098 451 aiunt
1149 400 1324 448 militare
1376 402 1417 440 et
1464 401 1583 440 uinea
1619 433 1625 440 .
1654 433 1660 440 .
1688 433 1696 440 .
1739 415 1811 453 per

275 480 295 505 e
340 467 381 505 et
422 466 438 503 1
481 463 704 512 scribenda,
743 463 786 501 at
823 461 855 501 si
899 462 1027 513 pilum
1071 461 1123 500 sit
1167 473 1244 511 quo
1286 461 1499 511 pinsitores
1541 463 1711 501 utuntur
1876 470 1878 472 ·

275 539 346 577 per
376 522 418 563 i’.
472 524 560 563 Iam
591 523 638 562 de
669 523 684 560 i
714 522 852 561 littera
877 522 961 573 egit
990 522 1120 573 poeta.
1176 521 1197 559 I
1226 521 1388 572 longam
1412 520 1494 560 iam
1516 521 1654 561 Plauti
1681 523 1812 561 aetate

277 587 310 624 εἰ
354 587 394 624 et
435 583 738 635 pronuntiatam
778 584 818 621 et
855 582 1046 633 scriptam
1082 580 1204 620 fuisse
1243 580 1399 632 egregie
1439 582 1611 620 testatur
1645 581 1812 621 Plautus

276 646 371 683 dum
403 645 558 690 cira-et
590 655 658 682 era
687 642 893 681 uocabulis
931 641 1037 680 ludit
1076 640 1234 680 Trucul.
1263 641 1359 679 262.
1421 639 1541 691 Apud
1569 641 1769 681 Lucilium
1798 641 1813 680 i

276 706 401 758 longa
437 703 505 742 uel
534 703 658 752 plena
694 702 761 740 uel
789 703 955 751 pinquis
994 700 1220 752 appellatur
1258 694 1314 754 (u.
1342 701 1438 739 361.
1479 695 1603 755 37o):
1647 702 1814 750 opimius

278 766 394 804 sonat
429 764 502 802 illa
541 762 701 813 quidem
740 761 845 812 apud
884 760 963 800 Cic.
990 760 1055 799 Or.
1084 761 1166 799 157
1201 762 1316 810 extr.,
1360 760 1429 811 qui
1468 761 1484 798 i
1521 760 1694 809 sublata*
1716 762 1757 799 et
1794 774 1814 800 e

277 824 510 876 plenissima
527 822 789 874 pronuntiata
806 834 1024 860 messorum
1043 821 1222 872 linguam
1243 819 1346 859 effici
1364 819 1516 858 iudicat
1534 820 1582 859 de
1607 833 1662 860 or.
1677 821 1739 860 ΙΠ
1758 821 1813 859 46

280 879 427 938 (Varro
458 896 532 922 rer.
557 884 657 921 rust.
682 882 703 921 Ι
729 882 798 930 48,
826 876 882 935 2).
949 881 1161 920 Tenuando
1201 880 1308 931 quod
1345 881 1484 919 auctor
1512 880 1733 920 rhetoricae
1766 880 1816 920 ad

268 944 372 983 Her.
392 943 450 982 IV
478 944 546 992 21,
568 943 621 981 29
657 942 836 992 appellat
866 941 1139 980 adtenuatione
1168 941 1184 978 i
1212 940 1380 991 simplex
1405 952 1452 978 ex
1477 941 1512 979 εἰ
1536 940 1682 986 euadit,
1716 953 1816 991 quae

279 1006 320 1043 et
348 1004 480 1042 breuis
513 1003 553 1041 et
583 1003 704 1053 longa
736 1014 819 1041 esse
850 1001 982 1051 potest
1013 1001 1029 1039 i
1059 1000 1220 1039 uocalis.
1281 1000 1404 1039 Poeta
1435 1000 1514 1038 tria
1544 999 1607 1039 his
1638 1000 1816 1040 uersibus

280 1064 395 1115 ponit
431 1063 656 1115 praecepta.
724 1061 902 1100 Primum
946 1060 1062 1099 docet
1098 1060 1113 1098 i
1155 1059 1318 1112 longam
1360 1060 1594 1111 plerumque
1637 1061 1817 1110 oportere

279 1137 350 1175 per
394 1124 427 1161 εἰ
471 1122 590 1162 scribi
632 1121 761 1160 ueluti
804 1121 945 1166 meille,
985 1120 1134 1165 meilia,
1178 1120 1325 1165 medes,
1367 1119 1578 1159 meilite’afm.
1624 1141 1679 1147 —-
1720 1121 1818 1159 item

279 1184 357 1222 huc
381 1196 400 1221 e
432 1184 602 1232 utroque
635 1178 752 1232 opus]
784 1180 883 1219 haec
911 1182 1017 1220 recte
1049 1179 1200 1219 tradita
1231 1192 1314 1219 esse
1346 1179 1496 1218 credidi
1527 1192 1616 1219 cum
1646 1180 1818 1232 legerem

282 1256 344 1295 ap.
370 1242 499 1282 Plaut.
526 1241 627 1280 Rud.
657 1242 739 1280 726
774 1237 851 1278 ‘Tu
882 1253 999 1280 senex
1030 1240 1065 1278 si
1094 1240 1194 1279 istas
1227 1252 1336 1278 amas
1367 1239 1446 1278 huc
1475 1239 1587 1279 arido
1612 1241 1819 1292 argentost

282 1299 409 1355 opus’.
449 1324 504 1329 —-
543 1303 702 1349 utroque
740 1300 790 1339 ad
827 1300 904 1339 duo
943 1299 1139 1339 uocabula
1176 1312 1279 1350 quae
1316 1300 1502 1338 secuntur
1537 1300 1711 1351 pertinet
1750 1299 1818 1339 ad-

281 1362 475 1412 uerbium,
507 1374 525 1400 e
550 1359 852 1411 monosyllabon
878 1359 1084 1399 elisionem
1113 1360 1268 1410 patitur
1299 1360 1344 1398 ut
1374 1372 1413 1397 u.
1438 1359 1558 1398 huius
1588 1359 1682 1398 libri
1714 1360 1818 1399 370:

284 1420 420 1462 ‘addes
471 1434 491 1459 e
540 1422 586 1460 ut
633 1420 794 1472 pingius
831 1416 936 1459 fiat':
980 1419 1072 1458 uide
1114 1419 1232 1458 indic.
1269 1431 1433 1471 gramm.
1472 1431 1501 1457 s.
1538 1432 1576 1458 u.
1613 1419 1819 1468 productio

284 1484 324 1521 et
366 1482 484 1521 elisio.
528 1502 586 1507 —
632 1480 728 1519 359.
773 1479 927 1518 Deinde
969 1478 1182 1530 praecipit:
1227 1475 1401 1530 ‘oportet
1447 1480 1586 1518 tenues
1634 1480 1651 1517 i
1692 1478 1820 1517 ueluti

285 1539 461 1592 “pilam,
498 1540 540 1579 in
579 1552 660 1591 qua
698 1536 909 1578 lusimus’'.
978 1538 1262 1578 Accusatiuum
1305 1551 1386 1578 non
1422 1539 1538 1578 tolles
1576 1551 1666 1578 oum
1702 1540 1820 1578 antea

283 1602 442 1654 legatur
468 1595 758 1649 “meilitiam'’‚
782 1600 922 1650 postea
947 1595 1103 1648 “pilum
1129 1609 1202 1648 quo
1221 1600 1311 1648 piso
1342 1594 1516 1638 tenues''.
1566 1599 1626 1638 De
1645 1599 1689 1638 ‘m
1706 1611 1820 1650 prae-

285 1661 482 1712 positione
513 1660 604 1699 uide
637 1659 687 1699 ad
717 1658 849 1698 XXVI
874 1673 910 1696 u.
940 1659 1036 1697 641.
1094 1657 1235 1697 Sueius
1267 1671 1329 1709 ap.
1354 1659 1456 1698 Non.
1475 1672 1513 1708 p.
1537 1659 1634 1708 139,
1660 1659 1715 1697 24
1749 1654 1821 1698 ‘sic

284 1721 473 1761 incedunt
510 1721 550 1759 et
585 1721 628 1758 in
665 1719 822 1758 labellis
859 1719 1105 1759 morsicatim
1141 1713 1339 1757 lusitant'.
1381 1740 1431 1745 —
1471 1718 1613 1769 Itaque
1644 1719 1660 1757 1
1688 1718 1821 1758 breuis

286 1794 440 1832 semper
477 1779 692 1820 secundum
728 1778 926 1818 Lucilium
964 1778 978 1817 i
1017 1779 1101 1818 sola
1138 1778 1344 1818 scribenda
1382 1779 1452 1818 est.
1518 1777 1606 1817 Iam
1643 1779 1823 1829 sequitur

286 1842 449 1880 tertium
498 1840 755 1891 praeceptum
805 1839 911 1889 quod
958 1838 1139 1889 ineptum
1189 1851 1272 1878 esse
1320 1839 1426 1877 recte
1474 1837 1627 1877 iudicat
1670 1837 1822 1877 Marius

286 1900 517 1940 Victorinus
560 1899 586 1938 1.
613 1912 642 1939 s.
669 1911 697 1937 s.
766 1898 927 1937 Etenim
974 1898 988 1936 i
1037 1898 1199 1950 longam
1248 1898 1364 1937 modo
1415 1899 1450 1937 ei
1492 1896 1740 1937 scribendam
1782 1898 1823 1937 et

287 1959 626 2011 pronuntiandam
657 1958 774 1997 modo
806 1959 821 1997 i
851 1959 895 1996 in
925 1957 1056 1997 uerbis
1087 1957 1285 1997 similibus
1310 1970 1393 1997 esse
1417 1957 1558 2007 uoluit,
1591 1970 1669 2007 quo
1693 1957 1823 2008 magis

289 2020 437 2060 similia
480 2018 604 2057 uerba
646 2018 752 2057 inter
795 2030 836 2056 se
880 2017 1048 2057 discerni
1091 2018 1255 2068 possint.
1322 2017 1465 2067 Itaque
1509 2017 1661 2056 docuit:
1707 2014 1823 2056 ‘illud

288 2080 417 2130 pilum
448 2090 525 2129 quo
557 2078 644 2129 piso
675 2078 813 2116 tenues
845 2078 1012 2128 oportet.
1071 2076 1129 2116 At
1158 2076 1243 2127 pila
1275 2089 1375 2126 quae
1405 2077 1572 2115 iacimus
1604 2077 1644 2115 et
1675 2076 1822 2116 scribas

290 2141 330 2178 et
360 2138 591 2189 pronunties
622 2134 756 2188 peila’.
818 2137 996 2176 Lucilius
1033 2138 1169 2176 tamen
1210 2149 1333 2187 quare
1358 2148 1438 2175 non
1469 2136 1669 2187 singulare
1692 2137 1824 2184 pilum

290 2198 395 2250 quod
438 2198 604 2236 iacimus
647 2197 822 2236 militare
864 2197 1043 2247 posuerit
1086 2196 1319 2247 exemplum,
1362 2196 1431 2235 sed
1469 2196 1618 2246 plurali
1659 2208 1822 2235 numero

283 2258 372 2309 pila
403 2258 539 2308 plura,
575 2270 656 2296 non
692 2257 773 2295 iam
810 2257 944 2307 potest
973 2256 1164 2308 intellegi.
1226 2256 1346 2296 Recte
1377 2256 1509 2295 locum
1538 2256 1823 2306 interpretatus

291 2320 350 2358 est
385 2317 535 2357 Marius
571 2316 803 2356 Victorinus
840 2317 865 2355 1.
887 2329 915 2355 s.
936 2328 984 2355 s.:
1023 2315 1162 2355 Velius
1198 2315 1360 2368 Longus
1397 2328 1470 2366 pro
1499 2316 1631 2364 pilwm
1670 2315 1823 2367 generis

290 2378 425 2417 neutri
463 2390 539 2427 quo
577 2377 869 2416 concinniorem
904 2375 1086 2415 redderet
1120 2375 1268 2414 Lucilii
1312 2387 1531 2415 sermonem
1566 2376 1700 2425 posuit
1735 2375 1825 2424 pila

291 2437 526 2476 femininum
557 2437 581 2474 1.
603 2449 631 2476 s.
653 2449 699 2475 s.:
733 2433 852 2485 ‘peila
884 2435 1028 2486 quibus
1058 2436 1206 2474 milites
1237 2437 1420 2485 utantur,
1459 2447 1531 2486 per
1561 2449 1581 2474 e
1614 2436 1654 2474 et
1683 2436 1700 2473 i
1730 2435 1824 2474 scri-

291 2497 420 2536 benda
451 2497 665 2546 existimat,
697 2498 740 2535 at
763 2496 854 2545 pila
883 2497 926 2534 in
964 2507 1043 2546 qua
1073 2496 1254 2546 pinsetur
1283 2508 1354 2546 per
1383 2491 1432 2533 i':
1470 2507 1598 2545 neque
1635 2495 1770 2533 tamen
1801 2507 1826 2533 a

293 2569 478 2596 uersuum
525 2557 703 2606 ipsorum
752 2556 952 2606 scriptura
1001 2556 1070 2605 qui
1111 2555 1243 2604 pilwm
1291 2566 1364 2603 quo
1411 2555 1612 2594 testantur
1654 2550 1826 2593 arbitror

292 2615 563 2656 recedendum.
589 2623 656 2642 —'
675 2616 770 2654 361.
798 2626 897 2663 quae
920 2616 1106 2654 iacimus:
1130 2614 1223 2653 uide
1241 2613 1321 2652 ind.
1335 2627 1500 2666 gramm.
1514 2626 1594 2654 s.u.
1607 2614 1824 2662 productio.

415 2670 524 2715 362.
562 2675 673 2714 Beda
709 2674 757 2714 de
794 2676 879 2713 arte
916 2675 1081 2713 metrica
1119 2673 1192 2712 GL
1217 2673 1297 2713 VH
1326 2688 1364 2725 p.
1393 2673 1495 2723 251,
1523 2674 1546 2712 6
1586 2673 1684 2712 dicit
1721 2672 1826 2712 enim

293 2735 503 2774 Paulinus:
546 2730 764 2774 ‘oblectans
806 2735 966 2785 inopem
1009 2747 1124 2773 sensu
1168 2734 1376 2784 fructuque
1418 2729 1581 2784 peculii'
1727 2726 1824 2786 (16)

220 2823 226 2827 .
293 2795 554 2835 Fortunatus:
587 2790 599 2809 ‘
616 2791 851 2833 “Vincentii
881 2793 1099 2844 Hispaniae
1137 2794 1264 2845 surgit
1308 2793 1357 2832 ab
1389 2805 1476 2832 arce
1509 2789 1669 2831 decus’'.
1714 2791 1824 2831 cuius

295 2855 449 2893 scansio
481 2865 620 2892 uersus
657 2866 732 2904 par
763 2855 822 2893 est
852 2854 1042 2904 praefati,
1073 2853 1151 2892 nisi
1181 2853 1283 2892 forte
1314 2852 1493 2904 regulam
1524 2852 1671 2891 Lucilii
1701 2852 1826 2891 secuti

296 2915 400 2962 sunt,
431 2913 500 2964 qui
529 2913 699 2953 Lucium
731 2907 809 2967 (ita
838 2908 927 2951 P1F
957 2913 1133 2952 lucilium
1162 2907 1270 2966 P2L)
1309 2913 1350 2951 et
1379 2911 1595 2951 Aemilium
1627 2912 1666 2951 et
1696 2912 1826 2951 cetera

295 2973 469 3022 nomina,
502 2986 602 3022 quae
634 2972 726 3011 ante
756 2986 783 3011 u
812 2972 962 3011 habent
990 2973 1018 3022 i,
1048 2985 1127 3011 non
1158 2972 1287 3011 solum
1311 2972 1354 3010 in
1381 2971 1579 3016 uocatiuo,
1611 2970 1679 3011 sed
1705 2970 1825 3009 etiam

296 3030 339 3071 in
383 3031 570 3084 genetiuo
614 3044 707 3071 casu
747 3045 818 3082 per
860 3045 982 3070 unum
1019 3033 1034 3069 i
1078 3031 1279 3070 existimat
1315 3031 1434 3070 scribi
1470 3027 1612 3081 posse?
1679 3028 1825 3069 Lucilii
