2060 3444
855 253 978 309 ,ηιμ
1003 256 1207 302 243-249.
1740 253 1798 297 95

244 367 467 409 cruminam
498 367 653 407 ueteres
686 368 955 419 appellarunt,
987 370 1029 408 et
1059 369 1121 408 est
1150 368 1331 408 sacculus
1365 366 1414 407 ad
1445 366 1675 407 bracchium
1701 380 1796 419 pen-

244 428 352 468 dens.
422 427 602 468 Lucilius
640 429 867 480 satyrarum
906 428 974 468 lib.
1000 428 1059 467 VI
1098 425 1196 467 “cui
1233 441 1361 479 neque
1395 458 1403 466 .
1431 458 1439 466 .
1468 459 1474 466 .
1509 427 1657 468 dormit
1692 428 1799 467 lauit

244 490 372 528 omnis
408 489 451 528 im
488 500 573 527 wna
613 489 685 527 sen·
726 489 949 529 hominibus
991 489 1114 541 bulga
1156 489 1255 528 haec
1298 488 1487 528 deuincta
1530 491 1630 528 certo
1674 484 1796 527 est’'.'

244 548 292 588 V.
321 549 418 589 246.
449 548 598 587 homini
630 548 768 598 bulqa:
800 549 918 599 bulya
948 550 1042 589 haec
1072 549 1256 588 deamata
1288 549 1429 588 lacerto
1461 551 1517 588 est
1546 550 1653 588 recte
1678 550 1798 588 resti-

243 610 409 649 tuerunt
440 608 622 648 editores.
687 608 796 655 Quae
832 608 1074 649 antecedunt
1111 609 1167 648 sic
1205 610 1424 648 constituo:
1463 609 1600 648 omnia
1636 610 1679 648 in
1717 621 1799 648 una

243 671 338 709 sunt
366 669 520 708 homini
551 668 684 721 bulga.
744 668 849 709 Oonf
875 669 943 709 lib.
970 669 1103 708 XXVI
1127 683 1166 708 u.
1194 669 1280 708 614
1315 665 1373 708 ‘in
1405 681 1485 719 quo
1518 671 1613 709 sunt
1646 666 1796 708 omnia’

244 723 346 784 (Cic.
373 729 421 769 de
447 742 501 769 or.
527 729 570 768 Π
597 730 681 768 215
710 729 758 768 110
784 743 865 781 rep.
891 730 913 769 I
939 724 1014 784 42)
1049 730 1114 770 cui
1145 730 1390 769 contrarium
1424 730 1485 769 est
1520 728 1628 780 quod
1660 728 1797 769 Cicero

244 803 304 841 ep.
324 789 382 828 IX
409 790 478 840 26,
506 791 528 828 1
558 789 714 829 scribit:
742 787 833 830 ‘etsi
858 791 1072 829 minimum
1096 790 1196 829 mihi
1223 792 1284 830 est
1308 789 1351 828 111
1376 786 1503 840 00113’,
1532 789 1661 829 simile
1687 790 1799 841 quod

245 852 306 890 est
331 863 391 902 ep.
418 849 518 889 XIII
546 852 583 900 1,
611 851 634 888 2
670 847 787 889 ‘Cum
812 850 987 890 Patrone
1013 850 1204 902 Epicurio
1236 849 1337 889 mihi
1365 851 1500 889 omnia
1526 847 1648 889 sunt':
1679 851 1799 901 plura

245 910 528 950 adnotauimus
567 909 620 950 ad
656 910 724 949 lib.
751 910 826 949 XV
850 924 888 949 u.
917 911 1002 950 485
1030 910 1148 950 XVII
1171 924 1209 949 u.
1239 911 1325 950 550
1356 910 1490 949 XXVI
1515 924 1553 949 u.
1582 911 1681 950 614.
1744 911 1799 949 Et

243 970 393 1010 Lucilii
424 971 465 1010 et
490 969 639 1010 Catulli
671 970 843 1011 editores
868 972 1154 1022 compararunt
1177 971 1249 1010 hos
1275 983 1414 1010 uersus
1441 983 1531 1010 cum
1556 971 1797 1013 Veronensis

244 1033 386 1082 poetae
418 1032 593 1071 carmine
623 1030 760 1070 XXHI
789 1033 810 1070 1
846 1025 998 1085 (XXIV
1026 1032 1062 1070 5.
1091 1026 1137 1086 8)
1172 1028 1285 1071 ‘Furi
1316 1033 1383 1071 cui
1412 1044 1542 1082 neque
1574 1044 1712 1071 seruus
1738 1033 1799 1071 est

244 1104 371 1143 neque
399 1087 520 1130 arca':
545 1089 715 1139 ἄδουλος
741 1093 803 1131 est
826 1092 895 1131 ille
921 1093 1042 1132 sicuti
1066 1092 1271 1132 Mamurra
1296 1105 1359 1143 ap.
1379 1091 1555 1131 Martial.
1574 1092 1632 1131 IX
1653 1093 1722 1142 59,
1741 1094 1795 1131 22

245 1152 316 1202 qui
355 1148 457 1191 ‘asse
497 1151 596 1191 duos
634 1152 777 1191 calices
816 1152 915 1191 emit
952 1154 993 1191 et
1028 1154 1112 1202 ipse
1148 1149 1272 1192 tulit'.
1340 1151 1494 1191 Comite
1532 1154 1668 1192 tamen
1707 1154 1799 1204 eget

244 1211 478 1252 Lucilianus
502 1210 571 1250 ille
597 1224 677 1251 non
702 1213 871 1263 propter
894 1214 1124 1265 egestatem,
1156 1213 1224 1252 sed
1250 1214 1416 1264 propter
1441 1213 1669 1253 auaritiam.
1720 1211 1799 1259 Qui

244 1284 335 1311 cum
366 1272 657 1324 peregrinatur,
689 1285 769 1312 non
801 1274 888 1325 agit
918 1274 1160 1312 iumentum:
1192 1273 1294 1313 alias
1325 1286 1454 1324 neque
1483 1285 1644 1312 seruum
1669 1286 1797 1324 neque

243 1331 418 1371 liberum
448 1331 571 1371 habet
602 1332 806 1384 comitem,
844 1333 913 1373 sed
950 1335 1036 1385 ipse
1075 1333 1259 1374 dominus
1295 1333 1461 1386 bulgam
1499 1333 1627 1373 solam
1664 1346 1798 1373 secum

244 1392 356 1432 ducit
388 1393 504 1444 quasi
535 1393 721 1432 comitem
751 1395 795 1432 in
828 1406 907 1444 qua
941 1391 1093 1434 ‘omnia
1123 1391 1266 1445 ponit’.
1316 1393 1429 1433 Paul.
1457 1406 1503 1432 ex
1528 1394 1647 1433 Festo
1673 1407 1711 1445 p.
1741 1395 1795 1434 35

246 1449 407 1505 ‘bulgas
439 1451 550 1492 Galli
581 1454 760 1493 sacculos
791 1455 966 1494 scorteos
1005 1452 1227 1506 appellant'
1262 1453 1464 1494 Gallicum
1502 1467 1585 1494 esse
1623 1456 1798 1494 testatur

244 1525 400 1553 nomen.
432 1535 492 1540 —
525 1514 622 1553 245.
654 1514 770 1553 lauat
803 1513 1002 1554 Guelferb.

366 1567 476 1614 247.
520 1573 677 1613 Nonius
719 1588 758 1625 p.
787 1575 885 1624 363,
914 1575 938 1614 5
986 1571 1206 1614 ‘Protelare
1255 1587 1392 1614 rursus
1437 1575 1642 1614 adiuuare.
1717 1575 1796 1614 Lu-

246 1634 363 1672 cilius
395 1635 623 1684 satyrarum
654 1634 723 1673 lib.
749 1634 808 1673 VI
841 1631 977 1685 ‘quem
1005 1666 1011 1673 .
1034 1667 1041 1673 .
1065 1666 1071 1673 .
1098 1631 1322 1686 possent’'.’
1379 1634 1533 1674 Protelo
1565 1636 1704 1674 ducere
1735 1635 1797 1675 bis

245 1693 424 1733 Lucilius
458 1688 544 1747 (lib.
570 1694 649 1732 XII
673 1708 711 1733 u.
738 1689 858 1749 435),
890 1695 1011 1734 semel
1038 1694 1138 1734 Cato
1164 1696 1290 1747 origg.
1316 1694 1355 1732 V
1382 1696 1435 1735 16
1456 1695 1561 1734 Iord.
1596 1692 1680 1735 ‘sed
1705 1708 1797 1746 pro-

245 1753 327 1793 telo
358 1754 459 1793 trini
488 1753 610 1793 boues
642 1767 767 1793 unum
799 1757 979 1794 aratrum
1005 1752 1180 1795 ducent'.
1232 1754 1332 1795 OGL
1358 1755 1401 1794 H
1430 1769 1468 1806 p.
1498 1756 1596 1805 163,
1625 1757 1677 1794 19
1706 1768 1796 1807 pro·

246 1813 372 1853 telum
403 1812 603 1867 ἐξαμπρον
634 1809 881 1869 (ἔκλαμπρον
912 1810 1050 1870 codd):
1082 1816 1219 1867 itaque
1246 1814 1461 1855 secundum
1489 1817 1797 1868 grammaticum

239 1874 391 1924 protelo
432 1874 572 1914 ducere
601 1874 708 1913 idem
741 1876 802 1914 est
831 1876 939 1926 quod
969 1873 1227 1930 ἐξαμπρεύειν
1261 1876 1310 1915 110
1349 1888 1428 1926 quo
1466 1876 1667 1916 uocabulo
1704 1876 1796 1915 uide

247 1934 367 1974 schol.
393 1933 599 1986 Aristoph.
624 1934 793 1986 Lysistr.
823 1936 920 1985 289,
945 1937 1148 1987 protelum
1179 1937 1239 1976 est
1269 1933 1430 1989 ἅμπρον
1454 1937 1480 1975 1.
1508 1950 1538 1976 e.
1571 1934 1613 1976 τὸ
1654 1936 1797 1989 διῆκον

247 1993 432 2047 σχοινίον.
500 1994 726 2034 Lucret.11
753 1996 835 2035 531
865 1995 923 2034 IV
952 1997 1037 2036 190
1082 1996 1307 2036 ablatiuum
1350 1997 1486 2048 posuit
1527 1997 1679 2046 protelo
1722 2010 1795 2048 pro

245 2056 364 2094 serie:
395 2054 620 2102 ablatiuum
650 2055 819 2106 pluralis
844 2056 999 2096 Plinius
1031 2057 1316 2108 grammaticus
1347 2057 1390 2095 in
1421 2057 1599 2096 naturali
1627 2057 1797 2097 historia

247 2109 433 2169 (protelis
459 2114 579 2154 boum
597 2115 655 2154 IX
675 2116 731 2155 45
757 2116 924 2167 protelis
949 2116 1053 2156 binis
1072 2118 1276 2168 ternisque
1295 2117 1434 2156 XVIH
1457 2112 1572 2171 173).
1614 2117 1798 2168 Apparet

247 2174 483 2214 aduerbium
505 2175 656 2224 protelo
689 2176 794 2227 quod
824 2176 927 2215 idem
962 2176 1163 2229 significat
1194 2179 1315 2228 atque
1339 2188 1537 2227 proporro
1562 2179 1795 2229 grammati-

247 2248 384 2275 corum
410 2248 531 2286 opera
557 2249 766 2287 perperam
791 2239 1023 2277 enarratum
1047 2239 1188 2288 postea
1214 2238 1365 2282 factum
1391 2250 1474 2277 esse
1498 2237 1797 2277 substantiuum

247 2297 294 2334 ut
323 2296 457 2334 sedulo
490 2296 670 2335 sedulus:
709 2295 891 2337 Catullus
922 2297 1016 2336 LVI
1044 2299 1067 2336 7
1108 2298 1394 2337 aduerbialiter
1429 2299 1566 2349 posuit
1602 2311 1675 2349 pro
1699 2310 1796 2348 pro-

241 2366 375 2405 porro.
413 2376 457 2382 -
498 2353 656 2410 οὔρειον
699 2354 854 2410 ἀκμῆτα
894 2363 1041 2411 ταῦρον
1083 2358 1225 2397 laudat
1268 2357 1484 2409 Sophocles
1527 2358 1665 2411 Antig.
1697 2360 1796 2409 351,

247 2417 385 2454 tauros
421 2415 603 2456 Lucanos
647 2416 698 2456 ad
736 2416 913 2457 Silarum
949 2418 1097 2457 flumen
1139 2419 1396 2469 montemque
1433 2418 1660 2458 Alburnum
1697 2418 1794 2458 Ver-

249 2474 369 2526 gilius
401 2487 534 2528 georg.
566 2476 630 2515 ΙΠ
664 2477 767 2517 150:
818 2478 914 2517 conf
958 2478 1100 2518 Horat.
1134 2478 1246 2529 epod.
1272 2478 1293 2517 I
1321 2480 1374 2517 27
1409 2480 1523 2529 epist.
1549 2479 1591 2517 H
1618 2481 1662 2528 2,
1698 2479 1794 2518 178.

248 2534 390 2585 Neque
419 2536 529 2575 tauri
552 2536 706 2576 Lucani
736 2550 864 2588 neque
897 2536 1045 2578 Gallici
1075 2539 1271 2578 cantherii
1303 2538 1463 2578 ducenti
1495 2538 1698 2578 hominem
1724 2539 1795 2578 ab—

250 2594 392 2635 ducere
422 2598 592 2646 possunt
623 2609 647 2636 a
676 2596 800 2649 bulga
832 2610 915 2638 sua.

371 2650 482 2697 249.
506 2656 663 2696 Nonius
683 2670 729 2696 ex
748 2659 1011 2709 grammatico
1030 2671 1068 2710 p.
1092 2659 1190 2709 189,
1211 2660 1266 2698 33
1295 2655 1508 2708 ‘Zonatim,
1527 2673 1599 2711 per
1618 2672 1794 2710 goerum.

249 2714 428 2755 Lucilius
459 2715 527 2755 lib.
552 2716 612 2755 VI
644 2713 746 2766 “per
777 2718 952 2757 zonatim
980 2749 987 2757 .
1010 2750 1016 2757 .
1039 2750 1046 2757 .
1073 2719 1266 2759 obaeraris
1297 2716 1535 2759 cwdebaWR
1597 2719 1796 2759 Oinerarii

249 2787 393 2814 nomen
425 2788 504 2826 quo
536 2775 698 2816 Afmnii
728 2776 866 2816 fabula
897 2778 1130 2818 inscribitur
1166 2780 1318 2830 primus
1356 2781 1405 2818 ut
1442 2778 1602 2818 uidetur
1632 2779 1795 2830 Lipsius

251 2835 437 2886 agnouit:
468 2836 564 2875 conf
589 2836 720 2876 Varro
753 2837 800 2876 110
831 2838 857 2876 1.
883 2837 927 2877 L.
954 2837 991 2875 V
1020 2840 1103 2878 129
1138 2835 1440 2878 ‘Calamistrum
1471 2839 1579 2890 quod
1615 2839 1678 2879 his
1714 2840 1794 2879 cal-

251 2895 370 2934 factis
406 2894 450 2934 in
487 2896 618 2935 cinere
654 2897 823 2948 capillus
861 2899 1037 2937 ornatur.
1106 2897 1183 2944 Qui
1220 2911 1268 2938 ea
1303 2899 1562 2938 ministrabat
1599 2912 1623 2938 a
1663 2899 1794 2939 cinere

251 2954 467 3009 cinerarius
511 2957 572 2995 est
614 2954 855 3008 appellatus’
901 2952 1042 3012 (schol.
1068 2958 1164 2998 Hor.
1191 2971 1305 2998 serm.
1331 2959 1352 2998 I
1378 2960 1422 3010 2,
1457 2954 1543 3013 98).
1613 2959 1794 2998 Eundem

251 3027 336 3055 esse
366 3015 605 3055 cinerarium
636 3018 757 3068 atque
786 3019 989 3057 tonsorem
1020 3020 1067 3057 ut
1095 3018 1212 3058 hodie
1239 3018 1423 3058 Catullus
1455 3019 1571 3058 docet
1595 3019 1686 3058 LXI
1709 3021 1792 3058 138
