2060 3444
267 271 356 314 334
824 268 925 304 xxx
949 281 989 306 u.
1015 272 1264 307 1043—1047.

269 396 389 423 anne:
425 383 472 421 fit
502 384 609 421 enim
640 382 843 434 gradatio,
880 383 950 433 qui
979 383 1160 433 loquitur
1189 379 1329 435 iugum
1359 386 1534 433 recusat,
1572 396 1649 435 quo
1680 385 1809 424 iuncti

268 445 361 493 equi
392 456 551 482 currum
582 443 765 481 trahunt:
804 442 946 481 deinde
977 444 1094 495 rogat
1125 442 1173 480 de
1204 444 1388 494 grauiore
1421 456 1540 494 opera
1574 445 1683 483 tauri
1719 457 1807 484 ara—

267 505 366 542 toris
404 515 494 541 cum
531 502 816 554 indignatione.
879 501 1049 553 Scripsit
1083 501 1322 542 Guilielmus
1358 505 1546 543 inuitam:
1583 517 1701 554 quem
1739 505 1808 554 qui

268 564 395 602 secuti
430 564 525 601 sunt
561 562 810 602 arbitrantur
846 563 1054 601 mulierem
1090 565 1412 612 perseuerantem
1454 565 1497 602 in
1536 564 1672 603 eadem
1711 564 1807 604 alle-

268 624 382 674 goria
408 635 487 672 qua
511 635 604 662 usus
631 624 691 662 est
714 624 834 672 pocta
858 636 923 661 uu.
947 624 1072 661 1041.
1102 624 1214 662 1042
1242 623 1500 674 respondisse.
1546 622 1661 669 Quod
1680 636 1808 674 neque

268 683 478 721 conuenire
509 682 670 721 uidetur
699 683 911 722 mulierum
939 683 1100 734 ingenio
1126 684 1166 721 et
1192 682 1404 722 admodum
1431 683 1623 735 frigidum
1648 683 1809 723 uidetur

247 750 362 782 esse.
430 742 552 781 Recte
589 742 686 781 fecit
721 742 1017 792 Lachmannus,
1062 743 1132 793 qui
1168 743 1337 781 inuitum
1374 744 1553 782 seruauit
1595 744 1806 794 integrum.

269 801 402 840 Simili
432 802 549 841 modo
581 815 660 852 quo
692 802 800 852 apud
823 801 1022 841 Lucilium
1054 804 1189 841 asinus
1215 803 1394 852 loquitur
1418 803 1488 842 ΑΡ
1512 803 1568 841 IX
1591 804 1671 843 301
1700 803 1807 843 τίπτε

268 860 337 900 τὸν
369 859 566 914 ὀγκησιτὴν
602 860 838 915 βραδύπουν
869 859 965 901 ὄνον
1006 857 1144 915 ἅμμιγ’
1187 861 1230 901 ἐν
1268 861 1404 910 ἵπποις
1440 861 1564 916 γυρὸν
1601 860 1808 911 ἀλωειναῖς

268 920 443 968 ἐξελάατε
475 919 642 972 δρόμους
675 920 746 973 οὐχ
776 920 879 970 ἅλις,
921 921 1001 961 ὅττι
1033 921 1170 973 μύλοιο
1202 922 1443 974 περίδρομον
1473 920 1600 975 ἄχθος
1630 920 1808 976 ἀνάγκης

269 980 484 1033 σπειρηδὸν
516 979 690 1028 σκοτόεις
719 981 1007 1029 κυκλοδίωκτος
1038 980 1130 1034 ἔχω,
1162 978 1247 1021 ἀλλ’
1282 980 1336 1021 ἔτι
1367 980 1434 1021 καὶ
1464 981 1654 1022 πώλοισιν
1685 981 1808 1037 ἐρίζο-

270 1054 360 1091 μεν;
399 1035 422 1093 ἧ
460 1036 497 1093 ῤ’
539 1039 593 1079 ἔτι
631 1039 770 1080 λοιπὸν
806 1047 883 1080 νῦν
921 1055 988 1093 μοι
1023 1039 1098 1092 τὴν
1136 1041 1300 1094 σκολιὴν
1337 1040 1473 1094 αὐχένι
1508 1045 1627 1096 γαῖαν
1669 1040 1807 1096 ἀροῦν.

268 1100 405 1139 Asinis
430 1100 646 1139 utebantur
672 1097 739 1139 ‘ad
764 1101 958 1140 arandum
984 1101 1053 1140 ubi
1077 1102 1178 1140 leuis
1203 1103 1264 1140 est
1287 1103 1407 1152 terra,
1438 1104 1484 1141 ut
1502 1104 1545 1141 in
1571 1098 1807 1154 Campania’
1872 1104 1878 1106 ”

270 1162 371 1199 teste
390 1158 569 1199 Varrone
594 1172 668 1198 rer.
693 1163 790 1199 rust.
810 1160 851 1199 Π
876 1162 914 1210 6,
942 1162 979 1199 5.
1012 1161 1086 1199 Vu.
1111 1162 1402 1202 1041—1043
1430 1162 1504 1201 hoc
1529 1162 1666 1201 ordine
1692 1163 1809 1213 posui

271 1221 431 1259 etiamsi
467 1220 644 1271 prolegg.
671 1233 709 1270 p.
736 1219 808 1259 ΟΠ
821 1222 916 1259 extr.
949 1220 1046 1259 ordo
1084 1221 1384 1260 commendatur
1425 1222 1623 1261 inuersus:
1667 1222 1808 1261 distin·

271 1281 444 1319 ctionem
476 1279 581 1318 enim
612 1280 927 1332 fragmentorum
958 1280 1053 1319 libri
1077 1281 1186 1319 XXX
1217 1281 1310 1319 inde
1345 1294 1369 1320 a
1405 1295 1443 1332 p.
1471 1282 1555 1321 399
1595 1282 1807 1322 admodum

270 1352 355 1378 esse
386 1340 581 1378 incertam
613 1342 789 1390 apparet.

392 1393 534 1438 1045.
565 1399 720 1438 Nonius
746 1413 784 1450 p.
814 1401 911 1449 140,
939 1401 992 1439 13
1027 1397 1244 1450 ‘Mansum,
1282 1401 1549 1441 mandendum
1589 1403 1660 1440 aut
1695 1414 1807 1440 man-

269 1461 410 1498 satum.
440 1489 446 1496 .
468 1489 476 1497 .
499 1489 506 1496 .
532 1458 712 1498 Lucilius
743 1459 811 1498 lib.
838 1460 948 1498 XXX
981 1456 1175 1511 “sperans
1207 1463 1369 1500 aetatem
1400 1461 1566 1500 eandem
1596 1463 1689 1501 haec
1716 1473 1806 1511 pro-

268 1520 374 1567 ferro
406 1513 610 1573 (impressi
634 1514 834 1573 proferre)
858 1523 992 1569 posset
1014 1532 1199 1559 mansum
1223 1533 1270 1559 ex
1295 1533 1362 1560 ore
1388 1518 1636 1560 daturum”.’
1680 1521 1806 1561 Lach-

268 1591 437 1617 mannus
481 1579 657 1629 scripsit:
708 1575 886 1630 ‘sperans
936 1580 1087 1619 lactare
1135 1593 1198 1619 me
1248 1580 1413 1620 eandem
1462 1581 1565 1620 hanc
1613 1593 1807 1632 proporro

267 1635 397 1688 posse’
425 1651 456 1677 e.
483 1651 519 1688 q.
546 1650 575 1677 s.
646 1638 770 1678 Nonii
819 1639 990 1679 editores
1040 1640 1254 1679 Muellerus
1305 1642 1346 1679 et
1394 1640 1607 1680 Onionsius
1656 1642 1807 1692 partim

269 1697 526 1737 Guilielmum
562 1699 712 1748 partim
743 1697 1043 1744 Quicheratium
1077 1702 1171 1739 sunt
1207 1701 1335 1739 secuti
1371 1701 1606 1740 scribentes:
1643 1714 1806 1752 sperans

269 1760 443 1796 aetatem
469 1753 534 1812 (ut
557 1757 682 1796 Lucil.
702 1758 722 1796 I
740 1772 777 1797 u.
801 1754 876 1813 38)
897 1759 1035 1798 eadem
1053 1755 1170 1811 (me)
1188 1760 1286 1799 haec
1305 1761 1482 1811 proferre
1502 1763 1658 1811 potesse
1678 1773 1709 1800 e.
1724 1774 1760 1812 q.
1775 1773 1805 1800 s.

268 1817 400 1856 Verba
443 1820 620 1857 extrema
667 1818 811 1857 Latine
853 1819 1026 1858 reddunt
1072 1820 1178 1870 quod
1222 1819 1364 1859 Graeci
1412 1821 1551 1860 dicunt
1599 1820 1806 1872 ψωμίζειν,

268 1877 411 1927 quibus
447 1890 630 1916 mansum
673 1880 733 1916 est
769 1877 979 1930 ψώμισμαε
1017 1880 1112 1918 conf
1151 1878 1286 1918 Galen.
1314 1880 1388 1918 XV
1412 1894 1450 1931 p.
1478 1881 1583 1930 395,
1618 1880 1695 1920 3K
1725 1880 1805 1920 Cic.

269 1937 316 1975 de
343 1949 396 1975 or.
423 1937 464 1975 H
491 1938 593 1986 162,
636 1937 791 1987 reliqua
835 1939 969 1977 omnia
1011 1938 1188 1978 obscura.
1258 1939 1428 1978 Videtur
1470 1941 1538 1992 agi
1581 1940 1629 1980 de
1677 1942 1806 1980 matre

269 1996 566 2035 adulescentula
586 2009 687 2045 quae
705 1998 853 2035 nutrici
872 2010 966 2037 suae
984 2011 1152 2048 puerum
1171 1999 1367 2037 infantem
1386 1999 1523 2038 tradit.
1564 1999 1622 2038 At
1640 2012 1805 2050 sperans

268 2056 366 2094 haec
404 2057 533 2094 mater
575 2056 741 2094 eandem
784 2056 887 2095 hanc
923 2058 1119 2096 nutricem
1156 2058 1376 2097 aetatulam
1411 2060 1590 2098 teneram
1627 2060 1805 2110 proferre

268 2127 383 2164 posse
415 2116 456 2153 et
485 2127 669 2154 mansum
700 2128 746 2154 ex
778 2129 845 2155 ore
876 2129 964 2155 eam
995 2116 1193 2167 daturum,
1225 2117 1438 2168 decipitur:
1476 2131 1570 2157 nam
1601 2118 1646 2157 αἱ
1672 2119 1806 2158 τίτθαι

268 2172 311 2212 τὸ
361 2173 554 2225 ψώμισμα
602 2174 886 2215 κατατείνουσαι
931 2179 983 2231 τῷ
1029 2176 1149 2231 σιάλῳ
1197 2175 1244 2216 τὰ
1293 2177 1432 2217 παιδία
1490 2177 1805 2231 παραλείφουσιν

268 2233 435 2272 Aristot.
461 2234 560 2272 rhet.
584 2234 647 2272 III
673 2236 698 2273 4
724 2248 761 2285 p.
792 2236 903 2275 1407
926 2249 950 2275 a
970 2237 995 2275 8
1017 2231 1239 2290 (Aristoph.
1261 2237 1396 2288 Equit.
1419 2238 1502 2276 716
1525 2237 1631 2277 Sext.
1651 2238 1804 2289 Empir.

268 2293 311 2330 in
351 2293 496 2332 rhetor.
523 2294 577 2331 42
617 2308 654 2344 p.
683 2295 787 2344 683,
815 2296 867 2334 13
882 2291 948 2350 B).
1017 2299 1178 2335 aetatem
1214 2298 1240 2337 i.
1267 2310 1299 2336 e.
1337 2298 1483 2336 uitam:
1535 2297 1613 2337 Gic.
1646 2297 1695 2336 de
1737 2297 1803 2336 fin.

268 2352 306 2390 V
334 2353 402 2401 20,
429 2353 482 2391 55
524 2350 657 2392 ‘facile
693 2356 754 2393 est
790 2354 865 2393 hoc
902 2367 1059 2395 cernere
1096 2357 1139 2395 in
1168 2357 1308 2407 primis
1341 2370 1554 2407 puerorum
1587 2354 1804 2398 aetatulis’.

262 2413 443 2460 proferre
474 2415 657 2462 aetatem,
687 2415 734 2452 ut
763 2415 977 2464 protollere
1008 2415 1075 2454 lib.
1101 2415 1122 2453 I
1146 2429 1183 2454 u.
1213 2418 1250 2465 7,
1281 2416 1384 2455 Plin.
1411 2418 1525 2468 epist.
1551 2417 1593 2455 II
1620 2419 1657 2466 7,
1684 2418 1711 2456 4
1744 2414 1806 2456 ‘ut

268 2472 356 2510 uita
398 2473 482 2511 eius
530 2472 662 2512 breuis
711 2475 752 2512 et
799 2476 971 2526 angusta
1018 2474 1199 2515 debuerit
1240 2476 1315 2515 hac
1357 2477 1472 2515 uelut
1513 2477 1804 2516 inmortalitate

268 2528 451 2581 proferri'
491 2526 591 2585 (Cic.
617 2532 665 2571 de
689 2532 754 2571 fin.
779 2533 842 2572 ΙΠ
869 2535 936 2584 22,
965 2535 1017 2574 76
1059 2531 1234 2573 ‘beatam
1269 2537 1399 2575 uitam
1434 2549 1559 2586 usque
1598 2536 1649 2575 ad
1688 2536 1804 2575 illum

218 2613 223 2617 -
270 2603 294 2629 a
326 2590 429 2640 Cyro
461 2593 702 2630 exstructum
732 2605 877 2643 rogum
904 2594 1130 2641 pertulisset
1164 2589 1430 2648 (Maduigius,
1475 2596 1660 2635 nonnulli
1702 2595 1803 2635 codd

262 2645 534 2704 protulisset)’.
560 2652 742 2700 proferre
764 2655 917 2700 potesse
948 2656 983 2691 et
1012 2651 1260 2706 Guih‘elmus,
1292 2654 1506 2694 admodum
1530 2655 1803 2706 probabiliter,

269 2710 345 2748 etsi
373 2710 475 2749 tales
507 2711 654 2750 formas
686 2711 882 2751 obsoletas
913 2711 1091 2752 Lucilius
1121 2716 1247 2764 ponat
1276 2715 1320 2753 in
1351 2716 1460 2754 exitu
1493 2715 1723 2755 hexametri.
1741 2711 1803 2742 —'

269 2769 466 2818 daturwm,
497 2771 544 2808 ut
569 2771 791 2821 nuptarum
821 2771 890 2810 lib.
915 2772 1031 2810 XVII
1055 2786 1093 2811 u.
1121 2773 1218 2812 538.

391 2823 532 2869 1047.
563 2829 720 2869 Nonius
751 2844 788 2880 p.
810 2831 908 2881 350,
936 2832 960 2870 6
996 2829 1268 2883 ‘Maculosum7
1299 2834 1515 2884 sordidum,
1554 2834 1801 2873 inmundum.

268 2887 445 2927 Lucilius
476 2889 544 2927 lib.
569 2889 680 2927 XXX
713 2886 841 2929 “haec
870 2892 1119 2931 uestimentis
1155 2893 1368 2933 maculosis
1399 2896 1481 2932 tum
1511 2895 1642 2943 aspice
1668 2890 1799 2933 iste''.'

271 2943 357 2985 ‘nec
381 2948 630 2987 uestimentis
654 2950 866 2989 maculosis
894 2963 984 2989 cum
1009 2953 1176 3002 aspicies
1202 2950 1256 2991 te'
1277 2952 1567 3002 Lachmannus,
1597 2950 1656 2992 ‘ec
1680 2954 1801 2992 uesti-

269 3008 413 3046 mentis
444 3008 668 3047 maculosis.
728 3010 775 3048 tu
806 3011 939 3059 aspice
970 3011 1024 3050 sis
1055 3008 1110 3050 te’
1143 3012 1368 3051 Muellerus.
1429 3013 1517 3063 Ego
1543 3014 1802 3063 interpretor:
