2060 3444
275 271 361 312 232
840 268 958 303 XXVI
982 281 1018 304 u.
1046 273 1244 306 627—631.

275 384 338 421 hic
375 384 418 421 in
449 382 701 432 philosophia
732 379 988 421 consumere’:
1026 383 1140 422 uaria
1176 383 1248 421 illa
1279 384 1483 423 hominum
1521 382 1654 424 studia
1690 374 1808 424 antea

274 444 473 494 tetigerat.

395 496 507 541 628.
538 501 691 540 Nonius
717 515 755 551 p.
785 502 852 550 74,
879 503 932 541 29
962 498 1126 552 ‘Apisci,
1159 501 1336 553 adipisci.
1386 502 1564 543 Lucilius
1589 503 1657 542 lib.
1677 503 1810 543 XXVI
1860 540 1861 543 ,

277 558 356 600 “ut
386 574 458 613 ego
491 561 678 612 effugiam
711 556 910 614 (offuciam
935 557 1176 615 Leidensis)
1191 563 1295 612 quod
1328 558 1460 617 (addit
1488 575 1552 613 eqo
1577 562 1807 615 Guelferby-

276 615 413 674 tanus)
446 622 486 659 te
508 652 514 658 .
538 652 545 658 .
568 617 845 672 ,intellego’'.’
910 621 1091 672 Apparet
1121 621 1365 672 Leidensem,
1397 624 1467 673 qui
1491 637 1542 662 m.
1572 625 1595 661 2
1623 624 1809 672 effutiam,

275 695 326 719 m.
356 683 376 719 1
412 693 574 719 seruare
599 680 773 719 uoluisse
797 680 1005 719 librarium
1032 682 1237 732 archetypi
1261 683 1484 733 lectionem,
1508 684 1550 722 in
1576 696 1653 733 quo
1679 695 1700 722 c
1725 683 1766 722 et
1784 696 1810 735 g

277 740 505 779 simillimae
537 742 668 779 erant:
699 740 964 790 interpolatus
992 743 1052 780 est
1077 740 1120 780 G.
1171 741 1296 781 Varia
1326 755 1410 781 esse
1442 742 1576 782 studia
1606 743 1810 782 hominum

275 801 411 839 monet
441 802 577 850 poeta:
609 801 791 839 imitatus
823 802 884 839 est
910 800 1102 840 Horatius
1134 814 1247 842 serm.
1274 802 1315 840 Π
1343 805 1380 851 1,
1408 804 1462 841 24
1495 798 1607 853 ‘quid
1636 801 1810 842 faciam?

277 860 400 899 saltat
436 860 626 899 Milonius
654 891 660 898 .
690 891 696 898 .
725 890 732 898 .
761 859 902 899 Castor
938 860 1086 912 gaudet
1123 862 1252 911 equis,
1297 875 1372 901 ouo
1412 864 1630 913 prognatus
1673 862 1810 902 eodem

275 920 437 971 pugnis3
471 922 569 969 quot
600 921 778 970 capitum
809 921 964 971 uiuunt,
996 921 1164 959 totidem
1195 922 1418 961 studiorum
1447 920 1588 961 milia’.

397 974 507 1019 629.
540 980 694 1019 Nonius
725 994 762 1030 p.
791 980 860 1029 88,
887 981 940 1018 32
982 977 1116 1019 ‘Cordi
1154 982 1230 1031 est,
1268 981 1431 1021 honeste
1469 982 1636 1032 dictum,
1677 982 1811 1022 animo

255 1038 388 1078 'sedet
425 1033 469 1092 (i.
502 1051 531 1077 e.
558 1040 707 1088 placet:
744 1040 839 1078 conf
864 1040 939 1078 Iul.
965 1040 1098 1079 Valer.
1130 1054 1166 1091 p.
1196 1042 1278 1080 256
1306 1041 1496 1080 Kuebleri
1521 1054 1549 1080 s.
1575 1055 1614 1080 u.
1646 1036 1810 1096 sedere).

276 1098 454 1138 Lucilius
479 1099 548 1137 lib.
574 1099 708 1138 XXVI
735 1096 808 1138 “et
835 1130 842 1137 .
871 1130 878 1137 .
906 1130 913 1138 .
939 1100 1178 1139 uehementer
1209 1098 1451 1152 displicct”.'
1506 1101 1811 1141 Proceleumati-

278 1171 367 1197 cum
399 1170 478 1208 quo
509 1159 640 1208 tollat,
671 1161 776 1197 recte
808 1158 1085 1199 Lachmannus
1116 1164 1310 1199 uementer
1339 1162 1491 1211 posuit:
1521 1162 1704 1210 reprendi
1733 1161 1812 1200 Lu-

277 1218 392 1258 cilius
416 1218 485 1256 lib.
511 1218 583 1256 XX
609 1232 645 1257 u.
674 1219 772 1268 573,
808 1219 867 1258 nil
897 1218 1060 1270 ubique:
1098 1220 1166 1259 sed
1196 1220 1329 1270 potuit
1359 1221 1508 1261 dictare
1540 1223 1660 1272 poeta
1691 1222 1812 1261 etiam

276 1280 332 1318 mi
355 1279 605 1318 uehementer.
659 1277 825 1318 Versum
850 1279 1066 1331 coniungas
1094 1291 1184 1318 cum
1209 1281 1419 1331 superiore.
1470 1281 1594 1320 Naeu.
1621 1293 1717 1320 com.
1739 1282 1764 1320 8
1777 1281 1813 1320 R

279 1335 410 1388 ‘quasi
442 1337 577 1377 dedita
608 1351 728 1389 opera
760 1351 861 1388 quae
893 1351 967 1390 ego
998 1339 1089 1378 uolo
1121 1352 1168 1378 ea
1199 1341 1243 1379 tu
1272 1353 1352 1380 non
1376 1341 1450 1390 uis,
1483 1354 1583 1391 quae
1610 1354 1682 1392 ego
1708 1341 1812 1390 nolo,

279 1410 326 1436 ca
357 1393 495 1447 cupis'.

399 1452 510 1497 630.
537 1457 690 1496 Nonius
709 1471 747 1508 p.
769 1458 867 1507 353,
890 1460 940 1497 11
966 1455 1080 1509 ‘Niti,
1099 1459 1248 1498 fultum
1268 1472 1359 1499 esse.
1398 1459 1575 1499 Lucilius
1594 1460 1662 1499 lib.
1682 1460 1812 1499 XXVI

279 1514 452 1556 “summi
484 1512 665 1570 (summis
689 1518 829 1557 Iunius
859 1519 900 1557 et
923 1515 1140 1572 Merccrus)
1170 1520 1334 1558 nilincre
1359 1514 1435 1573 (sic
1460 1518 1812 1570 Guelferbytanus:

278 1578 394 1616 nitire
424 1571 648 1630 Leidensis)
681 1577 822 1627 opibus
843 1608 851 1616 .
873 1608 881 1616 .
903 1609 911 1618 .
931 1574 1089 1617 siem”.'
1148 1578 1308 1619 Sallust.
1338 1578 1422 1618 Cat.
1451 1582 1489 1628 1,
1516 1581 1536 1618 1
1575 1577 1718 1620 ‘omnis
1742 1581 1811 1619 ho-

279 1638 404 1676 mines
433 1667 439 1674 .
469 1668 476 1675 .
505 1667 512 1675 .
538 1649 693 1676 summa
725 1649 798 1687 ope
830 1637 906 1676 niti
938 1637 1049 1676 decet
1079 1635 1142 1677 ne'
1172 1669 1180 1677 .
1207 1669 1216 1677 .
1244 1670 1251 1677 .
1280 1638 1357 1678 Cic.
1384 1639 1435 1678 ad
1460 1640 1544 1678 Att.
1571 1639 1665 1678 XIV
1693 1641 1760 1688 14,
1786 1641 1811 1678 6

279 1693 403 1735 ‘omni
428 1709 500 1746 ope
527 1698 646 1747 atque
673 1710 794 1747 opera
819 1698 948 1736 enitar
969 1729 975 1735 .
998 1728 1006 1736 .
1028 1728 1034 1735 .
1056 1699 1102 1737 ut
1122 1731 1129 1738 .
1152 1729 1159 1737 .
1181 1728 1188 1736 .
1209 1700 1369 1738 senatus
1395 1699 1618 1738 consultum
1639 1730 1646 1738 .
1668 1729 1676 1738 .
1698 1732 1706 1739 .
1726 1695 1810 1739 fiat’

280 1755 367 1794 Liu.
394 1756 495 1795 VIII
523 1757 590 1806 16,
617 1758 641 1795 4
676 1753 800 1795 ‘omni
832 1769 905 1808 ope
937 1757 1067 1797 adnisi
1098 1759 1202 1808 sunt,
1234 1760 1279 1798 ut
1299 1790 1306 1797 .
1329 1789 1336 1797 .
1358 1789 1365 1798 .
1386 1759 1588 1798 consulem
1626 1761 1813 1810 quartum

278 1812 480 1856 facerent’.
543 1817 622 1866 Tu,
659 1818 705 1855 ut
735 1817 963 1868 philosophi
999 1818 1125 1857 ueluti
1160 1818 1325 1869 Epicuri
1361 1819 1503 1858 similis
1541 1820 1612 1869 sis,
1650 1819 1813 1859 summis

279 1875 418 1915 niteris
450 1876 591 1927 opibus
624 1870 799 1930 (Lucret.
824 1876 887 1916 ΙΠ
914 1878 938 1916 6
974 1874 1095 1928 ‘quod
1125 1879 1165 1917 te
1197 1877 1348 1917 imitari
1379 1873 1526 1932 aueo'),
1560 1892 1632 1931 ego
1664 1881 1813 1930 contra,

278 1938 323 1975 ut
354 1936 559 1976 dissimilis
591 1937 699 1975 siem.
731 1938 852 1976 nitere
881 1937 1135 1977 indicatiuus.

398 1990 509 2035 631.
542 1996 695 2035 Nonius
721 2009 759 2045 p.
786 1997 884 2045 183,
911 1997 966 2036 30
1000 1993 1236 2049 ‘Vegrande,
1266 1997 1383 2037 ualde
1415 1998 1575 2049 grande.
1637 1998 1813 2038 Lucilius

278 2055 344 2093 lib.
371 2054 502 2094 XXVI
534 2051 646 2094 “non
673 2085 681 2093 .
703 2086 741 2094 ..
772 2052 951 2095 datur’'.’
1012 2056 1124 2095 Idem
1154 2070 1192 2106 p.
1221 2059 1319 2107 297,
1346 2059 1397 2096 31
1439 2055 1650 2107 “cherre,
1688 2059 1813 2108 edere,

278 2115 505 2165 prouehere.
535 2146 541 2152 .
563 2145 571 2152 .
593 2145 600 2153 .
621 2114 797 2155 Lucilius
817 2115 884 2154 lib.
905 2115 1035 2154 XXVI
1057 2113 1167 2155 “non
1265 2117 1470 2156 extollitur
1488 2118 1601 2156 melite
1620 2118 1811 2169 uegrandi

280 2169 364 2227 (uel
400 2174 542 2226 grandi
570 2169 625 2227 G)
665 2171 843 2214 datur'’.’
911 2175 1135 2227 Vegrandis
1179 2177 1416 2216 uocabulum
1457 2178 1649 2216 rusticum
1695 2177 1812 2217 sicuti

280 2234 484 2273 extollere:
534 2234 581 2273 de
624 2247 672 2273 uc
713 2235 887 2286 praefixo
937 2237 1105 2287 egerunt
1147 2236 1251 2275 Fest.
1282 2250 1319 2287 p.
1349 2237 1432 2276 372
1467 2235 1565 2276 Gell.
1591 2237 1629 2275 V
1658 2239 1730 2287 12,
1758 2239 1812 2277 10

281 2293 374 2331 XVI
402 2295 440 2343 5,
468 2295 492 2332 5
526 2294 739 2334 adfirmans
764 2307 812 2333 uc
836 2295 917 2334 fere
943 2295 1167 2347 significare
1191 2297 1232 2335 et
1255 2297 1373 2335 ualde
1397 2298 1438 2335 et
1460 2297 1638 2336 minime:
1667 2298 1813 2347 prioris

279 2353 581 2405 significationis
612 2355 884 2394 testimonium
912 2355 1100 2394 uidentur
1125 2356 1400 2395 tantummodo
1424 2357 1529 2397 hunc
1553 2355 1697 2395 Lucilii
1722 2369 1812 2407 pro-

279 2413 417 2452 tulisse
449 2426 607 2452 uersum
639 2414 743 2453 male
773 2415 1020 2454 intellectum
1047 2415 1164 2454 sicuti
1188 2416 1342 2455 Nonius
1367 2416 1463 2455 fecit
1488 2417 1513 2454 l.
1540 2428 1569 2455 s.
1596 2429 1624 2455 s.
1673 2417 1813 2456 Nostri

280 2474 368 2511 aeui
399 2475 751 2524 grammaticorum
783 2475 999 2514 sententias
1031 2475 1079 2514 de
1115 2475 1189 2514 hoc
1226 2475 1419 2514 uocabulo
1457 2477 1618 2515 enarrat
1647 2476 1812 2515 Nieder-

279 2546 447 2572 mannus
472 2533 694 2585 Indogerm.
719 2534 999 2586 Forschungen
1018 2535 1052 2573 X
1076 2536 1186 2574 1899
1215 2548 1251 2585 p.
1275 2536 1357 2573 248
1379 2535 1531 2575 Keilius
1557 2538 1811 2575 commentar.

280 2593 320 2630 in
345 2592 460 2632 Varr.
485 2605 558 2632 rer.
584 2595 679 2632 rust.
706 2607 743 2644 p.
773 2595 868 2633 149.
919 2594 1112 2645 Exempla
1143 2594 1193 2633 ad
1225 2608 1347 2633 unum
1379 2596 1511 2634 omnia
1536 2595 1812 2634 demonstrant

280 2652 478 2703 uegrande
515 2653 621 2702 apud
658 2653 827 2692 rusticos
863 2656 1101 2703 usurpatum
1138 2654 1259 2693 fuisse
1296 2667 1368 2704 pro
1406 2667 1530 2704 paruo
1569 2656 1608 2693 et
1651 2656 1812 2707 exiguo:

280 2710 394 2751 Ouid.
421 2711 511 2751 fast.
536 2712 600 2751 ΙΠ
625 2705 709 2751 445
744 2709 979 2764 ‘uegrandia
1009 2713 1117 2752 farra
1149 2714 1280 2753 coloni
1311 2727 1412 2764 quae
1448 2715 1552 2753 male
1589 2715 1811 2765 creuerunt,

280 2783 476 2821 uescaque
507 2784 634 2822 parua
665 2769 826 2811 uocant'
858 2773 960 2812 Fest.
987 2787 1024 2823 p.
1053 2774 1151 2822 372,
1180 2774 1232 2812 15
1268 2771 1354 2812 ‘alii
1386 2787 1565 2824 paruom,
1601 2775 1812 2825 minutum,
1842 2825 1844 2827 ι

279 2833 326 2869 ut
357 2844 446 2869 cum
483 2831 650 2870 dicimus
687 2833 886 2883 uegrande
923 2829 1181 2871 frumentum'
1213 2833 1323 2872 Paul.
1351 2833 1454 2874 Fest.
1479 2848 1517 2884 p.
1546 2835 1643 2884 379,
1671 2834 1695 2872 5
1729 2830 1811 2873 ‘ue-

223 2910 228 2914 =
279 2890 469 2940 grandem
494 2891 629 2930 fabam
654 2893 851 2931 minutam
878 2889 1078 2931 dicebant'
1102 2893 1232 2932 Varro
1256 2906 1330 2932 rer.
1356 2895 1453 2933 rust.
1478 2893 1519 2932 H
1546 2895 1584 2943 2,
1613 2894 1665 2932 13
1693 2889 1810 2943 ‘quae

279 2951 418 2997 postea
455 2951 750 3000 concipiuntur,
793 2951 894 2990 fiunt
936 2952 1155 3004 uegrandes
1193 2954 1313 3002 atque
1355 2949 1605 2992 imbecillae'.
1666 2953 1811 3003 Itaque

277 3007 476 3047 Lucilium
506 3010 634 3048 uitam
663 3011 824 3050 breuem
849 3012 1089 3062 ucgrandem
1115 3012 1259 3051 dixisse
1284 3014 1468 3062 apparet:
1501 3012 1619 3051 sicuti
1643 3012 1809 3052 Plautus
