2060 3444
810 314 929 351 XXVI
955 326 990 351 u.
1019 317 1219 351 εει-635.
1702 312 1790 356 233

246 430 321 470 hoc
360 428 556 469 adiectiuo
594 441 688 469 usus
730 430 791 469 est
827 427 977 470 Cistell.
1005 430 1089 468 378
1105 441 1213 480 seqq.
1253 425 1367 480 ‘quin
1404 428 1457 478 is,
1501 428 1535 467 si
1571 429 1680 467 itura
1723 425 1791 467 es?

247 489 414 530 nimium
438 490 474 529 is
500 489 693 542 uegrandi
719 488 858 542 gradu.
887 492 927 535 :3ss
957 489 1030 528 Pol
1051 488 1100 529 ad
1126 489 1364 538 cubituram,
1391 489 1529 539 mater,
1556 489 1685 540 magis
1705 500 1792 528 sum

248 550 437 600 exercita,
474 550 556 589 fere
588 563 709 601 quam
741 549 792 589 ad
824 562 1040 589 cursuram.
1093 563 1138 588 eo
1170 562 1258 589 sum
1289 545 1564 589 tardiuscula’.
1627 547 1794 588 Errauit

247 611 372 650 Nonii
402 611 542 650 auctor
572 611 736 662 propter
767 610 966 661 duplicem
998 610 1251 662 negationem
1282 621 1458 649 non-nec.
1516 610 1717 648 Extollere
1746 610 1794 648 ut

249 671 395 710 ecferre
428 671 475 710 de
508 670 690 723 frugibus
721 672 828 710 terra
855 670 973 710 editis
999 669 1157 711 Lucret.
1183 671 1226 710 H
1253 671 1338 710 594
1366 666 1467 709 ‘tum
1493 681 1611 721 porro
1644 669 1793 709 nitidas

248 731 383 784 fruges
422 730 663 781 arbustaque
701 732 809 777 laeta
847 730 1033 783 gentibus
1070 731 1255 770 humanis
1293 730 1415 770 habet
1456 729 1561 769 unde
1606 730 1793 769 extollere

248 787 389 844 possit'
422 793 546 842 terra,
578 791 717 831 eadem
749 791 867 844 Verg.
895 804 1027 843 georg.
1054 792 1096 831 H
1125 792 1207 830 167
1243 804 1361 842 quem
1392 791 1524 830 locum
1566 790 1682 829 affert
1713 790 1794 829 No-

248 853 338 891 nius
363 853 388 892 l.
416 864 444 891 s.
477 848 591 891 ‘haec
623 864 746 904 genus
779 864 868 891 acre
900 851 1032 891 uirum
1061 853 1215 892 Marsos
1246 851 1474 903 pubemque
1502 850 1705 890 Sabellam
1726 883 1733 890 .
1755 883 1762 890 .
1787 883 1794 891 .

176 920 179 923 “
249 913 410 962 extulit,
446 913 545 952 haec
576 913 738 962 Decios,
774 909 952 953 Marios’.
1013 913 1105 952 Non
1142 912 1290 952 idcirco
1321 912 1440 952 homo
1479 911 1688 950 extollitur
1725 912 1796 949 aut

249 973 357 1012 uitae
387 973 503 1012 breui
533 973 664 1024 spatio
697 973 1009 1023 commendatur,
1041 975 1088 1011 ut
1119 973 1201 1025 otio
1235 973 1459 1012 delitescat:
1490 972 1646 1011 refutat
1675 973 1796 1022 poeta

249 1033 523 1073 aduersarium
556 1034 694 1073 eodem
725 1033 842 1074 modo
875 1046 953 1084 quo
980 1032 1059 1073 Cic.
1087 1033 1135 1072 de
1160 1046 1241 1084 rep.
1268 1034 1289 1072 Ι
1308 1035 1338 1083 ,1
1375 1029 1510 1072 ‘homo
1542 1032 1714 1081 demens,
1749 1033 1796 1071 ut

248 1093 318 1133 isti
348 1095 511 1144 putant,
549 1107 639 1133 cum
671 1096 830 1146 cogeret
867 1107 960 1133 eum
997 1095 1210 1134 necessitas
1248 1094 1379 1143 nulla,
1419 1094 1463 1132 in
1498 1093 1560 1132 his
1598 1092 1718 1132 undis
1757 1094 1797 1131 et

247 1154 553 1205 tempestatibus
591 1154 643 1194 ad
679 1167 876 1194 summam
917 1156 1161 1194 senectutem
1196 1154 1342 1193 maluit
1383 1154 1545 1204 iactari,
1590 1165 1711 1204 quam
1753 1153 1796 1191 in

220 1223 223 1225 ’
248 1215 322 1254 illa
347 1215 644 1265 tranquillitate
671 1217 791 1266 atque
823 1215 907 1254 otio
933 1214 1102 1254 iucunde
1127 1211 1280 1253 uiuere'
1308 1209 1375 1269 (de
1401 1215 1485 1253 inu.
1511 1214 1532 1252 Ι
1559 1214 1597 1263 3,
1625 1215 1650 1252 4
1666 1207 1794 1267 extr.)

369 1269 481 1316 632.
513 1275 670 1314 Nonius
696 1288 733 1326 p.
763 1276 861 1326 293,
889 1276 913 1314 3
949 1272 1158 1325 ‘Euadere‚
1191 1274 1308 1325 exire,
1334 1274 1507 1314 tendere.
1529 1307 1536 1314 .
1560 1307 1566 1314 .
1590 1307 1596 1314 .
1617 1273 1796 1313 Lucilius

247 1329 475 1375 lib.‘XXVI
511 1331 689 1375 “euadat
715 1366 723 1374 .
746 1366 752 1374 .
775 1368 783 1376 .
810 1332 959 1375 sum'’.'
1023 1335 1193 1387 Aliquid
1230 1336 1367 1386 aliqua
1403 1335 1535 1374 Plaut.
1562 1334 1678 1385 Epid.
1711 1335 1795 1373 100

250 1392 420 1446 ‘aliquid
445 1395 582 1447 aliqua
606 1396 887 1447 reperiundum
914 1393 990 1436 est'
1017 1397 1100 1436 331
1131 1393 1287 1435 ‘uerum
1314 1395 1469 1446 aliquid
1496 1396 1633 1445 aliqua
1660 1396 1796 1445 aliquo

248 1456 366 1496 modo
398 1456 579 1496 alicunde
611 1456 662 1496 ab
701 1457 828 1507 aliqui
866 1458 1002 1507 aliqua
1038 1457 1115 1496 tibi
1151 1468 1240 1508 spes
1279 1453 1352 1496 est'
1387 1455 1505 1507 Apul.
1533 1456 1580 1494 de
1606 1468 1711 1507 mag.
1740 1456 1794 1494 32

250 1513 367 1556 ‘nihil
398 1516 440 1555 in
471 1516 587 1556 rebus
620 1517 803 1556 omnibus
834 1519 919 1557 tam
950 1518 1158 1557 innoxium
1189 1517 1314 1567 dices,
1352 1517 1449 1568 quin
1480 1516 1523 1555 id
1556 1516 1685 1567 possit
1722 1514 1795 1554 ali-

249 1577 346 1627 quid
379 1577 516 1628 aliqua
545 1574 708 1618 obesse'.
751 1578 812 1617 De
838 1578 990 1628 aliquid
1014 1577 1197 1617 aduerbii
1221 1578 1308 1617 loco
1334 1578 1465 1628 posito
1495 1577 1590 1616 conf
1610 1576 1795 1615 Halmius

253 1637 303 1676 ad
337 1636 416 1677 Cic.
448 1651 520 1689 pro
554 1638 653 1678 Sest.
683 1639 737 1677 10
763 1637 918 1678 Keilius
951 1638 1002 1677 ad
1031 1639 1146 1678 Varr.
1178 1651 1253 1677 rer.
1284 1639 1382 1677 rust.
1408 1637 1451 1676 Π
1477 1637 1516 1687 5,
1545 1637 1598 1676 18
1631 1650 1669 1687 p.
1699 1637 1795 1675 180.

370 1692 482 1738 633.
515 1698 668 1738 Nonius
693 1713 731 1749 p.
761 1699 859 1748 238,
888 1699 941 1737 25
982 1696 1215 1749 ‘Appellare
1253 1692 1347 1751 (sic)
1386 1699 1446 1736 est
1484 1697 1698 1748 applicare.
1728 1727 1734 1735 .
1758 1727 1795 1735 ..

250 1757 427 1797 Lucilius
464 1758 533 1797 lib.
559 1758 692 1798 XXVI
731 1755 877 1808 “ayere
915 1758 958 1797 in
1001 1758 1182 1798 iaciendo
1227 1759 1342 1809 siquo
1387 1759 1447 1798 est
1492 1759 1533 1797 in
1578 1758 1796 1796 uineis...

250 1815 518 1869 appellant”.'
587 1818 700 1858 Idem
731 1833 769 1869 p.
799 1820 903 1869 243,
931 1820 987 1859 30
1033 1816 1211 1868 ‘Actum‚
1255 1818 1472 1858 admotum.
1509 1849 1516 1856 .
1545 1849 1552 1856 .
1581 1849 1588 1856 .
1617 1816 1796 1857 Lucilius

249 1878 316 1917 lib.
342 1878 475 1918 XXVI
508 1875 653 1928 “ayere
683 1880 727 1918 in
757 1880 919 1919 iacendo
951 1881 985 1919 si
1016 1891 1112 1928 quos
1142 1882 1184 1918 tu
1212 1880 1319 1919 uinis
1344 1879 1444 1918 actis
1470 1875 1638 1928 opost''.'
1683 1877 1796 1917 Idem

248 1952 287 1989 p.
315 1940 414 1987 327,
442 1939 496 1978 25
532 1936 666 1988 ‘Iacit‚
704 1940 813 1979 facit.
875 1939 1054 1979 Lucilius
1085 1939 1153 1978 lib.
1179 1939 1312 1979 XXVI
1351 1936 1497 1988 “agere
1533 1939 1576 1977 in
1614 1937 1796 1977 iaciendo

250 1999 284 2038 si
329 2001 446 2050 quost
490 1993 588 2053 (quo
626 2001 687 2039 est
717 2000 756 2038 L
781 2013 831 2039 m.
858 2001 888 2040 2
915 1994 971 2054 G)
1010 2001 1138 2039 uineis
1182 2001 1283 2039 actis
1328 2011 1426 2050 opus
1469 1999 1529 2039 est
1573 1993 1691 2052 (opus
1737 1999 1797 2037 est

249 2059 288 2098 L
313 2071 363 2098 m.
388 2054 498 2113 2)''.'
562 2059 709 2100 Lucilii
745 2060 895 2099 librum
933 2074 1010 2111 quo
1047 2073 1143 2100 usus
1181 2061 1242 2100 est
1272 2060 1395 2099 Nonii
1433 2060 1573 2099 auctor
1609 2058 1797 2098 mendose

250 2120 472 2159 exhibuisse
497 2131 611 2169 affere
634 2120 781 2172 triplex
801 2122 951 2160 euincit
970 2121 1071 2160 codd
1090 2133 1318 2171 consensus,
1346 2121 1442 2160 conf
1463 2119 1531 2158 lib.
1555 2119 1612 2158 XI
1630 2133 1668 2158 u.
1689 2119 1796 2158 408:

249 2194 286 2230 p.
315 2181 400 2219 243
427 2181 470 2219 in
495 2180 627 2220 uerbis
654 2182 690 2220 si
714 2193 810 2230 quos
835 2184 877 2220 tu
903 2182 1020 2221 facile
1046 2182 1277 2233 agnoscitur
1302 2182 1339 2220 si
1363 2183 1484 2229 quost,
1517 2179 1624 2230 quod
1648 2193 1685 2231 p.
1709 2181 1794 2218 327

249 2239 356 2280 solus
389 2241 569 2280 seruauit
593 2241 632 2279 L
657 2255 708 2280 m.
738 2243 774 2280 1.
837 2238 952 2288 Quod
983 2241 1135 2281 dictum
1174 2243 1234 2281 est
1270 2242 1316 2280 ut
1346 2241 1434 2279 Liu.
1461 2240 1593 2279 XXVI
1620 2241 1659 2289 9,
1687 2241 1710 2278 9
1747 2236 1797 2278 ‘si

249 2313 329 2351 quo
366 2313 462 2340 usus
500 2313 644 2351 operae
683 2298 750 2341 sit'
787 2302 939 2340 XXVH
966 2303 1034 2352 28,
1062 2302 1086 2340 5
1134 2298 1184 2340 ‘si
1228 2315 1307 2352 quo
1351 2314 1472 2352 opera
1516 2313 1653 2339 eorum
1696 2313 1796 2351 opus

250 2358 366 2399 esset'
400 2361 589 2400 XXXVII
616 2362 684 2411 52,
711 2363 735 2400 6
771 2358 821 2400 ‘si
853 2375 931 2412 quo
963 2359 1105 2413 possit’
1139 2362 1208 2400 XL
1237 2363 1304 2411 26,
1333 2362 1357 2400 8
1394 2358 1444 2400 ‘si
1476 2373 1554 2411 quo
1586 2361 1678 2399 usui
1713 2372 1796 2400 esse

250 2420 293 2458 L.
315 2420 488 2460 Aemilio
510 2418 735 2472 ...posset'
756 2422 887 2460 XXXI
908 2423 945 2471 8,
969 2423 1019 2461 11
1056 2420 1191 2461 XLIH
1209 2423 1277 2471 12,
1299 2423 1335 2460 6.
1358 2422 1383 2460 8
1409 2421 1472 2460 IH
1492 2421 1561 2470 48,
1581 2422 1608 2459 4
1634 2420 1694 2460 IV
1716 2422 1754 2470 1,
1770 2420 1794 2459 5

250 2481 381 2519 XXXI
403 2483 469 2531 12,
490 2482 528 2520 4.
549 2503 607 2508 —
626 2480 834 2531 Appellere
856 2482 1099 2522 uocabulum
1118 2483 1324 2521 nauticum
1345 2476 1475 2536 (Caes.
1495 2481 1532 2520 b.
1554 2494 1584 2519 c.
1604 2481 1626 2519 I
1646 2481 1714 2531 26,
1732 2474 1797 2534 1);

251 2540 516 2591 supplendum
547 2542 628 2581 fere
664 2544 724 2582 est
759 2554 873 2581 muro
909 2544 1067 2588 uineas,
1105 2555 1207 2593 quae
1245 2554 1270 2581 a
1306 2543 1427 2593 poeta
1463 2542 1629 2580 nauium
1667 2542 1796 2580 instar

250 2601 457 2640 habentur.
519 2601 647 2641 Audis
684 2603 886 2642 hominem
924 2603 1131 2642 obsidendi
1168 2603 1267 2642 artis
1305 2603 1480 2653 peritum
1518 2614 1641 2652 quam
1677 2600 1795 2640 modo

251 2661 436 2712 Scipione
468 2661 566 2701 duce
601 2662 709 2713 apud
739 2663 1002 2703 Numantiam
1041 2663 1267 2702 edidicerat.
1330 2663 1512 2702 Primum
1547 2662 1608 2705 id,
1645 2661 1688 2700 id
1725 2674 1795 2712 po-

250 2722 462 2772 tissimum,
487 2733 605 2770 quam
622 2723 813 2773 primum,
839 2724 1036 2763 celeriter:
1071 2722 1180 2763 Caes.
1206 2723 1243 2762 b.
1264 2722 1366 2762 Gall.
1386 2723 1428 2762 H
1456 2723 1523 2772 12,
1545 2722 1569 2761 5
1598 2719 1797 2760 ‘celeriter

251 2782 378 2820 uineis
405 2782 457 2820 ad
482 2782 673 2832 oppidum
700 2784 811 2832 actis,
838 2796 983 2835 aggere
1007 2785 1126 2832 iacto,
1151 2783 1408 2834 turribusque
1438 2778 1683 2821 constitutis’
1705 2781 1741 2819 b.
1763 2794 1794 2821 c.

250 2841 292 2879 H
321 2842 387 2891 10,
416 2843 438 2879 7
474 2837 562 2880 ‘hoc
588 2855 687 2893 opus
714 2855 830 2882 omne
854 2845 1006 2883 tectum
1030 2844 1159 2883 uineis
1186 2843 1236 2882 ad
1261 2845 1391 2894 ipsam
1415 2843 1559 2882 turrim
1585 2841 1797 2893 perficiunt

252 2900 462 2951 subitoque
491 2931 498 2940 .
526 2932 533 2939 .
562 2932 568 2939 .
597 2902 647 2940 ad
677 2902 822 2941 turrim
852 2903 1029 2942 hostium
1062 2900 1290 2942 admouent'
1324 2903 1394 2942 ubi
1424 2902 1516 2941 uide
1544 2903 1795 2952 interpretes.

372 2955 484 3001 635.
515 2961 670 3001 Nonius
696 2975 733 3012 p.
763 2964 861 3011 272,
888 2963 942 3002 33
978 2960 1174 3012 ‘Constat‚
1205 2964 1457 3014 conpositum
1488 2963 1559 3001 est.
1615 2961 1795 3002 Lucilius

252 3020 319 3058 lib.
346 3020 478 3060 XXVI
509 3017 740 3072 “principio
771 3021 873 3062 fisici
894 3053 901 3061 .
924 3054 930 3061 .
953 3053 961 3061 .
982 3019 1181 3062 dicunt''.·'
1225 3023 1411 3062 Fortasse
1443 3023 1603 3061 saturae
1629 3022 1795 3062 alterius

251 3080 369 3120 huius
400 3076 495 3120 libri
526 3083 587 3121 est
617 3082 833 3121 exordium.
894 3082 1064 3123 Incohat
1093 3085 1213 3134 poeta
1244 3084 1558 3134 disputationem
1589 3082 1637 3126 de
1669 3083 1796 3124 homi-
