2060 3444
829 287 900 338 XV'
924 307 960 331 u.
988 293 1189 332 soe-510.
1702 288 1786 337 189

235 411 276 452 et
306 406 435 464 magis
466 408 640 450 dilucide
665 410 840 450 dixisset.
893 409 952 448 De
978 422 1080 460 equo
1106 409 1280 450 uiatorio
1306 409 1486 461 loquitur
1511 411 1642 460 poeta,
1674 410 1787 449 cuius

235 472 527 523 praestantiam
566 471 724 511 extollit
760 471 803 510 in
840 470 960 523 longo
999 471 1131 522 spatio
1168 469 1325 509 itineris
1363 469 1619 510 conficiendo.
1682 470 1788 509 Nam

235 531 284 571 de
314 532 470 571 itineris
502 532 622 583 longo
654 531 786 582 spatio
819 531 903 582 agi,
941 544 1020 570 non
1053 530 1101 569 de
1133 532 1238 571 circo
1271 532 1312 570 et
1342 530 1450 570 ludis
1482 529 1574 569 inde
1606 533 1788 581 apparet,

237 591 344 643 quod
375 592 485 630 mille
518 604 659 643 passus
690 593 964 630 memorantur
995 593 1036 630 et
1067 591 1145 630 duo
1177 591 1290 630 milia
1316 590 1460 642 quibus
1487 591 1590 629 alter
1615 591 1788 630 alterum

236 653 497 704 superauerit.
561 652 647 703 Ego
679 652 753 690 hoc
789 651 906 690 modo
945 652 1069 690 uerba
1106 653 1349 703 interpretor
1388 648 1508 690 ‘hunc
1546 664 1659 690 ecum
1699 663 1789 690 ecus

239 713 479 763 Campanus,
512 713 580 762 qui
612 712 679 751 uel
711 712 814 751 milli
846 724 1008 762 passum
1041 712 1105 751 uel
1138 711 1291 752 duobus
1322 712 1486 750 milibus
1518 712 1636 750 initio
1675 724 1790 762 supe-

237 774 352 822 rarit,
398 774 549 812 maiore
587 774 630 811 in
668 774 798 823 spatio
838 772 1011 822 itineris,
1056 785 1178 823 quam
1217 772 1294 812 duo
1333 774 1426 812 sunt
1463 772 1577 811 milia
1613 784 1790 823 passum,

237 834 348 873 nullo
379 835 497 884 pacto
529 834 680 884 poterit
714 834 826 883 sequi
864 845 910 872 ac
948 833 1129 873 diuersus
1167 832 1371 872 uidebitur
1407 833 1484 883 ire,
1521 832 1564 871 id
1602 834 1662 873 est
1698 833 1790 883 plus

239 907 360 944 quam
391 891 626 933 remanere’.
687 893 830 944 Itaque
861 894 972 932 mille
1004 906 1167 944 passum
1200 895 1320 944 atque
1359 894 1438 932 duo
1476 893 1590 932 milia
1627 905 1790 943 passum

237 953 279 993 id
311 955 488 1005 spatium
518 954 711 1004 indicant,
743 953 848 1004 quod
880 955 971 993 uiae
1002 955 1252 1005 praeceperit
1284 953 1514 1005 Campanus
1546 953 1627 1004 ille,
1663 954 1790 1003 prius-

239 1027 359 1065 quam
390 1015 455 1053 hic
487 1027 576 1054 ecus
607 1014 777 1065 incipiat
808 1014 1013 1066 progredi:
1052 1015 1132 1054 alio
1164 1014 1282 1053 modo
1315 1017 1429 1063 atque
1460 1014 1662 1065 particula
1693 1014 1791 1053 bene

238 1075 422 1127 intellegi
454 1076 603 1126 nequit.
656 1075 753 1114 507.
786 1075 921 1113 nullus
951 1078 1149 1124 sequetur,
1181 1088 1259 1114 non
1293 1077 1498 1125 sequetur,
1537 1075 1700 1113 minime
1732 1087 1791 1113 se-

241 1137 387 1186 quetur
417 1136 464 1174 ut
494 1148 612 1186 saepe
643 1134 813 1174 Plautus
845 1136 979 1174 nullus
1010 1136 1125 1174 uenit
1155 1130 1276 1189 (Rud.
1306 1130 1423 1190 143).
1455 1157 1505 1161 —
1537 1135 1635 1175 508.
1662 1135 1791 1174 diuer-

239 1208 305 1235 sus
337 1195 540 1234 uidebitur
565 1191 642 1247 ire]
667 1195 801 1234 Plaut.
827 1194 968 1235 Pseud.
995 1196 1079 1235 955
1110 1192 1171 1234 ‘ut
1196 1202 1448 1236 transuersus
1474 1208 1552 1234 non
1580 1207 1792 1246 prouersus
1816 1230 1820 1233 .

240 1255 346 1295 cedit
377 1256 493 1306 quasi
524 1269 665 1295 cancer
697 1253 827 1305 solet’,
867 1255 1046 1296 diuersus
1078 1257 1205 1308 igitur
1236 1256 1340 1295 idem
1373 1258 1494 1306 atque
1532 1257 1791 1295 retroue-rsus.

242 1316 403 1356 Sallust.
438 1316 523 1368 lug.
554 1317 621 1365 25,
650 1317 673 1355 6
728 1313 853 1355 ‘metu
903 1318 1024 1366 atque
1080 1316 1246 1356 libidine
1301 1317 1484 1356 diuorsus
1542 1314 1790 1368 agitabatur-²

241 1377 327 1415 Liu.
355 1376 486 1415 XXVI
513 1378 551 1426 5,
581 1379 616 1416 1.
679 1376 739 1415 De
771 1377 1032 1427 Hispaniensi
1063 1390 1164 1428 equo
1198 1377 1262 1429 agi
1296 1377 1504 1428 probabile
1537 1379 1598 1416 est
1630 1379 1794 1428 propter

240 1437 342 1536 3111ss
400 1436 630 1486 Campanus
679 1438 837 1487 sonipes
887 1450 1111 1477 succussor:
1167 1438 1258 1476 uide
1310 1438 1361 1477 ad
1404 1438 1473 1478 lib.
1501 1437 1600 1475 VIII
1632 1451 1670 1476 u.
1706 1438 1790 1475 313

364 1511 402 1535 u.
429 1498 526 1537 476.

364 1551 475 1597 509.
520 1556 672 1596 Gellius
698 1556 852 1607 IV‘17,
879 1559 904 1596 3
946 1555 1063 1597 ‘Item
1089 1558 1163 1596 XV
1215 1555 1396 1598 “subicit
1436 1588 1444 1597 .
1480 1588 1487 1596 .
1523 1589 1530 1596 .
1569 1558 1794 1597 suffercitus

243 1614 549 1668 posteriorem'',
581 1617 727 1657 subicit
758 1631 784 1656 u
815 1618 952 1657 littera
984 1619 1106 1670 longa
1131 1615 1297 1670 legunt'.
1350 1618 1540 1657 Subiecta
1566 1620 1606 1657 et
1630 1618 1794 1657 humilis

246 1673 375 1730 [Seu]
402 1675 542 1716 Octau.
573 1679 668 1717 196.
719 1678 799 1729 Agi
831 1678 879 1716 de
912 1690 1027 1717 seruo
1054 1681 1125 1729 qui
1150 1678 1411 1729 posteriorem
1437 1679 1613 1730 corporis
1639 1680 1795 1729 partem

245 1737 296 1776 ad
330 1750 499 1788 poenam
538 1738 677 1777 suffert
714 1738 874 1777 domino
911 1740 1044 1777 minus
1082 1738 1288 1790 probabile
1327 1739 1505 1793 uidetur7
1543 1739 1640 1790 quia
1676 1739 1795 1778 homo

245 1798 339 1838 talis
371 1811 451 1837 non
483 1799 585 1838 citus
617 1800 775 1851 tergum
808 1799 946 1838 suffert
982 1799 1229 1839 uerberibus:
1267 1801 1372 1839 recte
1411 1800 1517 1838 enim
1549 1799 1623 1838 Lio
1662 1800 1797 1850 posuit

244 1860 383 1908 suffert
412 1859 510 1898 citus
541 1871 614 1910 pro
645 1860 868 1908 suffercitus
899 1859 1006 1910 quod
1037 1873 1117 1912 non
1148 1860 1345 1911 explicare
1371 1873 1580 1911 possumus
1607 1859 1796 1911 analogia

246 1911 414 1958 formae'
436 1921 665 1968 emperyitus.
727 1919 787 1959 De
824 1921 990 1970 sufferre
1030 1920 1225 1960 uocabulo
1265 1921 1361 1960 conf
1388 1920 1522 1959 Plaut.
1551 1919 1680 1960 Oasin.
1710 1920 1795 1960 948

247 1976 530 2029 ‘sufferamque
561 1979 597 2018 ei
628 1992 762 2018 meum
792 1981 951 2032 tergum
989 1981 1039 2019 ob
1078 1978 1282 2020 iniuriam'
1317 1980 1436 2025 Poen,
1465 1981 1550 2020 855
1592 1977 1652 2020 ‘ut
1691 1980 1794 2018 enim

246 2040 316 2078 ubi
346 2040 445 2078 mihi
482 2040 759 2091 uapulandum
797 2041 869 2090 sit,
906 2042 952 2079 tu
989 2043 1141 2080 corium
1178 2038 1371 2081 sufferas'.
1435 2041 1606 2079 Videtur
1645 2042 1713 2092 agi
1749 2039 1797 2079 de

247 2113 349 2150 equo
381 2096 584 2148 ὀκλάζοντι
615 2100 834 2151 Hispanico
867 2100 915 2140 de
953 2114 1032 2152 quo
1066 2101 1196 2141 Strab.
1222 2101 1284 2140 ΙΠ
1309 2115 1346 2152 p.
1378 2102 1460 2141 163
1501 2098 1796 2154 δεδιδαγμένων

247 2159 381 2199 ἵππων
431 2156 648 2213 ὀρειβατεῖν
697 2159 763 2200 καὶ
811 2161 1122 2209 κατοκλάζεσθαι
1172 2161 1319 2217 ῥᾳδίως
1368 2159 1447 2201 ἀπὸ
1497 2160 1797 2215 προστάγματος

247 2215 470 2274 (Plutarch.
496 2221 653 2272 coniug.
679 2234 808 2271 praec.
834 2235 872 2272 p.
896 2222 979 2261 139
995 2216 1066 2276 B):
1095 2219 1200 2261 ‘ecus
1226 2223 1337 2262 iussu
1363 2222 1516 2262 domini
1542 2234 1626 2261 sese
1652 2221 1799 2260 subicit

247 2280 340 2319 huic
371 2280 563 2319 humilem
594 2283 635 2320 et
666 2281 803 2320 suffert
833 2282 935 2321 citus
966 2283 1228 2333 posteriorem
1264 2282 1440 2333 corporis
1477 2283 1634 2332 partem
1672 2294 1793 2332 eques

249 2343 296 2379 ut
326 2337 543 2380 ascendat'.

371 2395 483 2441 510.
515 2401 672 2442 Nonius
697 2415 735 2453 p.
764 2402 863 2452 490,
890 2403 944 2442 23
987 2399 1241 2442 ‘Holerorum
1285 2415 1356 2454 pro
1400 2402 1581 2442 holerum
1618 2401 1796 2441 Lucilius

250 2462 477 2511 satyrarum
502 2460 570 2500 lib.
595 2461 670 2500 XV
698 2459 1046 2502 “tintinnabulum
1067 2495 1074 2503 .
1098 2495 1105 2502 .
1127 2493 1135 2502 .
1155 2459 1444 2503 holerorum’'.'
1494 2461 1798 2501 Tintinabulum

250 2521 290 2559 L
313 2533 364 2559 m.
393 2523 417 2560 1
445 2523 486 2560 et
514 2520 570 2560 G:
601 2522 696 2561 conf
722 2522 904 2563 Hauetus
937 2523 988 2562 ad
1020 2523 1186 2563 Phaedr.
1212 2523 1255 2562 Π
1283 2524 1320 2572 7,
1347 2523 1385 2562 5.
1446 2522 1650 2572 Surpiculi
1681 2535 1798 2561 uoca-

251 2580 392 2620 bulum
422 2581 634 2632 pluraliter
664 2582 811 2633 ubique
843 2584 1008 2634 ponitur
1038 2586 1198 2634 praeter
1223 2582 1376 2623 colum.
1402 2582 1437 2621 X
1465 2583 1550 2622 305
1579 2577 1667 2637 (ubi
1692 2584 1798 2621 recte

253 2640 354 2680 codd
383 2637 646 2696 surpiculwm)
685 2643 781 2692 quia
819 2643 897 2683 duo
937 2643 1068 2683 solent
1103 2657 1184 2684 uno
1221 2645 1317 2696 iugo
1356 2643 1551 2683 contineri
1589 2643 1799 2694 sui-piculi:

252 2700 368 2739 Varr.
393 2714 468 2740 rer.
493 2704 589 2741 rust.
615 2702 658 2741 Π
685 2704 723 2752 2,
752 2704 806 2742 10
837 2700 943 2742 ‘cum
967 2702 1073 2742 inter
1097 2705 1195 2744 haec
1219 2704 1315 2743 bina
1341 2704 1441 2754 loca,
1473 2705 1519 2742 ut
1542 2704 1683 2755 iugum
1709 2715 1799 2742 con-

253 2761 356 2799 tinet
387 2761 608 2811 sirpiculos‚
638 2762 695 2801 sic
727 2763 848 2802 calles
879 2763 1063 2814 publicae
1095 2764 1289 2804 distantes
1314 2760 1545 2814 pastiones'.
1596 2763 1799 2813 Sur-piculi

255 2819 403 2859 Graece
434 2820 621 2860 dicuntur
646 2822 835 2875 σπυρίδες
866 2835 967 2872 quae
998 2825 1094 2875 iugo
1125 2824 1232 2875 quod
1266 2821 1404 2863 ἅσιλλα
1442 2823 1672 2874 appellatur
1710 2835 1799 2873 por-

254 2881 412 2919 tantur:
449 2880 626 2932 Alciphr.
653 2881 673 2919 I
701 2884 739 2931 1,
766 2883 792 2920 4
824 2880 982 2923 narrat.¹
997 2884 1191 2933 piscator:
1229 2882 1355 2930 εὐθὺς
1392 2876 1467 2922 οὖν
1504 2879 1663 2937 ὄψῷναι
1700 2884 1799 2933 πλη-

256 2939 365 2992 σίον,
407 2938 474 2979 καὶ
514 2938 583 2987 τὰς
622 2938 782 2989 ἀσίλλας
820 2940 1021 2994 ἐπωμίους
1064 2941 1293 2996 ἀνελόμενοι
1336 2941 1402 2981 καὶ
1444 2940 1513 2990 τὰς
1557 2940 1801 2995 ἑκατέρωθεν

257 2999 454 3054 σπυρίδας
497 2998 775 3053 ἐξαρτήσαντες
818 2996 956 3041 ἄστυδ’
1002 3000 1213 3056 ἠπείγοντο
1257 3002 1388 3042 Plaut.
1422 3001 1537 3052 capt.
1565 3003 1662 3043 813,
1699 2999 1800 3041 ‘tum

258 3061 472 3110 piscatores
511 3061 580 3112 qui
621 3061 813 3113 praebent
855 3063 1004 3114 populo
1047 3065 1175 3114 pisces
1218 3063 1388 3103 foetidos
1433 3063 1501 3113 qui
1546 3062 1802 3106 aduebuntur
