2060 3444
284 270 366 311 182
868 269 936 303 XV
962 281 995 304 u.
1024 273 1222 305 489—490.

279 383 363 420 sine
407 382 497 420 odio
543 382 694 430 omnia,
744 382 844 420 nihil
894 382 976 421 sine
1024 380 1172 421 dolore’
1216 383 1310 422 conf
1337 383 1435 422 XIII
1463 385 1536 433 21,
1564 385 1638 435 493
1669 385 1690 423 I
1717 387 1760 434 2,
1788 386 1811 424 6
1870 381 1871 384 “

280 439 395 479 ‘nihil
435 454 506 492 per
542 439 738 481 senatum'
779 436 924 495 (Tacit.
950 441 1045 493 Agr.
1075 437 1166 496 19);
1203 443 1410 493 inscriptio
1449 443 1640 484 Africana
1677 444 1812 483 Jahrb.

280 502 314 539 d.
342 501 445 539 arch.
472 501 568 540 Inst.
595 500 790 552 Anzeiger
814 501 930 539 XVII
964 503 1075 541 1902
1115 515 1153 552 p.
1176 503 1229 541 53
1265 503 1360 541 Rev.
1387 499 1554 542 archeol.
1582 503 1671 543 XLI
1700 506 1811 544 1902

278 574 315 610 p.
338 562 423 600 400
457 557 571 600 ‘Eros
605 562 737 599 omnia
768 574 839 611 per
870 558 944 600 te’:
975 561 1068 600 uide
1100 562 1150 600 ad
1180 562 1248 600 lib.
1269 562 1420 601 XXVII
1450 577 1487 602 u.
1511 565 1607 602 720.
1664 563 1814 603 Similis

278 621 403 671 igitur
435 619 633 660 Ciceronis
672 622 731 660 cst
769 622 965 660 sententia
1003 621 1049 659 de
1081 621 1143 661 off.
1170 622 1191 660 I
1219 623 1303 661 150
1337 619 1423 662 ‘nec
1461 624 1565 662 enim
1603 625 1815 674 quicquam

279 681 494 730 ingenuum
522 680 665 719 habere
690 682 823 731 potest
854 678 1041 720 officina’.
1102 680 1249 720 Seneca
1275 694 1336 732 ap.
1357 682 1538 722 Lactant.
1563 683 1688 722 instit.
1714 683 1756 722 II
1777 685 1815 732 2,

283 741 335 778 14
367 753 405 790 p.
430 741 509 779 101
539 740 703 780 Brandt.
762 737 988 779 ‘simulacra
1015 740 1175 780 deorum
1201 743 1452 792 uenerantur,
1482 742 1563 782 illis
1589 742 1816 794 supplicant

279 813 380 850 genu
413 800 563 850 posito,
602 800 674 838 illa
706 800 892 850 adorant,
931 800 1011 839 illis
1043 813 1113 850 per
1144 803 1273 840 totum
1305 801 1487 841 adsident
1518 802 1622 841 diem
1653 805 1724 841 aut
1749 802 1815 841 ad-

265 860 406 908 stant,
444 859 524 898 illis
563 860 707 910 stipem
739 860 908 909 iaciunt,
939 860 1124 899 uictimas
1156 861 1342 900 caedunt:
1385 864 1424 901 et
1455 875 1544 901 cum
1574 862 1671 901 haec
1700 863 1815 902 tanto

279 932 396 969 opere
429 920 659 970 suspiciant,
690 919 835 969 fabros,
868 920 936 970 qui
967 921 1038 958 illa
1069 921 1207 970 fecere,
1239 919 1523 961 contemnunt'.

399 973 510 1019 490.
543 979 695 1018 Nonius
720 993 757 1030 p.
781 980 879 1028 344,
906 981 960 1019 28
996 976 1146 1029 ‘Meret,
1175 980 1333 1020 militat.
1389 981 1565 1021 Lucilius
1591 983 1816 1032 satyrarum

279 1039 345 1076 lib.
374 1039 446 1076 XV
479 1035 605 1077 “dum
637 1040 750 1078 miles
781 1038 932 1078 Hibera
964 1041 1089 1079 terras
1121 1052 1167 1079 ac
1197 1044 1314 1079 meret
1345 1044 1448 1080 tersa
1480 1053 1524 1081 ea:
1555 1045 1677 1081 aetate
1703 1043 1817 1092 quasi

280 1095 466 1137 annos”.'
524 1099 686 1137 Falsum
719 1111 800 1138 esse
832 1099 939 1149 quod
962 1099 1176 1139 Muellerus
1209 1100 1345 1151 posuit
1375 1102 1492 1140 (mnis
1523 1101 1817 1141 demonstratur

279 1158 401 1196 titulo
441 1157 539 1196 CIL
565 1158 602 1196 V
629 1159 712 1197 938
754 1159 987 1198 Buecheleri
1025 1159 1153 1198 Carm.
1186 1159 1273 1198 Lat.
1307 1161 1429 1212 epigr.
1464 1162 1546 1200 372
1583 1155 1621 1215 (Ι
1651 1175 1688 1211 p.
1713 1156 1815 1215 174)

281 1215 425 1257 ‘Natus
470 1230 557 1256 sum
589 1230 742 1257 summa
778 1220 820 1256 in
857 1219 1063 1269 pauperie,
1100 1221 1226 1258 merui
1263 1222 1354 1270 post
1392 1221 1577 1260 classicus
1614 1221 1727 1260 miles
1766 1222 1816 1260 ad

278 1278 386 1316 latus
417 1277 590 1329 Augusti
622 1290 745 1317 annos
771 1280 999 1328 septemque
1030 1278 1242 1329 decemque
1274 1280 1385 1319 nullo
1413 1280 1516 1330 odio,
1547 1282 1630 1320 sine
1656 1280 1815 1330 offensa,

280 1337 420 1376 missus
466 1350 621 1387 quoque
663 1335 854 1377 honeste’.
919 1338 1041 1387 Quasi
1085 1339 1220 1378 eodem
1263 1340 1379 1378 modo
1423 1339 1597 1391 positum
1640 1342 1701 1379 est
1738 1353 1815 1390 quo

280 1394 373 1435 ὡσεί
389 1396 495 1447 apud
516 1396 702 1436 Graecos:
721 1398 897 1448 pertinet
916 1397 966 1436 ad
986 1412 1191 1437 numerum
1211 1399 1364 1438 XVIII:
1387 1399 1517 1439 Plaut.
1537 1399 1707 1440 Mostell.
1730 1401 1812 1439 622

281 1453 388 1495 ‘huic
427 1456 543 1495 debet
573 1456 821 1497 Philolaches
859 1457 1040 1497 Paulum.
1082 1461 1123 1503 11·-
1163 1458 1439 1504 Quantillum‘?
1478 1462 1520 1504 :2ss
1566 1458 1688 1505 Quasi
1721 1474 1814 1510 qua-

280 1516 468 1567 draginta
497 1517 625 1556 minas
658 1511 791 1569 (Gapt.
815 1512 900 1571 20).
964 1518 1120 1557 Terent.
1146 1518 1288 1557 Heaut.
1320 1519 1401 1557 145
1436 1516 1669 1558 ‘mercedem
1700 1521 1816 1570 quasi

279 1576 432 1614 talenta
463 1576 513 1614 ad
545 1576 769 1626 quindecim
801 1574 939 1628 coegi'.
997 1576 1094 1616 Cato
1127 1577 1174 1616 de
1207 1591 1286 1629 agr.
1314 1579 1405 1617 cult.
1436 1579 1532 1628 156,
1560 1580 1583 1617 3
1613 1576 1815 1630 ‘exurgeto

279 1648 416 1675 sucum
443 1637 557 1686 quasi
582 1637 782 1675 heminam
807 1637 849 1675 in
874 1637 1065 1687 pocillum
1090 1635 1238 1676 fictile'.
1290 1637 1465 1678 Scribon.
1486 1638 1602 1690 Larg.
1624 1652 1708 1689 cap.
1730 1640 1816 1678 230

281 1693 329 1735 ‘si
355 1697 485 1734 anatis
512 1696 717 1747 sanguinis
744 1696 857 1746 quasi
883 1696 984 1736 duae
1009 1697 1159 1748 ligulae
1186 1698 1396 1737 adiunctae
1421 1695 1598 1738 fuerint'.
1653 1698 1814 1738 Sallust.

279 1756 364 1807 Ing.
387 1757 455 1804 50,
476 1757 500 1794 3
524 1753 737 1806 ‘praesidio
765 1756 877 1806 quasi
904 1756 1024 1795 duum
1051 1757 1208 1796 milium
1227 1758 1405 1808 peditum
1426 1760 1600 1797 montem
1620 1755 1814 1809 occupat’.

283 1815 428 1854 Histor.
447 1815 505 1854 IV
534 1817 586 1854 16
620 1815 841 1855 Maurenbr.
883 1813 1013 1866 ‘quasi
1050 1830 1124 1867 par
1159 1818 1200 1855 in
1233 1817 1379 1868 oppido
1411 1815 1642 1857 festinatio’.
1704 1818 1762 1857 IV
1790 1819 1813 1857 3

283 1872 478 1914 ‘demissis
510 1877 666 1925 partem
699 1876 815 1925 quasi
846 1876 1008 1914 tertiam
1039 1874 1264 1916 antemnis'.
1321 1877 1591 1928 Postpositum
1617 1879 1677 1916 est
1701 1879 1815 1928 quasi

279 1935 320 1972 in
352 1933 497 1972 Lucilii
528 1947 644 1973 uersu
676 1935 780 1973 sicut
812 1935 918 1986 apud
951 1934 1111 1975 Sallust.
1137 1936 1221 1987 Iug.
1251 1937 1323 1984 48,
1352 1938 1376 1975 3
1412 1934 1495 1976 ‘sed
1533 1951 1578 1976 ex
1610 1950 1654 1976 eo
1686 1937 1814 1976 medio

281 1995 394 2043 quasi
432 1994 544 2032 collis
583 1991 813 2032 oriebatur'.
882 1994 1030 2033 Histor.
1061 1995 1082 2033 I
1117 1996 1197 2034 126
1237 1996 1459 2034 Maurenbr.
1500 1993 1713 2037 ‘Sertorius

278 2066 350 2102 per
394 2054 575 2092 calonum
614 2066 780 2103 corpora
817 2053 868 2092 ad
903 2054 1077 2092 medium
1116 2055 1248 2104 quasi,
1292 2055 1382 2094 dein
1421 2069 1538 2106 super
1569 2056 1814 2095 adstantium

279 2113 461 2151 manibus
481 2113 522 2150 in
542 2126 699 2151 murum
720 2110 947 2152 attollitur'.
998 2114 1174 2164 Xenoph.
1188 2114 1343 2154 Hellen.
1364 2115 1384 2153 I
1406 2117 1444 2164 2,
1466 2117 1488 2155 9
1508 2113 1814 2163 ἀποκτείναντες

280 2170 319 2219 ἐξ
363 2171 493 2211 αὐτῶν
538 2170 627 2211 ὡσεὶ
670 2171 809 2211 ἑκατόν
846 2173 887 2211 II
914 2174 958 2222 4,
986 2174 1039 2212 25
1080 2173 1210 2221 ἱππεῖς
1242 2172 1345 2213 ,ὡσεὶ
1385 2172 1657 2226 ἑβδομήκοντα
1701 2176 1812 2214 alias.

280 2231 376 2270 Inde
408 2234 577 2282 apparet
601 2231 900 2271 Lachmannum
930 2235 1035 2272 recte
1059 2235 1237 2284 posuisse
1262 2234 1491 2285 genetiuum
1516 2236 1645 2274 actati’
1677 2229 1814 2285 (sicuti

280 2291 491 2330 nobilitatis
527 2292 729 2342 posuimus
767 2292 951 2332 similiter
988 2292 1054 2331 lib.
1081 2293 1139 2331 VI
1163 2307 1200 2331 u.
1223 2295 1306 2333 259
1346 2294 1413 2332 ubi
1457 2294 1556 2333 codd
1598 2289 1812 2348 nobilitate)

280 2351 349 2400 qui
386 2353 584 2401 pertineat
623 2351 671 2389 ad
710 2364 844 2390 annos.
907 2352 1046 2402 Neque
1082 2353 1124 2391 in
1155 2353 1314 2392 exordio
1348 2366 1482 2393 uersus
1514 2367 1538 2392 a
1569 2353 1815 2393 Lachmanni

280 2411 477 2460 scriptura
507 2410 784 2450 discedendum
815 2412 987 2451 arbitror
1019 2413 1088 2462 qui
1118 2415 1223 2452 recte
1258 2416 1398 2452 terrast
1434 2413 1502 2451 ubi
1540 2413 1640 2452 codd
1672 2417 1813 2465 terras:

281 2470 386 2519 quod
423 2471 528 2508 idem
566 2471 725 2522 scripsit
761 2474 873 2520 atquc
910 2485 982 2522 pro
1020 2484 1082 2522 ac,
1120 2485 1192 2524 ego
1229 2473 1290 2512 hic
1325 2473 1491 2512 inserui:
1534 2473 1629 2512 conf
1661 2473 1727 2512 lib.
1757 2474 1814 2512 XI

280 2543 316 2567 u.
339 2531 436 2568 405.
498 2530 557 2568 De
595 2531 883 2581 stipendiorum
920 2545 1081 2570 numero
1118 2531 1244 2571 tradit
1274 2532 1464 2583 Polybius
1504 2532 1591 2571 loco
1629 2535 1814 2584 corrupto

279 2589 337 2627 VI
365 2592 432 2638 19,
460 2592 502 2628 2·
546 2603 647 2628 anno
688 2586 886 2642 614s140
917 2591 968 2644 τῷ
996 2605 1033 2630 τε
1067 2591 1271 2664 Πομπηίῳ
1310 2591 1527 2644 σύμβουλοι
1558 2598 1741 2644 παρῆσαν
1771 2591 1815 2631 ἐκ

273 2643 424 2699 Ῥώμης
455 2647 521 2687 καὶ
552 2652 633 2696 τοῖς
665 2648 913 2701 στρατιώταις
945 2646 1008 2702 (ἐξ
1034 2649 1108 2704 γὰρ
1133 2649 1199 2702 ἔτη
1225 2650 1451 2702 διεληλύθει
1475 2645 1813 2704 στρατευομένοις)

226 2743 232 2747 ,
282 2707 457 2760 διάδοχοι
495 2708 809 2761 νεοκατάγραφοί
842 2723 880 2748 τε
918 2708 984 2748 καὶ
1020 2708 1075 2749 ἔτι
1111 2707 1352 2763 ἀγύμναστοι
1392 2705 1582 2764 (Appian.
1608 2711 1709 2750 Iber
1740 2712 1812 2750 78:

279 2766 512 2807 Mommseni
538 2768 802 2818 Marquardtii
829 2769 1017 2809 enchirid.
1039 2771 1190 2820 antiqu.
1210 2770 1322 2809 Rom.
1342 2770 1380 2808 V
1407 2766 1561 2823 [1884]
1580 2784 1619 2821 p.
1641 2772 1738 2821 381,
1755 2765 1811 2824 2).

226 2850 230 2854 -
279 2826 420 2877 Itaque
463 2828 610 2866 milites
648 2841 713 2867 sex
751 2841 874 2867 annos
912 2830 981 2879 qui
1017 2832 1244 2868 meruerant
1281 2830 1473 2869 exercitus
1511 2831 1604 2869 sunt
1641 2830 1812 2869 consulis

279 2886 394 2924 Fabii
431 2886 647 2926 Aemiliani
685 2889 780 2926 anni
821 2884 1017 2939 609s145
1057 2884 1247 2942 (Appian.
1274 2890 1298 2927 l.
1321 2902 1349 2928 s.
1372 2884 1458 2942 65).
1525 2890 1705 2940 Denique
1743 2890 1813 2939 qui

279 2944 353 2983 hoc
402 2946 487 2984 loco
537 2949 779 2985 memoratur
827 2948 941 2987 miles
990 2950 1179 2987 meruisse
1227 2949 1388 2987 uidetur
1439 2949 1532 2987 inde
1581 2963 1604 2987 a
1653 2949 1812 2988 consule

283 3003 322 3041 C.
349 3004 493 3043 Fuluio
520 3006 724 3044 Nobiliore
749 3019 852 3045 anno
880 3008 961 3045 601
968 3002 987 3058 s
993 3008 1075 3045 153
1105 3002 1294 3060 (Appian.
1315 3009 1340 3045 l.
1361 3021 1389 3046 s.
1412 3009 1466 3046 44
1487 3008 1573 3046 Liu.
1594 3009 1734 3059 fragm.
1757 3010 1808 3046 12
