2060 3444
595 263 984 298 SUPPLEMENTUM
1011 261 1195 296 CAPITIS
1221 261 1287 295 DE
1314 260 1481 294 NONIO.
1756 256 1806 292 lx

258 379 474 420 scholiasta
504 375 675 429 Vergilii
714 369 942 429 adfertur.¹)
1006 375 1093 415 Iam
1131 373 1323 413 librorum
1363 372 1554 412 I—XXV
1588 372 1628 410 in
1667 371 1806 411 tabula

257 450 523 491 proponemus
555 449 693 476 uersus
726 437 818 475 illos
851 436 919 486 qui
957 435 1193 475 adferuntur
1231 433 1336 485 apud
1369 433 1543 472 Nonium
1577 432 1806 484 praeposito

257 499 378 540 titulo
410 498 476 538 uel
506 497 690 537 Lucilius
720 496 788 536 uel
819 496 1002 536 Lucilius
1034 495 1096 534 lib.
1119 495 1148 533 I
1175 507 1206 534 e.
1229 507 1265 545 q.
1286 507 1314 534 s.
1373 493 1416 532 Si
1441 506 1581 532 reuera
1607 492 1659 532 ad
1684 506 1807 531 unum

259 571 394 600 omnes
431 558 576 611 dignae
614 558 710 597 sunt
747 557 901 608 glossae
940 556 1296 608 grammaticorum
1335 554 1535 605 acumine,
1581 555 1663 592 stat
1704 552 1807 592 ratio

259 621 415 660 nostra:
447 619 506 659 sin
539 618 683 667 minus,
715 618 876 656 corruit.
938 616 1008 656 Eis
1039 616 1156 665 locis,
1191 626 1289 665 quos
1322 627 1343 653 e
1375 615 1638 666 grammatico
1671 613 1808 664 aliquo

260 682 440 731 sumptos
473 691 556 719 esse
588 677 775 718 credibile
807 679 869 717 est
898 676 1004 726 inde,
1036 675 1143 727 quod
1175 675 1303 713 eidem
1336 674 1443 725 apud
1475 674 1575 713 alios
1610 686 1808 725 gramma-

259 740 360 781 ticos
405 733 560 794 extants,
604 738 784 778 stellulas
822 737 920 777 duas
958 736 1204 776 addidimus:
1249 748 1369 774 unam
1410 735 1713 785 praeposuimus
1753 734 1809 772 eis

260 800 369 851 locis,
402 799 545 851 quibus
572 797 752 839 adiuncti
778 799 872 838 sunt
897 798 975 837 loci
1001 810 1137 836 eorum
1165 795 1405 847 scriptorum
1430 796 1807 846 scripturarumque,

262 874 362 911 quas
399 860 532 900 Nonio
570 860 732 911 praesto
769 871 847 898 non
890 858 1013 897 fuisse
1031 851 1033 854 ¹
1054 858 1205 896 certum
1244 857 1304 895 est
1344 856 1482 906 quales
1521 856 1614 894 sunt
1650 853 1809 893 fabulae

261 920 395 960 Plauti
429 933 530 971 quae
562 920 766 971 perierunt
790 918 983 958 Laberius
1012 917 1113 957 Atta
1139 916 1239 956 Cato
1265 915 1439 955 Laeuius
1466 915 1547 954 alii.
1604 914 1810 954 Accedunt

261 981 343 1020 alia
374 981 621 1032 argumenta,
653 992 757 1030 quae
788 980 884 1019 item
918 977 1223 1030 grammaticmn
1255 976 1431 1027 prodant
1461 976 1677 1024 auctorem,
1709 987 1811 1025 quae

262 1055 352 1081 cum
384 1041 547 1081 stellula
578 1040 746 1092 singulis
772 1039 870 1079 locis
896 1039 1177 1079 adnotauimus
1206 1037 1462 1089 singillatim:
1495 1035 1622 1075 ueluti
1649 1036 1682 1074 si
1709 1047 1809 1086 quae

261 1115 339 1141 uox
371 1102 431 1141 est
463 1103 533 1141 aut
563 1099 666 1148 ἅπαξ
698 1097 907 1154 εἰρημένον
940 1100 1011 1138 aut
1041 1099 1123 1138 fere
1154 1096 1258 1146 ἅπαξ
1291 1094 1498 1150 εἰρημένον
1528 1096 1592 1134 1101
1618 1095 1812 1135 memoria

262 1162 484 1212 scripturae
515 1161 598 1201 eius
632 1173 734 1211 quae
765 1173 845 1199 una
878 1159 1059 1199 adfertur
1090 1158 1174 1198 solo
1206 1158 1314 1196 illius
1346 1157 1424 1196 loci
1455 1157 1634 1196 Noniani
1667 1156 1813 1195 nititur

262 1221 502 1262 testimonio.
575 1221 786 1261 Lemmata
829 1220 1001 1270 denique
1048 1232 1094 1258 ex
1144 1218 1282 1258 ordine
1333 1218 1522 1257 continuo
1573 1216 1812 1267 scriptorum

263 1295 362 1334 quos
387 1282 552 1322 adhibet
577 1282 734 1321 Nonius
759 1283 921 1332 sumpta
946 1279 1162 1333 pinguibus
1189 1278 1386 1332 signanda
1406 1277 1634 1318 curauimus
1653 1275 1811 1316 litteris.

267 1360 436 1408 '.Merceri

310 1420 398 1456 pag·
551 1384 691 1421 lemma

300 1471 400 1502 capu

285 1525 352 1575 17,
375 1523 427 1562 15
483 1518 527 1577 1)
561 1522 584 1546 ‘⁴¹⁵
602 1524 765 1563 mando-
805 1520 829 1562 ‘.
847 1554 877 1562 ..
905 1523 1083 1563 Lucilius
1099 1517 1226 1577 (946)
1244 1519 1398 1573 “atque
1418 1535 1554 1561 omnes
1567 1522 1813 1562 mandonum

559 1597 629 1623 nes
864 1579 1026 1635 gulae’'.
1075 1586 1220 1623 Varro
1246 1585 1455 1622 Bimarco
1483 1615 1490 1624 .
1514 1613 1520 1620 .
1543 1579 1566 1621 .'
1612 1583 1685 1622 Est
1709 1582 1813 1631 ἅπαξ

864 1641 1091 1696 εἰρημένους
1118 1657 1138 1682 0
1163 1642 1318 1682 Lucilio
1344 1642 1565 1686 Varronem
1601 1644 1813 1694 sumpsisse

863 1703 1072 1756 legebatur
1105 1704 1147 1742 in
1180 1704 1485 1744 commentario:
1516 1703 1609 1742 uide
1644 1705 1710 1743 19.
1745 1705 1812 1742 41.

867 1765 903 1804 5.
941 1765 1007 1803 13.
1042 1764 1108 1802 38.
1145 1765 1211 1802 39.

285 1826 354 1873 37,
378 1826 429 1862 14
484 1819 529 1877 2)
562 1824 733 1864 *mono-
806 1821 830 1863 ⁶.
852 1854 860 1862 .
883 1855 889 1862 .
917 1824 1095 1863 Lucilius
1128 1824 1196 1863 lib.
1215 1824 1257 1862 Π
1283 1818 1379 1878 (59)
1415 1821 1514 1862 “uix
1547 1825 1641 1863 uiuo
1661 1824 1814 1863 homini

560 1885 731 1937 grammi
865 1897 911 1924 ac
936 1881 1281 1936 monogrammo”.
1319 1884 1374 1923 Et
1397 1887 1576 1923 XXVII
1596 1879 1723 1938 (725)
1741 1917 1746 1924 .
1765 1915 1771 1922 .
1789 1881 1812 1922 .'

865 1944 939 1984 Est
963 1944 1045 1983 fere
1070 1943 1174 1991 ἅπαξ
1200 1941 1420 1996 εἰρημένον,
1454 1958 1474 1983 0
1498 1944 1658 1987 Lucilio>
1678 1944 1813 1984 Cicero

866 2005 1053 2056 sumpsit,
1103 2005 1384 2055 interpretatio
1425 2004 1546 2044 Nonii
1588 2008 1752 2055 sumpta·
1794 2019 1814 2044 0

865 2063 1149 2105 commentario
1206 2064 1352 2104 Lucilii
1409 2067 1469 2104 est
1519 2067 1559 2104 et
1608 2065 1725 2104 docta
1775 2067 1815 2104 et

567 2176 570 2178 q
866 2125 1045 2178 egregia:
1076 2125 1170 2165 uide
1203 2126 1240 2164 3.
1276 2126 1341 2164 73.

286 2186 354 2234 38,
376 2186 429 2229 26
484 2179 528 2238 3)
562 2185 779 2236 *expirare
807 2183 830 2224 ‘.
853 2215 860 2223 .
884 2217 890 2223 .
917 2185 1095 2225 Lucilius
1127 2185 1196 2224 lib.
1215 2185 1277 2224 III
1305 2180 1431 2239 (106)
1466 2182 1813 2236 “exspiransvani-

865 2259 971 2285 mam
1013 2246 1268 2296 pulmonibus
1300 2259 1420 2298 aeger
1452 2242 1640 2298 agebat”.
1703 2245 1811 2284 Idem

865 2309 1020 2345 XXVI
1039 2300 1166 2359 (645)
1190 2303 1260 2345 ...’
1290 2306 1321 2344 E
1350 2307 1612 2357 grammatico
1633 2306 1815 2356 sumpsit,

866 2379 959 2406 nam
988 2367 1031 2405 in
1050 2365 1199 2405 Lucilii
1217 2365 1320 2405 libro
1341 2379 1420 2417 quo
1440 2366 1572 2405 utitur
1590 2380 1627 2417 p.
1644 2367 1743 2416 279,
1761 2367 1812 2404 18

868 2428 956 2466 erat
987 2426 1148 2466 exalans
1181 2425 1355 2466 animam
1389 2439 1419 2465 0.
1442 2440 1477 2476 q.
1498 2439 1546 2465 s.:
1578 2426 1670 2465 uide
1705 2428 1740 2464 2.

287 2485 356 2535 43,
379 2487 431 2524 15
485 2481 529 2540 4)
563 2499 687 2526 uerna
809 2483 1414 2536 ‘...PlaumsAmphitryone
1429 2481 1554 2540 (179)
1573 2486 1814 2526 ...Lucilius

869 2542 910 2600 (1
921 2542 1025 2600 321)
1042 2543 1239 2586 “uernam
1254 2559 1300 2586 ac
1317 2543 1661 2596 cercopithecon”.
1695 2546 1815 2586 Plau-

867 2609 932 2646 tus
964 2607 1032 2658 qui
1062 2619 1183 2657 supra
1214 2601 1380 2660 (Amph.
1409 2601 1573 2660 1033).
1597 2638 1602 2645 .
1625 2603 1649 2644 .'
1714 2605 1814 2645 Con-

867 2668 1015 2706 uicium
1051 2668 1112 2707 est
1142 2679 1266 2705 uerna
1296 2679 1386 2706 raro
1420 2666 1656 2715 adhibitum,
1693 2667 1814 2705 inter-

867 2728 1040 2777 pretatio
1083 2726 1205 2766 Nonii
1250 2726 1383 2766 docta:
1432 2726 1579 2765 Lucilii
1623 2726 1745 2765 uerba
1795 2740 1815 2765 e

868 2788 1152 2826 commentario
1196 2786 1331 2825 Plauti
1374 2787 1562 2837 sumpsit:
1609 2786 1701 2825 uide
1747 2787 1814 2826 50.

870 2847 937 2886 66.
974 2848 1040 2886 70.
1076 2848 1142 2886 78.

392 2938 426 2981 1)
452 2936 569 2973 Locos
596 2931 722 2973 omnes
748 2949 907 2983 quorum
934 2936 1076 2973 similes
1100 2937 1205 2983 ,apud
1231 2937 1326 2972 alios
1352 2937 1620 2981 grammaticos
1644 2939 1774 2973 extant
1795 2949 1815 2974 0

270 2983 396 3068 Νοὲιὲἓ
414 2983 569 3030 collegit
582 2984 697 3020 Oscar
711 2984 879 3021 Froehde
899 2987 1097 3023 comment.
1119 2985 1159 3032 in
1179 2985 1263 3023 hon.
1282 2986 1322 3023 A.
1339 2981 1582 3025 Wilmaunsii
1605 2986 1704 3035 Lips.
1724 2990 1814 3023 1903

270 3043 306 3079 p.
412 3043 514 3081 seqq.
