2060 3444
818 303 853 340 V
875 316 913 342 u.
941 307 1141 341 191—193.
1691 302 1745 346 81

197 420 375 474 potuisse
405 420 567 472 poetam
602 420 642 460 et
671 420 737 459 hic
770 421 811 459 et
839 419 908 460 lib.
928 419 1004 459 XV
1035 433 1071 459 u.
1094 419 1181 459 494
1213 431 1293 458 11011
1324 418 1442 458 uideo
1476 431 1601 470 quare
1628 431 1747 471 nege-

196 483 282 522 tur:
324 482 368 521 in
404 493 477 532 pro
515 481 600 520 isne
636 483 744 521 recte
775 480 953 520 Palatini
989 479 1120 520 Plaut.
1147 479 1310 519 Mercat.
1339 480 1442 519 598:
1480 480 1681 519 scaenicos
1712 481 1748 518 is

197 542 435 593 corripuisse
471 541 637 592 probari
673 542 814 592 nequit
850 541 930 581 nisi
968 540 1075 592 quod
1116 540 1308 589 isquidem
1353 541 1617 591 anapaestum
1655 552 1747 578 con—

196 603 372 642 stituunt
415 601 517 641 editt
553 601 683 641 Plaut.
710 602 816 641 Pers.
845 602 942 641 179.
1009 601 1057 640 In
1100 600 1249 640 litteris
1286 602 1463 639 smmum
1498 611 1605 639 mmo
1640 602 1747 640 recte

198 664 369 715 agnorat
402 661 614 713 Gorpetus:
646 662 718 707 sed
743 662 978 701 Muellerus:
1010 660 1102 700 uide
1135 660 1187 700 ad
1216 661 1355 700 incert.
1381 674 1419 699 u.
1443 661 1570 699 1228.

320 716 431 762 193.
460 721 663 762 Charisius
685 721 754 761 GL
776 722 797 761 Ι
821 736 859 774 p.
882 723 980 772 100,
1002 721 1056 761 26
1071 720 1109 760 Κ
1135 717 1287 760 ‘Intiba
1311 722 1454 760 neutro
1480 733 1624 773 genere
1649 719 1747 759 Ver-

197 782 319 835 gilius
345 777 499 837 (georg.
519 782 540 821 1
568 776 673 836 120)
699 782 812 832 dixit,
847 779 922 822 “et
947 782 1095 821 amaris
1126 780 1258 821 intiba
1282 777 1439 831 fibris'',
1472 782 1514 820 et
1547 782 1604 820 sic
1628 780 1748 820 multi

197 842 457 883 eruditorum.
529 843 598 883 sed
648 844 689 883 et
736 843 956 883 masculino
1006 854 1150 894 genere
1199 842 1432 893 frequenter
1481 854 1505 881 a
1545 840 1748 880 ueteribus

198 903 351 943 dictum
400 905 480 943 est:
528 916 623 943 nam
666 903 845 943 Lucilius
894 904 937 942 in
980 902 1018 939 V
1067 902 1245 942 derident
1292 896 1498 956 (1111916331
1547 895 1746 956 deridens)

196 964 390 1003 rusticam
427 976 567 1003 cenam
604 964 846 1014 enumeratis
883 962 1022 1002 multis
1059 962 1193 1002 herbis
1233 959 1417 1002 “intibus
1533 963 1751 1011 perserpsit

198 1018 417 1078 (perserpit
447 1024 520 1063 cod
550 1018 728 1078 Dousae)
762 1020 965 1075 equinis’',
997 1024 1038 1063 et
1068 1023 1266 1063 Aemilius
1297 1023 1433 1062 Macer
1465 1019 1613 1072 “quale
1643 1034 1749 1071 seyes

196 1083 360 1123 intubus
391 1080 596 1124 herbas”.’
646 1084 802 1124 Nonius
832 1098 871 1135 p.
893 1084 993 1134 209,
1021 1086 1042 1123 1
1080 1080 1230 1123 ‘Intiba
1262 1084 1419 1136 generis
1451 1082 1595 1122 neutri.
1648 1082 1746 1121 Ver-

197 1144 319 1197 gilius
351 1145 627 1197 georgicorum
657 1144 726 1184 lib.
745 1144 830 1184 ΙΠΙ
854 1138 982 1199 (120)
1016 1140 1208 1195 “quoque
1238 1143 1357 1183 modo
1388 1144 1495 1194 potis
1527 1143 1750 1196 gauderent

196 1204 327 1244 intiba
363 1201 507 1244 riuis’'.
551 1204 760 1245 masculini
800 1205 980 1245 Lucilius
1018 1206 1248 1256 satyrarum
1284 1203 1353 1243 lib.
1379 1204 1417 1241 V
1456 1200 1651 1243 “intubus

189 1267 425 1315 praetensus
457 1262 675 1316 equinis'’.'
733 1265 960 1305 Scholiasta
991 1266 1035 1304 in
1059 1264 1233 1317 Vergilii
1264 1265 1451 1317 georgica
1482 1264 1503 1303 I
1531 1265 1616 1304 120
1649 1258 1746 1318 (uol.

195 1324 259 1364 m
286 1326 310 1364 2
337 1339 375 1376 p.
404 1327 507 1375 226,
547 1326 573 1364 4
594 1320 652 1380 H)
699 1322 867 1377 ‘intyba
941 1326 1111 1377 pluralis
1155 1338 1343 1365 numerus
1396 1324 1530 1364 neutri
1580 1325 1749 1377 generis,

197 1385 412 1437 singularis
450 1398 546 1425 uero
578 1387 735 1438 generis
775 1386 989 1426 masculini
1019 1387 1067 1425 ut
1108 1382 1345 1438 Luci<li>us
1388 1386 1431 1424 in
1467 1385 1506 1422 V
1551 1382 1748 1435 “intybus

215 1445 380 1496 intybus
410 1445 535 1485 herba
568 1446 617 1496 G,
646 1445 790 1498 intyba
820 1446 860 1485 P
884 1448 932 1486 ut
961 1446 1049 1486 tiba
1078 1440 1145 1501 N)
1177 1447 1386 1497 praeterea
1412 1444 1581 1496 pedibus
1599 1456 1746 1494 prasus

216 1503 333 1557 fissus
382 1507 453 1546 cod
501 1501 557 1561 G)
609 1503 827 1558 equinis''.'
911 1505 1059 1546 Genam
1114 1506 1338 1546 modestam
1387 1506 1552 1557 aegroto
1601 1506 1745 1556 poetae

197 1567 386 1618 apposuit
427 1566 640 1606 familiaris
684 1566 849 1618 quidam
891 1567 993 1619 legis
1043 1567 1317 1617 sumptuariae
1367 1565 1600 1605 obseruans:
1657 1565 1753 1604 conf

196 1626 377 1666 Philemo
418 1625 531 1666 CAF
562 1627 606 1666 Π
628 1640 667 1678 p.
696 1627 801 1678 509,
829 1627 883 1666 98
903 1626 942 1665 Κ
979 1624 1054 1680 ἐγὼ
1094 1625 1165 1666 τὸν
1202 1623 1326 1680 ἀγρὸν
1366 1624 1501 1679 ἰατρὸν
1545 1623 1748 1677 ἐλελήθειν

197 1684 313 1739 ἔχων·
358 1683 491 1740 τρέφει
532 1684 607 1741 γὰρ
651 1680 768 1735 οὗτος
812 1685 941 1740 ὥσπερ
985 1684 1263 1740 ἀρρωστοῦντά
1307 1699 1373 1738 με,
1424 1684 1579 1739 σιτάρια
1628 1683 1747 1738 μικρὰ

197 1743 435 1800 προσφέρων
468 1745 581 1786 οἴνου
613 1742 661 1785 θ’
690 1745 786 1786 ὅσον
818 1744 961 1799 ὀσμήν,
992 1745 1165 1800 λαχάνου
1195 1741 1222 1785 τ’
1246 1743 1311 1786 ἀεί
1338 1760 1374 1785 τι
1405 1744 1472 1785 καὶ
1496 1744 1548 1798 νὴ
1574 1743 1643 1785 τὸν
1669 1745 1749 1784 Δία

198 1804 244 1846 τὰ
275 1808 440 1859 πετραῖα
464 1801 567 1846 ταῦτ’
597 1803 760 1861 ὀψάρια,
791 1806 1009 1861 κάππαριν,
1041 1806 1192 1859 θύμον,
1219 1804 1463 1860 ἀσπάραγον,
1489 1804 1589 1846 αὐτὰ
1614 1810 1747 1845 ταῦτα’

198 1864 265 1906 καὶ
307 1863 468 1906 δέδοικα
512 1865 566 1918 μὴ
610 1866 700 1906 λίαν
743 1865 1015 1920 ἀπισχναίνων
1059 1881 1105 1919 με
1141 1865 1298 1922 ποιήσῃ
1342 1864 1495 1920 νεκρόν.
1566 1865 1748 1905 Similem

199 1939 338 1966 cenam
381 1926 536 1966 deridet
578 1928 699 1978 poeta
741 1927 819 1966 ΑΡ
851 1927 909 1966 XI
947 1928 1032 1967 413
1079 1924 1133 1975 ὡς
1174 1932 1307 1979 κῆπον
1359 1924 1540 1974 τεθυκὼς
1585 1926 1748 1966 δεῖπνον

198 1984 427 2040 παρέθηκεν
467 1981 654 2040 Ἀπελλῆς
697 1986 878 2039 οἰόμενος
921 1985 1082 2040 βόσκειν
1126 1984 1215 2026 ἀντὶ
1258 1986 1388 2038 φίλων
1431 1985 1621 2040 πρόβατα.
1696 1980 1748 2038 ἧν

198 2046 391 2101 ῥαφανίς,
419 2043 528 2100 σέρις
559 2041 630 2099 ἦν,
661 2049 789 2100 τῆλις,
814 2047 1025 2102 θρίδακες,
1055 2046 1207 2100 πράσα,
1239 2046 1392 2100 βολβοί,
1424 2045 1589 2099 ὥκιμον,
1623 2043 1748 2098 ἡδύο-

199 2117 321 2160 σμον,
357 2106 560 2160 πήγανον,
597 2105 837 2161 ἀσπάραγος.
900 2106 1033 2155 δείσας
1071 2102 1108 2147 δ’
1132 2106 1176 2147 ἐκ
1216 2107 1368 2147 τούτων
1412 2105 1466 2159 μὴ
1503 2105 1572 2146 καὶ
1607 2105 1748 2160 χόρτον

197 2166 366 2224 παραθῇ
397 2181 465 2218 μοι
495 2166 711 2218 δειπνήσας
741 2165 919 2222 θέρμους
949 2164 1171 2221 ἡμιβρεχεῖς
1212 2165 1364 2221 ἔφυγον
1396 2189 1452 2194 ——
1486 2169 1527 2206 et
1557 2179 1673 2206 cocus
1704 2168 1748 2206 in

198 2227 336 2267 Plauti
366 2227 563 2267 Pseudolo
597 2228 683 2267 810
710 2240 818 2279 seqq.
882 2225 978 2268 ‘non
1010 2240 1082 2280 ego
1122 2229 1221 2267 item
1253 2240 1393 2267 cenam
1424 2227 1566 2267 condio
1598 2229 1645 2266 ut
1676 2227 1748 2266 alii

199 2288 334 2338 coqui,
377 2288 449 2338 qui
491 2287 590 2326 mihi
634 2288 796 2327 condita
830 2290 951 2339 prata
986 2288 1030 2326 in
1066 2287 1217 2338 patinis
1253 2288 1481 2338 proferunt,
1517 2287 1639 2326 boues
1678 2289 1755 2338 qui-

200 2348 391 2387 conuiuas
422 2347 577 2387 faciunt
604 2347 826 2399 herbasque
851 2349 1060 2401 oggerunt‚
1093 2360 1158 2387 eas
1183 2347 1327 2387 herbas
1351 2348 1485 2387 herbis
1511 2348 1602 2387 aliis
1628 2360 1746 2398 porro

201 2407 409 2447 condiunt:
452 2407 596 2447 indunt
638 2408 909 2459 coriandrum,
963 2408 1199 2458 feniculum,
1250 2408 1393 2458 alium,
1443 2409 1577 2447 atrum
1619 2408 1748 2457 holus,

201 2469 410 2518 apponunt
432 2468 636 2519 rumicem,
659 2468 877 2509 brassicam
901 2468 1037 2508 betam
1054 2465 1235 2507 blitum':
1262 2468 1358 2507 conf
1372 2467 1513 2507 Horat.
1540 2468 1652 2519 epod.
1672 2468 1745 2506 III.

200 2527 349 2567 Veram
384 2527 595 2567 lectionem
624 2531 862 2578 praetensus
897 2528 1052 2568 Nonius
1091 2528 1286 2568 seruauit:
1331 2527 1498 2567 eandem
1534 2528 1748 2567 lectionem

201 2587 441 2638 praebuerat
485 2588 724 2639 archetypus
768 2589 1006 2628 scholiastae
1043 2588 1268 2640 Vergiliani
1318 2587 1388 2627 ubi
1437 2587 1556 2627 hodie
1597 2587 1748 2639 legitur

194 2659 340 2696 presus
364 2660 446 2688 una
470 2647 626 2698 syllaba
651 2649 832 2699 expulsa3
857 2651 1092 2698 praetensae
1117 2649 1249 2687 forma
1273 2648 1423 2701 legitur
1451 2647 1528 2686 AL
1557 2649 1654 2697 127,
1682 2648 1706 2686 5
1727 2647 1748 2685 I

201 2720 239 2758 p.
270 2707 351 2746 136
397 2707 445 2746 ed
487 2708 621 2747 Riesei
663 2708 771 2758 Lips.
807 2709 933 2748 1894.
1007 2708 1179 2748 Charisii
1216 2709 1358 2748 auctor
1399 2708 1544 2759 legisse
1587 2707 1748 2746 uidetur

195 2769 434 2817 proserpsit:
465 2764 589 2818 ‘quod
620 2769 708 2807 sata
739 2769 781 2806 in
812 2768 941 2807 lucem
965 2765 1218 2820 proserpant'
1246 2768 1395 2807 Arnob.
1417 2767 1479 2806 ΙΠ
1506 2768 1560 2807 33
1587 2781 1625 2818 p.
1650 2768 1747 2819 133,

205 2827 260 2866 23
287 2827 333 2865 R.
401 2826 631 2878 Adponitur
673 2829 853 2868 conuiuis
896 2827 1079 2878 intubus,
1120 2828 1164 2867 id
1207 2829 1268 2867 est
1310 2828 1492 2867 cichorea
1535 2822 1667 2882 (Seru.
1695 2827 1748 2866 ad

202 2886 353 2939 Vergil.
374 2900 507 2940 georg.
526 2887 548 2926 I
569 2882 673 2942 120)
712 2900 814 2939 quae
851 2888 893 2926 in
930 2887 1091 2927 uiarum
1127 2888 1308 2939 margine
1347 2887 1515 2938 pedibus
1554 2899 1747 2938 equorum

203 2948 244 2985 et
274 2947 474 2986 mulorum
505 2948 566 2987 est
589 2949 800 2998 praetenta
824 2948 850 2987 i.
871 2961 902 2987 e.
930 2947 1093 2987 obtenta
1117 2948 1183 2986 uel
1208 2947 1346 2987 oblata
1369 2948 1545 3000 ungulae
1570 2948 1746 2998 praeter-

203 3007 333 3046 euntis
364 3007 551 3046 iumenti:
583 3007 691 3059 quod
720 3007 980 3059 participium
1010 3008 1057 3046 ut
1086 3008 1421 3058 interpretaretur
1460 3009 1747 3060 grammaticus

203 3066 367 3117 quidam
399 3067 664 3118 adscripserat
682 3069 903 3118 proserpsit
927 3081 1015 3107 cum
1042 3067 1293 3120 intellegeret
1318 3064 1497 3106 ‘intubus
1522 3069 1747 3118 praeterea:

274 3140 390 3167 Lucilli
407 3140 474 3167 rell.
495 3141 540 3167 ecl.
560 3141 670 3168 Mnnx.
707 3142 748 3167 Π.
1437 3138 1458 3169 6
