2060 3444
688 252 819 296 incert.
847 251 935 295 sed:
950 270 987 295 u.
1017 255 1266 295 1165—1169.
1677 243 1765 300 369

219 370 401 426 uulgaris
420 374 612 413 sermonis
632 373 916 412 consuetudine
943 386 1044 423 quae
1062 373 1247 423 inprimis
1277 371 1477 411 adamarit
1498 371 1765 410 deminutiua:

219 434 316 473 conf
353 433 471 472 indic.
497 446 664 484 gramm.
692 446 720 472 s.
740 447 778 471 u.
814 433 1068 472 deminutiua.
1135 434 1180 471 in
1228 433 1424 480 fabr-icam
1475 431 1662 470 mendum
1706 434 1767 471 est

207 488 354 545 'potius
384 493 540 532 librarii
581 505 702 543 quam
732 492 880 532 Lucilii
911 493 1168 532 soloecismus
1205 491 1300 531 talis
1333 491 1470 542 quales
1502 492 1766 531 tractauimus

219 553 271 593 ad
315 553 453 592 incert.
478 567 516 592 u.
539 554 636 593 960.
669 553 777 591 XXX
802 567 840 591 u.
863 554 960 593 994.
1027 554 1071 592 in
1113 553 1267 601 fabrica
1311 551 1451 590 eadem
1493 564 1631 591 uersus
1675 551 1767 591 sede

219 613 396 664 posituim
425 613 582 653 Lucret.
607 613 778 658 IV,513
813 609 999 663 ‘denique
1031 614 1078 651 ut
1106 613 1148 651 in
1177 608 1358 651 fabrica'.
1415 611 1535 662 Apud
1565 610 1766 650 Lucilium

219 673 421 713 officinam
446 673 648 724 significat
672 675 720 712 ut
743 673 901 712 Terent.
928 673 1097 723 Adelph.
1126 673 1230 712 584:
1258 671 1365 711 fabri
1389 672 1549 711 ferrarii
1573 671 1767 710 fabricam

219 733 300 773 dici
330 746 377 773 ex
407 733 534 773 totius
566 734 787 774 sententiae
813 735 958 772 natura
983 732 1123 772 debuit
1147 732 1340 784 intellegi.
1389 733 1602 771 multorum
1626 744 1767 771 sanum

218 794 399 834 iudicant
430 806 513 833 esse
545 793 716 834 editores
746 794 861 832 uario
892 793 1011 832 modo
1043 805 1203 832 uersum
1232 793 1466 832 lacunosum
1507 793 1580 842 qui
1610 792 1768 843 supple-

218 855 362 893 uerint.
431 854 488 893 At
529 853 732 894 marculus
772 855 984 893 multorum
1028 854 1157 892 tzmdit
1197 866 1278 892 non
1321 852 1420 892 bene
1461 852 1626 901 dicitur,
1670 851 1768 891 bene

220 914 368 954 dicitur
409 914 584 954 Martial.
610 914 690 953 XII
717 915 785 964 57,
813 915 837 953 6
872 911 1134 953 ‘aerariorum
1176 912 1345 952 marculi
1388 912 1452 952 die
1489 909 1613 952 toto':
1645 925 1768 962 quare

219 975 430 1014 multorum
480 976 713 1026 corruptum
762 974 947 1014 arbitror.
1023 969 1247 1026 ‘<tinnitu>
1295 973 1424 1012 multo
1474 985 1563 1012 cum
1611 972 1768 1024 magnis

219 1035 366 1074 ictibus
388 1031 540 1074 tundit’
569 1034 675 1085 quod
694 1035 836 1085 scripsi
855 1034 1083 1074 defenditur
1101 1034 1260 1073 Terent.
1285 1033 1430 1073 Heaut.
1453 1034 1507 1072 37
1530 1030 1595 1072 ‘ne
1614 1045 1770 1083 semper

200 1107 358 1135 ‘seruus
390 1107 562 1144 currens,
592 1096 720 1135 iratus
752 1100 870 1134 senex
897 1125 905 1133 .
927 1125 934 1133 .
956 1124 965 1133 .
993 1094 1158 1134 adsidue
1190 1093 1335 1146 agendi
1365 1095 1448 1133 sint
1471 1093 1571 1132 mihi
1597 1093 1769 1132 clamore

220 1168 388 1205 summo,
419 1167 510 1194 cum
542 1155 678 1194 labore
709 1151 911 1194 maxumo'
947 1154 1084 1194 Claud.
1112 1154 1301 1205 Quadrig.
1329 1167 1391 1204 ap.
1419 1152 1519 1192 Gell.
1539 1153 1597 1191 IX
1623 1154 1691 1202 13,
1714 1154 1769 1192 10

222 1212 397 1254 ‘silentio
433 1215 541 1255 facto
580 1227 668 1254 cum
708 1228 805 1254 uoce
841 1216 1017 1254 maxima
1054 1211 1306 1254 conclamat'.
1374 1213 1495 1252 Libro
1527 1213 1590 1252 III
1626 1213 1771 1252 tribuit

221 1275 440 1328 Vargesius
467 1275 515 1314 de
546 1275 648 1315 libro
679 1275 743 1315 ΙΠ
772 1289 811 1326 p.
835 1276 888 1313 12
929 1275 979 1314 ad
1020 1275 1188 1314 eandem
1218 1288 1304 1313 rem
1334 1275 1534 1325 pertinere
1566 1286 1770 1323 compara-

220 1337 372 1375 tionem
392 1335 461 1386 qui
481 1338 640 1375 censeat
658 1335 710 1374 ad
730 1348 851 1385 quam
869 1336 1073 1385 pertinent
1091 1335 1154 1374 III
1178 1348 1216 1374 u.
1240 1335 1337 1374 144.
1360 1335 1456 1374 145.
1508 1334 1660 1373 Tamen
1679 1346 1769 1372 cum

221 1395 456 1435 malleorum
501 1396 653 1435 tinnitu
697 1396 896 1447 igniuomi
941 1397 1090 1435 montis
1137 1395 1351 1445 strepitum
1399 1408 1495 1433 num
1539 1406 1770 1444 comparare

221 1457 400 1507 potuerit
437 1458 574 1507 poeta,
612 1456 828 1496 admodum
865 1455 1024 1496 dubito:
1062 1457 1196 1506 aptius
1234 1455 1282 1494 de
1322 1454 1416 1505 equi
1442 1454 1771 1505 quadrupedante

222 1521 340 1556 cursu
370 1517 523 1556 ruentis
551 1517 594 1555 in
619 1529 828 1555 numerum
853 1517 1004 1567 cogites
1030 1510 1266 1569 (Hephaest.
1286 1528 1324 1565 p.
1346 1516 1415 1563 82,
1436 1516 1461 1553 3
1489 1514 1539 1553 ed
1556 1509 1770 1567 westph).

346 1571 489 1617 1167.
520 1577 675 1616 Nonius
707 1590 753 1616 ex
785 1577 1047 1628 grammatico
1078 1590 1117 1626 p.
1139 1577 1237 1625 207,
1266 1576 1319 1614 19
1355 1572 1520 1614 ‘Guttur
1550 1575 1683 1613 neutri
1711 1575 1772 1613 est

223 1637 389 1689 generis.
427 1667 436 1675 .
458 1667 496 1676 ..
527 1637 748 1675 masculino
792 1636 961 1676 Plautus
995 1667 1004 1675 .
1030 1666 1037 1674 .
1067 1667 1074 1674 .
1107 1635 1288 1674 Lucilius
1334 1632 1408 1674 “et
1434 1666 1440 1673 .
1469 1665 1477 1673 .
1506 1665 1513 1673 .
1540 1630 1769 1673 eundem’'.'

223 1697 401 1736 Piscium
440 1709 607 1747 corpora
643 1696 803 1736 uidetur
839 1696 1075 1736 describere:
1113 1696 1209 1744 conf
1245 1695 1347 1734 Plin.
1373 1697 1455 1734 nat.
1481 1694 1573 1733 hist.
1600 1694 1659 1733 XI
1686 1695 1771 1734 180

219 1754 387 1808 .‘quibus
418 1757 553 1796 fauces
583 1769 664 1796 non
695 1758 800 1806 sunt,
831 1770 880 1795 ne
912 1757 1140 1796 stomachus
1172 1756 1333 1806 quidem
1364 1756 1419 1795 est
1461 1767 1534 1794 nec
1565 1755 1669 1794 colla
1699 1766 1772 1793 nec

225 1819 378 1869 guttur,
408 1819 456 1856 ut
482 1817 674 1868 piscibus,
705 1819 746 1856 et
771 1829 842 1856 ora
866 1817 1073 1856 uentribus
1098 1813 1334 1868 iunguntur'
1363 1815 1452 1855 Rer.
1478 1817 1609 1854 natur.
1636 1816 1772 1865 script.

225 1892 264 1929 p.
287 1879 355 1927 20,
382 1878 438 1917 20
470 1877 565 1917 edit.
591 1877 737 1917 Keller.
769 1876 863 1925 τοὺς
894 1874 936 1916 δὲ
969 1876 1087 1929 ἰχθῦς
1124 1875 1198 1916 οὐκ
1228 1875 1329 1928 ἔχειν
1361 1874 1576 1928 στόμαχον·
1609 1873 1672 1914 διὸ
1705 1873 1771 1914 καὶ

224 1943 304 1978 τῶν
353 1937 531 1991 μεγάλων
581 1935 712 1990 ἕτερον
763 1936 858 1977 ὅταν
902 1936 1100 1977 διώκωσιν
1143 1935 1346 1987 ἐλάττονα,
1395 1935 1656 1988 προσπίπτειν
1698 1933 1773 1986 τὴν

224 1997 379 2037 κοιλίαν
400 1997 471 2046 -εἰς
507 1995 550 2037 τὸ
589 1996 723 2049 στόμα.
786 1997 915 2036 Varro
954 2010 1017 2048 ap.
1051 1996 1161 2036 Seru.
1187 1996 1240 2035 ad
1270 2009 1403 2049 georg.
1429 1995 1450 2034 I
1478 1996 1561 2035 186
1601 1996 1773 2034 curculio

225 2071 370 2097 nomen
406 2057 532 2096 tradit
573 2054 660 2108 ‘per
697 2058 972 2097 antistoechon
1010 2058 1162 2097 dictum
1200 2056 1317 2107 quasi
1353 2056 1541 2108 gurgulio
1583 2056 1772 2106 quoniam

224 2131 351 2169 paene
385 2118 486 2157 nihil
516 2119 577 2157 est
606 2117 686 2157 nisi
715 2114 882 2169 guttur'.
929 2115 933 2119 *

350 2172 492 2218 1168.
523 2177 761 2218 Aeschinem
793 2175 980 2229 εὔφωνον
1011 2177 1153 2217 irridet
1183 2177 1471 2216 Demosthenes
1506 2176 1554 2214 de
1587 2188 1664 2215 cor.
1687 2176 1771 2213 285

227 2238 276 2277 de
318 2238 406 2277 fals.
438 2239 514 2290 leg.
550 2239 633 2277 126
680 2235 700 2277 ὁ
744 2236 870 2288 σοφὸς
912 2236 981 2277 καὶ
1023 2236 1152 2285 δεινὸς
1194 2232 1310 2284 οὗτος
1352 2235 1421 2276 καὶ
1462 2233 1657 2286 εὔφωνος.
1726 2235 1773 2273 In

227 2298 432 2338 uocabulis
460 2310 555 2337 usus
581 2300 642 2337 est
666 2297 740 2338 hoc
765 2298 943 2348 epitheto
968 2297 1135 2349 Dionys.
1159 2295 1251 2337 Hal.
1278 2297 1326 2336 de
1353 2309 1526 2347 compos.
1550 2295 1658 2335 uerb.
1679 2295 1775 2333 XVI

226 2373 265 2409 p.
295 2360 367 2408 66,
397 2359 450 2397 18
465 2358 545 2397 VR
587 2357 623 2397 εἰ
665 2355 736 2410 μὲν
779 2351 855 2397 οὖν
899 2355 1090 2410 ἐγχωροίη
1132 2357 1262 2397 πάντα
1311 2352 1413 2396 εἶναι
1456 2354 1503 2395 τὰ
1546 2354 1666 2408 μόρια
1702 2360 1773 2406 τῆς

228 2417 365 2467 λέξεως
390 2413 457 2469 ὑφ’
487 2411 543 2458 ὧν
570 2415 697 2470 μέλλει
722 2418 946 2469 δηλοῦσθαι
971 2416 1013 2457 τὸ
1038 2423 1213 2471 πρᾶγμα,
1244 2414 1410 2468 εὔφωνά
1434 2430 1473 2456 τε
1498 2414 1566 2455 καὶ
1590 2414 1774 2467 καλλιρή-

230 2493 332 2530 μονα
358 2509 367 2518 ,
388 2509 397 2518 .
419 2509 427 2517 .
452 2491 491 2529 p.
513 2479 582 2527 67,
611 2480 663 2517 12
698 2472 776 2517 ἀλλ’
812 2477 937 2525 οὕτως
968 2475 1068 2517 αὐτὰ
1095 2479 1225 2525 καλῶς
1250 2475 1399 2524 ἐκεῖνος
1425 2475 1683 2528 συνύφαγκεν
1708 2472 1775 2514 καὶ

228 2537 595 2592 παραπληρώμασιν
613 2536 813 2589 εὐφώνοις
830 2537 1034 2589 διείληφεν
1048 2535 1143 2576 ὥστε
1157 2534 1542 2590 μεγαλοπρεπέστατα
1556 2534 1776 2586 φαίνεσθαι

227 2597 390 2638 ’πάντων
415 2595 632 2650 ὀνομάτων.
686 2598 739 2637 M.
760 2597 894 2637 Aurel.
922 2597 974 2637 ad
1002 2597 1191 2637 Fronton.
1217 2610 1255 2647 p.
1278 2597 1382 2646 105,
1409 2595 1485 2635 4N
1518 2592 1568 2634 ‘si
1598 2594 1776 2634 Lucretii

233 2660 304 2696 aut
326 2658 434 2696 Enni
453 2659 638 2709 excerpta
661 2658 783 2698 habes
808 2654 1001 2709 εὔφωνα’.
1057 2657 1178 2696 Libro
1203 2657 1262 2696 IX
1285 2656 1480 2697 tribuitur
1504 2656 1776 2707 fragmentum

231 2717 301 2757 sed
329 2719 489 2757 temere.

355 2772 498 2818 1169.
530 2777 624 2816 Tiro
655 2777 698 2816 in
729 2777 905 2827 epistula
931 2777 982 2815 ad
1007 2776 1051 2822 Q.
1071 2776 1220 2816 Axium
1245 2776 1353 2827 apud
1380 2775 1556 2816 Gellium
1579 2775 1639 2814 VI
1659 2775 1698 2825 3,
1721 2775 1773 2813 26

233 2837 281 2876 de
317 2836 392 2877 hac
429 2838 628 2876 sententia
659 2836 822 2877 Catonis
856 2836 1035 2876 Censorii
1072 2850 1118 2875 ex
1156 2837 1336 2876 oratione
1373 2849 1446 2886 pro
1484 2834 1776 2874 Rhodiensibus

235 2894 246 2911 ‘
264 2894 357 2935 “Ea
386 2908 492 2935 nunc
522 2896 733 2947 derepente
764 2898 881 2936 tanta
911 2895 1103 2935 beneficia
1132 2896 1240 2935 ultro
1271 2896 1464 2945 citroque,
1494 2896 1652 2934 tantam
1678 2895 1776 2933 ami-

234 2957 372 2996 citiam
408 2955 706 3006 relinquemus?
744 2956 852 3006 quod
887 2955 979 2994 illos
1016 2955 1185 2994 dicimus
1222 2955 1398 2994 uoluisse
1434 2955 1583 3003 facere,
1625 2953 1668 2992 id
1705 2966 1776 2992 nos

234 3018 387 3068 priores
423 3016 554 3055 facere
593 3011 934 3065 occupabimus?”
974 3009 1032 3068 (p.
1054 3015 1121 3054 23.
1149 3015 1204 3054 24
1230 3009 1366 3069 Iord.).
1428 3014 1516 3053 Hoc
1542 3044 1551 3053 .
1572 3044 1580 3052 .
1602 3044 1610 3052 .
1637 3013 1777 3064 enthy-

306 3088 423 3115 Luoim
439 3089 506 3115 rell.
519 3088 565 3115 ed.
578 3088 687 3114 mxx.
725 3088 766 3114 11.
1444 3083 1490 3115 24
