2060 3444
291 262 377 307 308
717 261 871 298 XXVIII
896 263 964 297 aut
987 258 1107 297 XXIX
1131 274 1168 298 u.
1194 263 1396 298 939—942.

293 390 402 416 mare
437 377 588 416 salsum
625 375 785 415 similia.
847 375 951 413 Nam
988 374 1196 414 Lucretius
1221 374 1262 413 Π
1290 375 1404 414 1100
1443 387 1544 424 quae
1582 374 1742 425 scripsit
1782 387 1828 413 ex

292 437 430 476 eodem
461 438 621 475 auctore
655 436 827 486 sumpsit
854 432 1039 474 ‘nubibus
1071 436 1117 473 ut
1141 434 1325 473 tenebras
1351 433 1475 473 faciat
1498 435 1668 483 caelique
1691 445 1828 473 serena

293 498 497 535 concutiat
528 489 690 534 sonitu’:
727 496 821 534 conf
855 494 952 534 Cato
990 495 1037 533 de
1069 507 1152 545 agr.
1185 494 1278 532 cult.
1308 494 1403 543 156,
1432 495 1455 533 3
1497 490 1651 544 ‘postea
1688 493 1828 544 ponito

291 556 481 607 pocillum
518 557 559 593 in
605 567 741 594 sereno
784 551 932 593 noctu'.
1002 554 1196 592 Similiter
1238 555 1424 592 neutrum
1465 553 1635 603 pluralis
1673 553 1828 592 Ennius

289 617 477 666 posuerat
502 617 544 653 in
569 614 807 654 Andromed.
836 615 889 653 95
905 614 940 652 R
966 610 1082 664 ‘quae
1109 626 1208 652 caua
1237 613 1338 652 caeli
1369 612 1703 664 signitenentibus
1737 625 1829 652 con-

290 676 374 714 ficis
410 672 529 727 bigis'
568 675 785 724 Melanipp.
815 675 896 712 251
913 674 948 712 R
987 671 1151 712 ‘lumine
1189 674 1245 712 sic
1282 673 1452 711 tremulo
1494 674 1600 712 terra
1645 674 1686 711 et
1728 684 1828 711 caua

292 735 452 774 caerula
488 731 691 773 candent’:
729 734 824 772 conf
844 733 962 784 Verg.
988 733 1086 772 Aen.
1111 732 1169 771 IV
1196 733 1278 771 451
1322 729 1438 771 ‘caeli
1474 745 1650 771 conuexa
1686 728 1828 771 tueri’:

292 795 447 833 Lucret.
474 795 494 832 I
521 795 617 833 340.
679 794 821 843 Itaque
859 805 958 843 opus
994 805 1074 832 non
1112 794 1187 831 erit
1224 791 1393 831 scribere
1441 804 1530 830 cum
1572 789 1829 831 Lachmanno

260 865 266 877 ²
292 856 478 899 momina,
504 867 592 892 cum
611 853 804 892 Muellero
825 853 994 891 lumina:
1018 854 1179 891 numine
1196 853 1402 902 posuimus
1423 864 1512 890 cum
1532 851 1650 890 Arati
1669 851 1828 890 exordio

292 914 439 953 similia
472 913 686 964 protulisse
716 914 879 963 poetam
906 914 1112 964 putemus:
1146 909 1328 962 ‘impleta
1353 911 1540 951 caelitum
1565 923 1704 950 serena
1729 911 1830 950 caeli

291 975 454 1011 numine
486 975 526 1012 et
556 973 653 1011 salsi
683 973 809 1011 fretus
840 973 1049 1021 terraeque
1082 968 1247 1010 uastae'.

411 1027 522 1072 940.
549 1033 704 1071 Nonius
731 1045 777 1070 ex
802 1033 1064 1083 grammatico
1090 1045 1127 1082 p.
1151 1033 1248 1081 107,
1270 1032 1321 1070 31
1354 1028 1555 1082 ‘Eugium‚
1580 1030 1712 1069 media
1736 1042 1829 1080 pars

291 1094 397 1131 inter
426 1092 628 1131 naturalia
664 1091 885 1130 muliebria.
945 1091 1125 1130 Lucilius
1163 1093 1206 1129 in
1242 1092 1373 1139 cpodis
1408 1091 1563 1139 hymnis
1598 1092 1683 1129 sine
1720 1091 1830 1139 euyio

293 1164 339 1192 ac
369 1153 532 1191 destina.
593 1151 785 1190 Laberius
817 1152 858 1190 in
892 1150 1129 1190 Centonario
1161 1145 1236 1204 (25
1253 1145 1305 1203 R)
1349 1147 1501 1200 “quare
1539 1152 1624 1189 tam
1661 1149 1830 1188 arduum

294 1210 508 1251 ascendas?
546 1208 576 1262 †
613 1224 664 1249 an
708 1212 929 1261 concupisti
975 1212 1135 1261 eugium
1185 1206 1422 1248 scindere?''
1440 1206 1451 1223 ’
1519 1209 1630 1248 Idem
1674 1209 1828 1248 Nonius

295 1285 333 1322 p.
361 1273 467 1320 490,
496 1272 551 1310 20
599 1267 824 1320 ‘Deliritas‚
874 1270 1068 1309 deliratio.
1141 1269 1332 1308 Laberius
1377 1263 1481 1322 (138
1497 1264 1551 1324 R)
1603 1266 1831 1319 “quaenam

293 1326 420 1380 mens,
464 1343 565 1380 quae
608 1331 785 1369 deliritas
828 1342 900 1369 uos
943 1329 1200 1380 subpolitoris
1243 1329 1342 1368 facit
1372 1325 1402 1379 †
1434 1341 1525 1367 cum
1568 1341 1667 1367 cano
1709 1330 1826 1380 cugio

292 1386 557 1440 puellitari‘?”
574 1387 584 1403 '
647 1390 700 1428 In
732 1390 862 1439 epodis
894 1389 1127 1427 deleuerunt
1160 1390 1206 1427 ut
1242 1389 1440 1440 glossema
1479 1390 1519 1426 et
1548 1387 1827 1427 Lachmannus

266 1493 271 1497 ,
294 1452 334 1488 et
364 1450 577 1488 Muellerus
610 1462 699 1488 cum
731 1450 911 1488 statuant
941 1449 1151 1487 librarium
1181 1449 1334 1498 hymnis
1371 1448 1475 1487 male
1512 1447 1751 1487 intellexisse
1790 1449 1829 1486 et

293 1522 496 1549 enarrasse
520 1509 591 1548 illo
617 1510 865 1560 glossemate.
910 1509 1061 1547 Tamen
1085 1509 1264 1559 praestat
1288 1507 1411 1546 uerba
1435 1509 1479 1546 i‘n
1506 1507 1637 1556 epochas
1657 1509 1692 1546 si
1711 1508 1828 1546 facile

292 1569 378 1608 fieri
413 1570 563 1619 poterit
599 1569 808 1607 emendare
849 1581 969 1618 quam
1011 1568 1163 1606 tollere.
1232 1567 1396 1606 Numeri
1440 1569 1533 1606 sunt
1577 1569 1713 1617 aperte
1758 1567 1829 1605 aut

293 1628 452 1667 iambici
484 1631 556 1667 aut
586 1628 777 1667 trochaici
809 1628 1021 1680 agiturque
1052 1627 1099 1666 de
1131 1628 1338 1666 meretrice
1365 1639 1389 1666 a
1414 1627 1555 1666 lenone
1579 1626 1830 1666 redimenda:

294 1688 423 1726 Plaut.
448 1688 564 1739 Epid.
591 1689 675 1726 487
722 1684 771 1726 ‘is
814 1689 899 1737 ipse
943 1688 1046 1726 hanc
1089 1687 1308 1726 destinauit
1350 1683 1566 1726 fidicinam’
1609 1686 1714 1725 Pers.
1743 1686 1827 1724 667

295 1745 380 1798 ‘qui
409 1749 511 1786 hanc
541 1761 619 1786 non
644 1760 830 1798 properes
856 1744 1070 1786 destinare’
1099 1742 1207 1800 (uide
1235 1746 1284 1785 ad
1310 1746 1378 1784 lib.
1404 1746 1533 1785 XXIX
1559 1758 1598 1785 u.
1626 1740 1743 1799 893).
1771 1767 1828 1772 -—

293 1809 449 1857 euqiwm
483 1807 723 1846 uocabulum
758 1808 918 1857 praeter
955 1807 1061 1846 locos
1088 1819 1117 1845 s.
1143 1819 1173 1845 s.
1199 1819 1278 1845 non
1314 1806 1528 1845 inuenitur.
1590 1804 1830 1844 Auctionem

292 1866 380 1905 fieri
421 1868 674 1905 meretricum
716 1867 942 1916 suspicatur
977 1865 1216 1905 Ribbeckius
1256 1865 1355 1904 ORE·
1387 1865 1436 1904 ed
1466 1866 1508 1904 H
1537 1879 1575 1916 p.
1600 1865 1715 1904 XXH
1758 1865 1831 1915 qui

293 1928 483 1976 proponit
515 1923 700 1976 ‘Hymnis
732 1927 817 1965 sine
843 1926 979 1976 cugio:
1016 1925 1122 1976 Age,
1154 1922 1340 1964 destina':
1373 1927 1416 1964 at
1446 1925 1683 1964 offendimur
1711 1937 1828 1964 uoca-

293 1986 387 2024 bulo
420 1985 634 2036 spondiaco
665 1986 708 2023 in
742 1985 841 2035 pede
880 1986 1032 2034 quarto.
1096 1985 1216 2023 Recte
1255 1986 1289 2023 si
1326 1986 1500 2024 senarios
1540 1985 1830 2034 constituimus,

295 2045 342 2083 de
373 2043 573 2094 Hymnide
612 2044 880 2095 compluribus
911 2044 1058 2083 saturis
1091 2046 1226 2095 egerat
1262 2045 1398 2094 poeta:
1436 2045 1477 2082 et
1514 2044 1749 2094 septenariis
1788 2046 1829 2082 et

293 2105 424 2143 herois
466 2103 646 2143 uersibus
691 2116 778 2142 eam
824 2103 1062 2142 celebratam
1111 2103 1233 2142 fuisse
1282 2103 1557 2142 demonstrant
1599 2103 1666 2141 lib.
1697 2103 1827 2141 XXIX

294 2177 359 2202 uu.
386 2164 483 2202 888.
511 2164 596 2202 894
622 2164 663 2202 et
686 2163 823 2202 incert.
849 2177 886 2201 u.
916 2164 1040 2202 1193.
1100 2162 1267 2202 Insanus
1299 2175 1352 2212 es,
1383 2164 1419 2201 si
1450 2164 1511 2201 est
1541 2164 1709 2212 utroque
1740 2163 1827 2202 loco

295 2223 423 2262 solida
452 2224 549 2262 nata
578 2223 748 2273 Hymnis
780 2235 826 2261 ac
857 2222 1041 2262 destinas.
1108 2240 1111 2241 ⁷

969 2374 1147 2416 Dubia.

414 2455 524 2500 942.
550 2461 701 2500 Probus
727 2461 775 2500 de
801 2461 958 2500 nomine
984 2462 1169 2511 excerpta
1194 2460 1261 2499 GL
1286 2460 1344 2499 IV
1368 2474 1407 2510 p.
1429 2461 1527 2510 212,
1550 2459 1654 2499 10K
1682 2456 1828 2500 ‘Nasus

294 2521 359 2558 hic
384 2533 435 2558 an
460 2520 534 2559 hoc
558 2519 726 2560 nasum?
764 2521 924 2571 antiqui
948 2521 1184 2559 neutraliter
1212 2520 1407 2558 dicebant.
1457 2521 1595 2570 itaque
1619 2520 1829 2559 Lucretius

296 2577 470 2618 “nasum
500 2581 695 2619 diductius
721 2592 837 2629 quam
859 2581 1040 2629 pavidius
1064 2580 1185 2630 paulo
1214 2576 1403 2618 uellem''.
1454 2580 1523 2629 qui
1548 2592 1652 2618 nunc
1675 2591 1828 2618 mascu-

294 2639 377 2677 lino
421 2652 563 2691 genere
608 2639 765 2678 dicitur.
820 2652 914 2678 nam
953 2639 1088 2678 Cicero
1127 2635 1194 2693 (de
1225 2641 1307 2677 nat.
1334 2639 1437 2678 deor.
1464 2639 1505 2677 II
1536 2634 1636 2692 143)
1677 2635 1828 2678 “nasus

221 2724 227 2728 -
294 2700 445 2748 itaque,
471 2700 540 2748 qui
565 2699 748 2737 diductus
775 2700 845 2747 est,
877 2699 992 2748 quasi
1017 2711 1152 2738 murus
1179 2698 1304 2737 oculis
1329 2700 1560 2738 interiectus
1586 2711 1669 2738 esse
1693 2698 1828 2737 uidea-

295 2755 422 2796 tur''.'
488 2757 624 2797 Cicero
655 2759 831 2808 scripsit:
871 2755 1006 2797 ‘nasus
1043 2759 1181 2808 itaque
1211 2758 1366 2797 locatus
1398 2759 1474 2808 est,
1511 2760 1558 2797 ut
1594 2758 1708 2808 quasi
1743 2770 1827 2796 mu-

294 2814 376 2856 rus’
405 2830 436 2856 e.
465 2831 501 2867 q.
529 2830 575 2856 s.:
619 2817 723 2855 unde
760 2830 840 2856 non
883 2817 1108 2856 mirandum
1145 2819 1205 2856 est
1251 2819 1309 2856 in
1337 2818 1468 2857 uerbis
1506 2817 1828 2856 antecedentibus

293 2877 391 2914 item
428 2877 731 2927 grammaticum
767 2877 905 2916 turbas
945 2878 1093 2916 fecisse.
1161 2877 1341 2916 Adnotat
1377 2877 1531 2917 Keilius
1576 2874 1715 2916 ‘nasus
1756 2889 1828 2915 nec

296 2936 515 2974 masculino
546 2949 617 2975 nec
641 2938 782 2975 neutro
808 2949 949 2988 genere
974 2938 1017 2975 in
1041 2936 1219 2976 Lucretii
1243 2937 1356 2975 libris
1379 2937 1539 2988 legitur.
1588 2935 1657 2975 sed
1679 2935 1829 2975 Lucilii

295 2995 484 3044 exemplis
522 2996 760 3034 neutraliter
796 2996 872 3034 dici
910 2996 1084 3046 probant
1119 2997 1273 3035 Nonius
1310 3010 1348 3047 p.
1376 2997 1460 3035 215
1499 2997 1539 3035 et
1575 3008 1740 3048 gramm.
1777 2991 1827 3035 de
