<?xml version="1.0" encoding="UTF-8"?>
<!DOCTYPE html PUBLIC "-//W3C//DTD XHTML 1.0 Transitional//EN"
    "http://www.w3.org/TR/xhtml1/DTD/xhtml1-transitional.dtd">
<html xmlns="http://www.w3.org/1999/xhtml" xml:lang="en" lang="en">
 <head>
  <title>
</title>
<meta http-equiv="Content-Type" content="text/html;charset=utf-8" />
  <meta name='ocr-system' content='tesseract 3.04.00' />
  <meta name='ocr-capabilities' content='ocr_page ocr_carea ocr_par ocr_line ocrx_word'/>
</head>
<body>
  <div class='ocr_page' id='page_1' title='image "./carminumreliquia02luciuoft_0100.png"; bbox 0 0 2060 3444; ppageno 0'>
   <div class='ocr_carea' id='block_1_1' title="bbox 276 233 1230 276">
    <p class='ocr_par' dir='ltr' id='par_1_1' title="bbox 276 233 1230 276">
     <span class='ocr_line' id='line_1_1' title="bbox 276 233 1230 276; baseline 0 -6"><span class='ocrx_word' id='word_1_1' title='bbox 276 234 333 276; x_wconf 88' lang='lat'><strong>68</strong></span> <span class='ocrx_word' id='word_1_2' title='bbox 889 233 942 270; x_wconf 87' lang='lat' dir='ltr'><strong>HI</strong></span> <span class='ocrx_word' id='word_1_3' title='bbox 964 244 1000 270; x_wconf 87' lang='lat' dir='ltr'><strong>u.</strong></span> <span class='ocrx_word' id='word_1_4' title='bbox 1032 236 1230 270; x_wconf 81' lang='lat'>140—144.</span> 
     </span>
    </p>
   </div>
   <div class='ocr_carea' id='block_1_2' title="bbox 274 342 1819 400">
    <p class='ocr_par' dir='ltr' id='par_1_2' title="bbox 274 342 1819 400">
     <span class='ocr_line' id='line_1_2' title="bbox 274 342 1819 400; baseline 0.002 -14"><span class='ocrx_word' id='word_1_5' title='bbox 274 347 366 398; x_wconf 91' lang='lat' dir='ltr'><strong>ptat</strong></span> <span class='ocrx_word' id='word_1_6' title='bbox 395 342 576 385; x_wconf 87' lang='lat' dir='ltr'><strong>flumina’</strong></span> <span class='ocrx_word' id='word_1_7' title='bbox 604 344 711 386; x_wconf 92' lang='lat' dir='ltr'><strong>Ouid</strong></span> <span class='ocrx_word' id='word_1_8' title='bbox 742 359 818 387; x_wconf 87' lang='lat' dir='ltr'><strong>am.</strong></span> <span class='ocrx_word' id='word_1_9' title='bbox 843 346 886 386; x_wconf 89' lang='lat' dir='ltr'>H</span> <span class='ocrx_word' id='word_1_10' title='bbox 913 347 951 396; x_wconf 84' lang='lat'><strong>2,</strong></span> <span class='ocrx_word' id='word_1_11' title='bbox 978 347 1033 386; x_wconf 86' lang='lat'><strong>43</strong></span> <span class='ocrx_word' id='word_1_12' title='bbox 1068 343 1251 392; x_wconf 77' lang='lat' dir='ltr'><strong>‘Quaerit</strong></span> <span class='ocrx_word' id='word_1_13' title='bbox 1275 359 1400 397; x_wconf 86' lang='lat' dir='ltr'><strong>aquas</strong></span> <span class='ocrx_word' id='word_1_14' title='bbox 1425 347 1468 386; x_wconf 94' lang='lat' dir='ltr'><strong>in</strong></span> <span class='ocrx_word' id='word_1_15' title='bbox 1493 347 1608 399; x_wconf 88' lang='lat' dir='ltr'><strong>aquis</strong></span> <span class='ocrx_word' id='word_1_16' title='bbox 1634 349 1675 388; x_wconf 92' lang='lat' dir='ltr'><strong>et</strong></span> <span class='ocrx_word' id='word_1_17' title='bbox 1699 361 1819 400; x_wconf 84' lang='lat' dir='ltr'><strong>poma</strong></span> 
     </span>
    </p>
   </div>
   <div class='ocr_carea' id='block_1_3' title="bbox 275 404 1882 466">
    <p class='ocr_par' dir='ltr' id='par_1_3' title="bbox 275 404 1882 466">
     <span class='ocr_line' id='line_1_3' title="bbox 275 404 1882 466; baseline 0.002 -21"><span class='ocrx_word' id='word_1_18' title='bbox 275 407 437 458; x_wconf 87' lang='lat' dir='ltr'><strong>fugacia</strong></span> <span class='ocrx_word' id='word_1_19' title='bbox 480 408 619 458; x_wconf 86' lang='lat' dir='ltr'><strong>captat</strong></span> <span class='ocrx_word' id='word_1_20' title='bbox 662 404 893 457; x_wconf 81' lang='lat' dir='ltr'><strong>Tantalus&#39;3</strong></span> <span class='ocrx_word' id='word_1_21' title='bbox 932 407 1028 445; x_wconf 87' lang='lat' dir='ltr'><strong>Hor.</strong></span> <span class='ocrx_word' id='word_1_22' title='bbox 1062 406 1175 457; x_wconf 90' lang='lat' dir='ltr'><strong>epod.</strong></span> <span class='ocrx_word' id='word_1_23' title='bbox 1200 406 1318 446; x_wconf 90' lang='lat' dir='ltr'>XVII</span> <span class='ocrx_word' id='word_1_24' title='bbox 1344 408 1397 446; x_wconf 90' lang='grc'><strong>66</strong></span> <span class='ocrx_word' id='word_1_25' title='bbox 1446 404 1580 459; x_wconf 82' lang='lat' dir='ltr'><strong>‘egens</strong></span> <span class='ocrx_word' id='word_1_26' title='bbox 1623 408 1820 462; x_wconf 79' lang='lat' dir='ltr'>benignae</span> <span class='ocrx_word' id='word_1_27' title='bbox 1879 463 1882 466; x_wconf 13' lang='grc' dir='ltr'><strong><em>ἢ</em></strong></span> 
     </span>
    </p>
   </div>
   <div class='ocr_carea' id='block_1_4' title="bbox 262 462 1821 2797">
    <p class='ocr_par' dir='ltr' id='par_1_4' title="bbox 262 462 1821 1059">
     <span class='ocr_line' id='line_1_4' title="bbox 275 462 1821 521; baseline 0.002 -16"><span class='ocrx_word' id='word_1_28' title='bbox 275 466 470 506; x_wconf 74' lang='lat' dir='ltr'><strong>Tantalus</strong></span> <span class='ocrx_word' id='word_1_29' title='bbox 497 478 652 518; x_wconf 90' lang='lat' dir='ltr'><strong>semper</strong></span> <span class='ocrx_word' id='word_1_30' title='bbox 676 463 805 518; x_wconf 85' lang='lat' dir='ltr'><strong>dapis&#39;</strong></span> <span class='ocrx_word' id='word_1_31' title='bbox 834 462 967 521; x_wconf 85' lang='lat' dir='ltr'><strong>(Teles</strong></span> <span class='ocrx_word' id='word_1_32' title='bbox 991 480 1029 518; x_wconf 91' lang='lat' dir='ltr'><strong>p.</strong></span> <span class='ocrx_word' id='word_1_33' title='bbox 1058 468 1112 507; x_wconf 87' lang='lat'><strong>25</strong></span> <span class='ocrx_word' id='word_1_34' title='bbox 1127 462 1308 521; x_wconf 88' lang='lat' dir='ltr'><strong>Hensei).</strong></span> <span class='ocrx_word' id='word_1_35' title='bbox 1351 467 1538 508; x_wconf 75' lang='lat' dir='ltr'><strong>Forsitan</strong></span> <span class='ocrx_word' id='word_1_36' title='bbox 1563 469 1675 508; x_wconf 86' lang='lat' dir='ltr'><strong>salax</strong></span> <span class='ocrx_word' id='word_1_37' title='bbox 1699 470 1821 520; x_wconf 87' lang='lat' dir='ltr'><strong>poeta</strong></span> 
     </span>
     <span class='ocr_line' id='line_1_5' title="bbox 274 526 1821 578; baseline 0.001 -12"><span class='ocrx_word' id='word_1_38' title='bbox 274 526 495 576; x_wconf 86' lang='lat' dir='ltr'><strong>expectarit</strong></span> <span class='ocrx_word' id='word_1_39' title='bbox 520 527 780 566; x_wconf 86' lang='lat' dir='ltr'><strong>stultissimus</strong></span> <span class='ocrx_word' id='word_1_40' title='bbox 805 526 1036 566; x_wconf 90' lang='lat' dir='ltr'><strong>mendacem</strong></span> <span class='ocrx_word' id='word_1_41' title='bbox 1061 527 1237 578; x_wconf 85' lang='lat' dir='ltr'><strong>puellam</strong></span> <span class='ocrx_word' id='word_1_42' title='bbox 1262 527 1382 567; x_wconf 89' lang='lat' dir='ltr'><strong>sicuti</strong></span> <span class='ocrx_word' id='word_1_43' title='bbox 1406 527 1490 567; x_wconf 91' lang='lat' dir='ltr'><strong>eius</strong></span> <span class='ocrx_word' id='word_1_44' title='bbox 1514 529 1557 567; x_wconf 90' lang='lat' dir='ltr'><strong>in</strong></span> <span class='ocrx_word' id='word_1_45' title='bbox 1581 529 1657 568; x_wconf 87' lang='lat' dir='ltr'><strong>hac</strong></span> <span class='ocrx_word' id='word_1_46' title='bbox 1681 530 1821 568; x_wconf 89' lang='lat' dir='ltr'><strong>satura</strong></span> 
     </span>
     <span class='ocr_line' id='line_1_6' title="bbox 274 586 1820 637; baseline 0.002 -12"><span class='ocrx_word' id='word_1_47' title='bbox 274 587 456 626; x_wconf 80' lang='lat' dir='ltr'><strong>imitator</strong></span> <span class='ocrx_word' id='word_1_48' title='bbox 474 586 668 627; x_wconf 81' lang='lat' dir='ltr'><strong>Horatius</strong></span> <span class='ocrx_word' id='word_1_49' title='bbox 694 599 807 626; x_wconf 90' lang='lat' dir='ltr'><strong>serm.</strong></span> <span class='ocrx_word' id='word_1_50' title='bbox 833 587 854 626; x_wconf 97' lang='lat' dir='ltr'>I</span> <span class='ocrx_word' id='word_1_51' title='bbox 881 588 919 637; x_wconf 89' lang='lat'><strong>5,</strong></span> <span class='ocrx_word' id='word_1_52' title='bbox 946 588 1020 626; x_wconf 85' lang='lat'><strong>82:</strong></span> <span class='ocrx_word' id='word_1_53' title='bbox 1046 587 1143 627; x_wconf 83' lang='lat' dir='ltr'><strong>conf</strong></span> <span class='ocrx_word' id='word_1_54' title='bbox 1156 588 1294 626; x_wconf 89' lang='lat' dir='ltr'><strong>incert.</strong></span> <span class='ocrx_word' id='word_1_55' title='bbox 1314 600 1351 626; x_wconf 92' lang='lat' dir='ltr'><strong>u.</strong></span> <span class='ocrx_word' id='word_1_56' title='bbox 1374 588 1488 627; x_wconf 84' lang='lat'>1248</span> <span class='ocrx_word' id='word_1_57' title='bbox 1509 587 1635 627; x_wconf 88' lang='lat' dir='ltr'><strong>APV</strong></span> <span class='ocrx_word' id='word_1_58' title='bbox 1650 589 1733 628; x_wconf 86' lang='lat'><strong>235</strong></span> <span class='ocrx_word' id='word_1_59' title='bbox 1755 586 1820 628; x_wconf 73' lang='grc' dir='ltr'><strong>ἐπὶ</strong></span> 
     </span>
     <span class='ocr_line' id='line_1_7' title="bbox 273 642 1820 701; baseline 0.001 -15"><span class='ocrx_word' id='word_1_60' title='bbox 273 645 373 701; x_wconf 82' lang='grc' dir='ltr'><strong><em>κόρῃ</em></strong></span> <span class='ocrx_word' id='word_1_61' title='bbox 393 643 569 686; x_wconf 76' lang='grc' dir='ltr'><strong><em>ἀπειθεῖε</em></strong></span> <span class='ocrx_word' id='word_1_62' title='bbox 590 645 675 686; x_wconf 81' lang='grc' dir='ltr'><strong>Ναὶ</strong></span> <span class='ocrx_word' id='word_1_63' title='bbox 694 646 790 700; x_wconf 81' lang='grc' dir='ltr'><strong><em>τάχα</em></strong></span> <span class='ocrx_word' id='word_1_64' title='bbox 814 644 1033 698; x_wconf 81' lang='grc' dir='ltr'><strong><em>Τανταλέης</em></strong></span> <span class='ocrx_word' id='word_1_65' title='bbox 1043 642 1263 699; x_wconf 85' lang='grc' dir='ltr'><strong><em>Ἀχερόντια</em></strong></span> <span class='ocrx_word' id='word_1_66' title='bbox 1282 645 1444 699; x_wconf 64' lang='grc' dir='ltr'><strong><em>πκήματα</em></strong></span> <span class='ocrx_word' id='word_1_67' title='bbox 1461 653 1605 700; x_wconf 79' lang='grc' dir='ltr'><strong><em>ποινῆς</em></strong></span> <span class='ocrx_word' id='word_1_68' title='bbox 1622 644 1820 701; x_wconf 78' lang='grc' dir='ltr'><strong><em>ἡμετέρων</em></strong></span> 
     </span>
     <span class='ocr_line' id='line_1_8' title="bbox 273 700 1819 761; baseline 0.001 -15"><span class='ocrx_word' id='word_1_69' title='bbox 273 700 401 758; x_wconf 84' lang='grc' dir='ltr'><strong><em>ἀχέων</em></strong></span> <span class='ocrx_word' id='word_1_70' title='bbox 430 704 537 746; x_wconf 74' lang='grc' dir='ltr'><strong><em>ἐστὶν</em></strong></span> <span class='ocrx_word' id='word_1_71' title='bbox 567 705 819 760; x_wconf 77' lang='grc' dir='ltr'><strong><em>ἐλαφρότερα.</em></strong></span> <span class='ocrx_word' id='word_1_72' title='bbox 875 705 925 747; x_wconf 77' lang='grc' dir='ltr'><strong>οὐ</strong></span> <span class='ocrx_word' id='word_1_73' title='bbox 955 705 1030 760; x_wconf 81' lang='grc' dir='ltr'><strong>γὰρ</strong></span> <span class='ocrx_word' id='word_1_74' title='bbox 1063 704 1161 746; x_wconf 81' lang='grc' dir='ltr'><strong><em>ἰδὼν</em></strong></span> <span class='ocrx_word' id='word_1_75' title='bbox 1192 704 1257 747; x_wconf 84' lang='grc' dir='ltr'><strong>σέο</strong></span> <span class='ocrx_word' id='word_1_76' title='bbox 1287 706 1429 755; x_wconf 77' lang='grc' dir='ltr'><strong><em>κάλλος</em></strong></span> <span class='ocrx_word' id='word_1_77' title='bbox 1459 705 1663 761; x_wconf 81' lang='grc' dir='ltr'><strong><em>ἀπείργετο</em></strong></span> <span class='ocrx_word' id='word_1_78' title='bbox 1694 707 1819 760; x_wconf 80' lang='grc' dir='ltr'><strong><em>χείλεα</em></strong></span> 
     </span>
     <span class='ocr_line' id='line_1_9' title="bbox 274 764 1818 823; baseline 0.001 -18"><span class='ocrx_word' id='word_1_79' title='bbox 274 767 384 817; x_wconf 78' lang='grc' dir='ltr'><strong><em>μῖξαι</em></strong></span> <span class='ocrx_word' id='word_1_80' title='bbox 414 766 533 819; x_wconf 77' lang='grc' dir='ltr'><strong><em>χείλει·</em></strong></span> <span class='ocrx_word' id='word_1_81' title='bbox 560 770 615 822; x_wconf 80' lang='grc' dir='ltr'><strong>σῷ</strong></span> <span class='ocrx_word' id='word_1_82' title='bbox 642 764 792 821; x_wconf 61' lang='lat' dir='ltr'><strong>§odim</strong></span> <span class='ocrx_word' id='word_1_83' title='bbox 824 764 1022 823; x_wconf 78' lang='grc' dir='ltr'><strong><em>ἆβροτέρῳ</em></strong></span> <span class='ocrx_word' id='word_1_84' title='bbox 1059 766 1243 806; x_wconf 83' lang='grc' dir='ltr'><strong><em>καλύκων</em></strong></span> <span class='ocrx_word' id='word_1_85' title='bbox 1281 765 1478 815; x_wconf 79' lang='grc' dir='ltr'><strong><em>Τάνταλος</em></strong></span> <span class='ocrx_word' id='word_1_86' title='bbox 1514 765 1818 821; x_wconf 80' lang='grc' dir='ltr'><strong><em>ἀκριτόδακρυς·</em></strong></span> 
     </span>
     <span class='ocr_line' id='line_1_10' title="bbox 273 824 1818 880; baseline 0.001 -14"><span class='ocrx_word' id='word_1_87' title='bbox 273 824 558 879; x_wconf 81' lang='grc' dir='ltr'><strong><em>ὑπερτέλλοντα</em></strong></span> <span class='ocrx_word' id='word_1_88' title='bbox 589 824 631 866; x_wconf 83' lang='grc' dir='ltr'><strong>δὲ</strong></span> <span class='ocrx_word' id='word_1_89' title='bbox 662 824 806 880; x_wconf 82' lang='grc' dir='ltr'><strong><em>πέτρον</em></strong></span> <span class='ocrx_word' id='word_1_90' title='bbox 837 826 995 878; x_wconf 84' lang='grc' dir='ltr'><strong><em>δείδιεν,</em></strong></span> <span class='ocrx_word' id='word_1_91' title='bbox 1026 824 1124 866; x_wconf 82' lang='grc' dir='ltr'><strong><em>ἀλλὰ</em></strong></span> <span class='ocrx_word' id='word_1_92' title='bbox 1155 829 1301 866; x_wconf 85' lang='grc' dir='ltr'><strong><em>θανεῖν</em></strong></span> <span class='ocrx_word' id='word_1_93' title='bbox 1332 826 1516 880; x_wconf 81' lang='grc' dir='ltr'><strong><em>δεύτερον</em></strong></span> <span class='ocrx_word' id='word_1_94' title='bbox 1554 825 1603 868; x_wconf 79' lang='grc' dir='ltr'><strong>οὐ</strong></span> <span class='ocrx_word' id='word_1_95' title='bbox 1641 826 1818 869; x_wconf 82' lang='grc' dir='ltr'><strong><em>δύναται.</em></strong></span> 
     </span>
     <span class='ocr_line' id='line_1_11' title="bbox 274 881 1820 943; baseline 0.001 -18"><span class='ocrx_word' id='word_1_96' title='bbox 274 884 398 939; x_wconf 81' lang='grc' dir='ltr'><strong><em>αὐτὰρ</em></strong></span> <span class='ocrx_word' id='word_1_97' title='bbox 429 884 504 939; x_wconf 74' lang='grc' dir='ltr'><strong>ἐγὼ</strong></span> <span class='ocrx_word' id='word_1_98' title='bbox 536 886 634 934; x_wconf 81' lang='grc' dir='ltr'><em>ζωὸς</em></span> <span class='ocrx_word' id='word_1_99' title='bbox 665 883 738 938; x_wconf 68' lang='grc' dir='ltr'><strong>μὲν</strong></span> <span class='ocrx_word' id='word_1_100' title='bbox 769 884 845 926; x_wconf 80' lang='grc' dir='ltr'><strong>ἐὼν</strong></span> <span class='ocrx_word' id='word_1_101' title='bbox 879 885 1146 939; x_wconf 75' lang='grc' dir='ltr'><strong><em>κατατήκομαι</em></strong></span> <span class='ocrx_word' id='word_1_102' title='bbox 1183 886 1344 943; x_wconf 75' lang='grc' dir='ltr'><strong><em>οἴστρῳ·</em></strong></span> <span class='ocrx_word' id='word_1_103' title='bbox 1383 885 1426 926; x_wconf 79' lang='grc' dir='ltr'><strong>ἐκ</strong></span> <span class='ocrx_word' id='word_1_104' title='bbox 1462 881 1501 926; x_wconf 80' lang='grc' dir='ltr'><strong>δ’</strong></span> <span class='ocrx_word' id='word_1_105' title='bbox 1543 884 1820 941; x_wconf 78' lang='grc' dir='ltr'><strong><em>ὀλιγοδρανίης</em></strong></span> 
     </span>
     <span class='ocr_line' id='line_1_12' title="bbox 262 944 1819 1000; baseline 0.001 -14"><span class='ocrx_word' id='word_1_106' title='bbox 262 944 340 985; x_wconf 79' lang='grc' dir='ltr'><strong>’καὶ</strong></span> <span class='ocrx_word' id='word_1_107' title='bbox 372 945 497 999; x_wconf 90' lang='grc' dir='ltr'><strong><em>μόρον</em></strong></span> <span class='ocrx_word' id='word_1_108' title='bbox 528 944 645 1000; x_wconf 78' lang='grc' dir='ltr'><strong><em>ἐγγὺς</em></strong></span> <span class='ocrx_word' id='word_1_109' title='bbox 675 945 748 999; x_wconf 78' lang='grc' dir='ltr'><strong>ἔχω</strong></span> <span class='ocrx_word' id='word_1_110' title='bbox 776 947 860 986; x_wconf 87' lang='grc'><strong>245</strong></span> <span class='ocrx_word' id='word_1_111' title='bbox 893 944 960 986; x_wconf 78' lang='grc' dir='ltr'><strong>καὶ</strong></span> <span class='ocrx_word' id='word_1_112' title='bbox 996 946 1054 995; x_wconf 84' lang='grc' dir='ltr'><strong><em>τίς</em></strong></span> <span class='ocrx_word' id='word_1_113' title='bbox 1091 945 1306 998; x_wconf 83' lang='grc' dir='ltr'><strong><em>ὑποτλαίη;</em></strong></span> <span class='ocrx_word' id='word_1_114' title='bbox 1343 945 1439 999; x_wconf 77' lang='grc' dir='ltr'><strong><em>τάχα</em></strong></span> <span class='ocrx_word' id='word_1_115' title='bbox 1469 961 1540 998; x_wconf 86' lang='grc' dir='ltr'><strong><em>τις,</em></strong></span> <span class='ocrx_word' id='word_1_116' title='bbox 1576 946 1672 1000; x_wconf 83' lang='grc' dir='ltr'><strong><em>τάχα</em></strong></span> <span class='ocrx_word' id='word_1_117' title='bbox 1702 952 1819 988; x_wconf 82' lang='grc' dir='ltr'><strong><em>τοῦτο</em></strong></span> 
     </span>
     <span class='ocr_line' id='line_1_13' title="bbox 274 1004 1337 1059; baseline 0.002 -15"><span class='ocrx_word' id='word_1_118' title='bbox 274 1005 468 1053; x_wconf 82' lang='grc' dir='ltr'><strong><em>ταλάσσας</em></strong></span> <span class='ocrx_word' id='word_1_119' title='bbox 499 1005 627 1056; x_wconf 81' lang='grc' dir='ltr'><strong><em>δίψαν</em></strong></span> <span class='ocrx_word' id='word_1_120' title='bbox 662 1004 889 1058; x_wconf 84' lang='grc' dir='ltr'><strong><em>Τανταλέην</em></strong></span> <span class='ocrx_word' id='word_1_121' title='bbox 919 1005 1096 1058; x_wconf 83' lang='grc' dir='ltr'><strong><em>τλήσεται</em></strong></span> <span class='ocrx_word' id='word_1_122' title='bbox 1126 1004 1337 1059; x_wconf 82' lang='grc' dir='ltr'><strong><em>εὐμαρέως.</em></strong></span> 
     </span>
    </p>

    <p class='ocr_par' dir='ltr' id='par_1_5' title="bbox 271 1060 1819 2317">
     <span class='ocr_line' id='line_1_14' title="bbox 396 1060 1817 1119; baseline 0.001 -14"><span class='ocrx_word' id='word_1_123' title='bbox 396 1060 506 1106; x_wconf 79' lang='grc'><strong>142.</strong></span> <span class='ocrx_word' id='word_1_124' title='bbox 540 1066 751 1106; x_wconf 85' lang='lat' dir='ltr'><strong>Diomedes</strong></span> <span class='ocrx_word' id='word_1_125' title='bbox 775 1065 843 1106; x_wconf 87' lang='lat' dir='ltr'><strong>GL</strong></span> <span class='ocrx_word' id='word_1_126' title='bbox 862 1066 883 1105; x_wconf 95' lang='lat' dir='ltr'>I</span> <span class='ocrx_word' id='word_1_127' title='bbox 907 1080 945 1117; x_wconf 89' lang='lat' dir='ltr'><strong>p.</strong></span> <span class='ocrx_word' id='word_1_128' title='bbox 968 1067 1066 1117; x_wconf 86' lang='grc'><strong>376,</strong></span> <span class='ocrx_word' id='word_1_129' title='bbox 1090 1066 1191 1106; x_wconf 91' lang='grc' dir='ltr'><strong>12Κ</strong></span> <span class='ocrx_word' id='word_1_130' title='bbox 1213 1063 1306 1106; x_wconf 87' lang='lat' dir='ltr'><strong>‘Sed</strong></span> <span class='ocrx_word' id='word_1_131' title='bbox 1331 1067 1560 1119; x_wconf 84' lang='lat' dir='ltr'><strong>expergitus</strong></span> <span class='ocrx_word' id='word_1_132' title='bbox 1580 1066 1728 1106; x_wconf 87' lang='lat' dir='ltr'><strong>dicitur</strong></span> <span class='ocrx_word' id='word_1_133' title='bbox 1746 1067 1817 1118; x_wconf 91' lang='lat' dir='ltr'><strong>qui</strong></span> 
     </span>
     <span class='ocr_line' id='line_1_15' title="bbox 276 1123 1817 1179; baseline 0.001 -14"><span class='ocrx_word' id='word_1_134' title='bbox 276 1126 447 1165; x_wconf 87' lang='lat' dir='ltr'><strong>satiatus</strong></span> <span class='ocrx_word' id='word_1_135' title='bbox 479 1138 618 1166; x_wconf 88' lang='lat' dir='ltr'><strong>somno</strong></span> <span class='ocrx_word' id='word_1_136' title='bbox 649 1128 791 1178; x_wconf 87' lang='lat' dir='ltr'><strong>sponte</strong></span> <span class='ocrx_word' id='word_1_137' title='bbox 828 1126 1006 1179; x_wconf 87' lang='lat' dir='ltr'><strong>euigilat.</strong></span> <span class='ocrx_word' id='word_1_138' title='bbox 1068 1126 1173 1166; x_wconf 88' lang='lat' dir='ltr'><strong>unde</strong></span> <span class='ocrx_word' id='word_1_139' title='bbox 1211 1128 1252 1166; x_wconf 89' lang='lat' dir='ltr'><strong>et</strong></span> <span class='ocrx_word' id='word_1_140' title='bbox 1281 1126 1458 1166; x_wconf 83' lang='lat' dir='ltr'><strong>Lucilius</strong></span> <span class='ocrx_word' id='word_1_141' title='bbox 1497 1128 1557 1166; x_wconf 87' lang='lat' dir='ltr'><strong>ait</strong></span> <span class='ocrx_word' id='word_1_142' title='bbox 1595 1123 1693 1177; x_wconf 70' lang='lat' dir='ltr'><strong>“eqo</strong></span> <span class='ocrx_word' id='word_1_143' title='bbox 1725 1157 1734 1166; x_wconf 92' lang='lat'>.</span> <span class='ocrx_word' id='word_1_144' title='bbox 1767 1157 1776 1166; x_wconf 91' lang='lat'><strong>.</strong></span> <span class='ocrx_word' id='word_1_145' title='bbox 1809 1157 1817 1166; x_wconf 94' lang='lat'><strong>.</strong></span> 
     </span>
     <span class='ocr_line' id='line_1_16' title="bbox 274 1182 1818 1238; baseline 0.001 -12"><span class='ocrx_word' id='word_1_146' title='bbox 274 1182 464 1226; x_wconf 89' lang='lat' dir='ltr'><strong>clamo&#39;&#39;.’</strong></span> <span class='ocrx_word' id='word_1_147' title='bbox 527 1186 755 1226; x_wconf 83' lang='lat' dir='ltr'><strong>Priscianus</strong></span> <span class='ocrx_word' id='word_1_148' title='bbox 794 1186 862 1226; x_wconf 89' lang='lat' dir='ltr'><strong>GL</strong></span> <span class='ocrx_word' id='word_1_149' title='bbox 887 1186 930 1226; x_wconf 88' lang='lat' dir='ltr'><strong>H</strong></span> <span class='ocrx_word' id='word_1_150' title='bbox 958 1200 998 1238; x_wconf 89' lang='lat' dir='ltr'><strong>p.</strong></span> <span class='ocrx_word' id='word_1_151' title='bbox 1026 1187 1125 1236; x_wconf 86' lang='lat'>512,</span> <span class='ocrx_word' id='word_1_152' title='bbox 1153 1186 1256 1226; x_wconf 73' lang='lat'><strong>241(</strong></span> <span class='ocrx_word' id='word_1_153' title='bbox 1306 1183 1516 1233; x_wconf 81' lang='lat' dir='ltr'><strong>‘Quamuis</strong></span> <span class='ocrx_word' id='word_1_154' title='bbox 1556 1187 1818 1227; x_wconf 87' lang='lat' dir='ltr'><strong>uetustissimi</strong></span> 
     </span>
     <span class='ocr_line' id='line_1_17' title="bbox 273 1243 1816 1298; baseline 0.001 -13"><span class='ocrx_word' id='word_1_155' title='bbox 273 1246 397 1286; x_wconf 91' lang='lat' dir='ltr'><strong>etiam</strong></span> <span class='ocrx_word' id='word_1_156' title='bbox 422 1247 650 1298; x_wconf 81' lang='lat' dir='ltr'><strong>expergitus</strong></span> <span class='ocrx_word' id='word_1_157' title='bbox 676 1246 872 1286; x_wconf 84' lang='lat' dir='ltr'><strong>dicebant.</strong></span> <span class='ocrx_word' id='word_1_158' title='bbox 923 1246 1102 1286; x_wconf 86' lang='lat' dir='ltr'><strong>Lucilius</strong></span> <span class='ocrx_word' id='word_1_159' title='bbox 1126 1246 1168 1285; x_wconf 91' lang='lat' dir='ltr'><strong>in</strong></span> <span class='ocrx_word' id='word_1_160' title='bbox 1193 1246 1256 1286; x_wconf 92' lang='grc' dir='ltr'><strong>ΠΙ</strong></span> <span class='ocrx_word' id='word_1_161' title='bbox 1283 1243 1336 1285; x_wconf 87' lang='lat' dir='ltr'><strong>“e</strong></span> <span class='ocrx_word' id='word_1_162' title='bbox 1362 1259 1499 1287; x_wconf 89' lang='lat' dir='ltr'><strong>somno</strong></span> <span class='ocrx_word' id='word_1_163' title='bbox 1520 1277 1528 1285; x_wconf 93' lang='lat'><strong>.</strong></span> <span class='ocrx_word' id='word_1_164' title='bbox 1550 1277 1558 1286; x_wconf 95' lang='lat'><strong><em>.</em></strong></span> <span class='ocrx_word' id='word_1_165' title='bbox 1579 1277 1587 1286; x_wconf 88' lang='lat'><strong>.</strong></span> <span class='ocrx_word' id='word_1_166' title='bbox 1608 1243 1816 1287; x_wconf 79' lang='lat' dir='ltr'><strong>clamas&#39;’.&#39;</strong></span> 
     </span>
     <span class='ocr_line' id='line_1_18' title="bbox 274 1306 1818 1357; baseline 0.001 -12"><span class='ocrx_word' id='word_1_167' title='bbox 274 1306 471 1345; x_wconf 90' lang='lat' dir='ltr'><strong>Delerunt</strong></span> <span class='ocrx_word' id='word_1_168' title='bbox 494 1307 614 1346; x_wconf 90' lang='lat' dir='ltr'><strong>multi</strong></span> <span class='ocrx_word' id='word_1_169' title='bbox 638 1306 815 1346; x_wconf 88' lang='lat' dir='ltr'><strong>Keilium</strong></span> <span class='ocrx_word' id='word_1_170' title='bbox 840 1308 967 1346; x_wconf 87' lang='lat' dir='ltr'><strong>secuti</strong></span> <span class='ocrx_word' id='word_1_171' title='bbox 993 1318 1058 1357; x_wconf 75' lang='lat' dir='ltr'><strong>eyo</strong></span> <span class='ocrx_word' id='word_1_172' title='bbox 1085 1308 1200 1357; x_wconf 86' lang='lat' dir='ltr'><strong>quasi</strong></span> <span class='ocrx_word' id='word_1_173' title='bbox 1225 1307 1364 1346; x_wconf 86' lang='lat' dir='ltr'><strong>natum</strong></span> <span class='ocrx_word' id='word_1_174' title='bbox 1390 1306 1646 1357; x_wconf 88' lang='lat' dir='ltr'><strong>sequentibus</strong></span> <span class='ocrx_word' id='word_1_175' title='bbox 1671 1306 1818 1347; x_wconf 90' lang='lat' dir='ltr'><strong>litteris</strong></span> 
     </span>
     <span class='ocr_line' id='line_1_19' title="bbox 274 1365 1816 1417; baseline 0.001 -12"><span class='ocrx_word' id='word_1_176' title='bbox 274 1378 294 1405; x_wconf 83' lang='lat' dir='ltr'><strong>e</strong></span> <span class='ocrx_word' id='word_1_177' title='bbox 323 1377 478 1405; x_wconf 80' lang='lat' dir='ltr'><strong>somno:</strong></span> <span class='ocrx_word' id='word_1_178' title='bbox 508 1366 612 1406; x_wconf 89' lang='lat' dir='ltr'><strong>unde</strong></span> <span class='ocrx_word' id='word_1_179' title='bbox 643 1366 796 1406; x_wconf 87' lang='lat' dir='ltr'><strong>factum</strong></span> <span class='ocrx_word' id='word_1_180' title='bbox 827 1379 912 1406; x_wconf 87' lang='lat' dir='ltr'><strong>esse</strong></span> <span class='ocrx_word' id='word_1_181' title='bbox 943 1368 991 1406; x_wconf 92' lang='lat' dir='ltr'><strong>nt</strong></span> <span class='ocrx_word' id='word_1_182' title='bbox 1022 1366 1183 1411; x_wconf 82' lang='lat' dir='ltr'><strong>clamas,</strong></span> <span class='ocrx_word' id='word_1_183' title='bbox 1217 1366 1323 1417; x_wconf 88' lang='lat' dir='ltr'><strong>quod</strong></span> <span class='ocrx_word' id='word_1_184' title='bbox 1353 1368 1459 1406; x_wconf 87' lang='lat' dir='ltr'><strong>reete</strong></span> <span class='ocrx_word' id='word_1_185' title='bbox 1487 1366 1625 1406; x_wconf 89' lang='lat' dir='ltr'><strong>tradat</strong></span> <span class='ocrx_word' id='word_1_186' title='bbox 1648 1365 1816 1406; x_wconf 86' lang='lat' dir='ltr'><strong>Priscia-</strong></span> 
     </span>
     <span class='ocr_line' id='line_1_20' title="bbox 273 1425 1817 1478; baseline 0.001 -13"><span class='ocrx_word' id='word_1_187' title='bbox 273 1437 360 1476; x_wconf 87' lang='lat' dir='ltr'><strong>nus,</strong></span> <span class='ocrx_word' id='word_1_188' title='bbox 391 1425 498 1477; x_wconf 90' lang='lat' dir='ltr'><strong>apud</strong></span> <span class='ocrx_word' id='word_1_189' title='bbox 529 1426 764 1466; x_wconf 87' lang='lat' dir='ltr'><strong>Diomedem</strong></span> <span class='ocrx_word' id='word_1_190' title='bbox 794 1428 997 1466; x_wconf 87' lang='lat' dir='ltr'><strong>mutatum</strong></span> <span class='ocrx_word' id='word_1_191' title='bbox 1027 1427 1081 1466; x_wconf 88' lang='lat' dir='ltr'><strong>sit</strong></span> <span class='ocrx_word' id='word_1_192' title='bbox 1110 1427 1154 1466; x_wconf 91' lang='lat' dir='ltr'><strong>in</strong></span> <span class='ocrx_word' id='word_1_193' title='bbox 1192 1427 1326 1466; x_wconf 83' lang='lat' dir='ltr'><strong>clamo.</strong></span> <span class='ocrx_word' id='word_1_194' title='bbox 1386 1426 1444 1466; x_wconf 90' lang='lat' dir='ltr'><strong>At</strong></span> <span class='ocrx_word' id='word_1_195' title='bbox 1478 1427 1611 1478; x_wconf 89' lang='lat' dir='ltr'><strong>prima</strong></span> <span class='ocrx_word' id='word_1_196' title='bbox 1646 1438 1817 1478; x_wconf 88' lang='lat' dir='ltr'><strong>persona</strong></span> 
     </span>
     <span class='ocr_line' id='line_1_21' title="bbox 273 1486 1816 1538; baseline 0.001 -13"><span class='ocrx_word' id='word_1_197' title='bbox 273 1487 432 1526; x_wconf 86' lang='lat' dir='ltr'><strong>tantum</strong></span> <span class='ocrx_word' id='word_1_198' title='bbox 463 1498 543 1525; x_wconf 91' lang='lat' dir='ltr'><strong>non</strong></span> <span class='ocrx_word' id='word_1_199' title='bbox 575 1486 800 1538; x_wconf 86' lang='lat' dir='ltr'><strong>flagitatur:</strong></span> <span class='ocrx_word' id='word_1_200' title='bbox 833 1488 923 1537; x_wconf 91' lang='lat' dir='ltr'><strong>quis</strong></span> <span class='ocrx_word' id='word_1_201' title='bbox 954 1487 1061 1526; x_wconf 86' lang='lat' dir='ltr'><strong>enim</strong></span> <span class='ocrx_word' id='word_1_202' title='bbox 1090 1487 1250 1537; x_wconf 87' lang='lat' dir='ltr'><strong>poterat</strong></span> <span class='ocrx_word' id='word_1_203' title='bbox 1280 1498 1424 1538; x_wconf 89' lang='lat' dir='ltr'><strong>pueros</strong></span> <span class='ocrx_word' id='word_1_204' title='bbox 1456 1499 1477 1526; x_wconf 92' lang='lat' dir='ltr'><strong>e</strong></span> <span class='ocrx_word' id='word_1_205' title='bbox 1507 1499 1645 1526; x_wconf 86' lang='lat' dir='ltr'><strong>somno</strong></span> <span class='ocrx_word' id='word_1_206' title='bbox 1680 1499 1816 1538; x_wconf 88' lang='lat' dir='ltr'><strong>exper-</strong></span> 
     </span>
     <span class='ocr_line' id='line_1_22' title="bbox 272 1546 1818 1597; baseline 0.001 -12"><span class='ocrx_word' id='word_1_207' title='bbox 272 1547 404 1585; x_wconf 83' lang='lat' dir='ltr'><strong>rectus</strong></span> <span class='ocrx_word' id='word_1_208' title='bbox 435 1559 552 1586; x_wconf 88' lang='lat' dir='ltr'><strong>mane</strong></span> <span class='ocrx_word' id='word_1_209' title='bbox 584 1547 756 1586; x_wconf 85' lang='lat' dir='ltr'><strong>clamare</strong></span> <span class='ocrx_word' id='word_1_210' title='bbox 788 1547 867 1586; x_wconf 89' lang='lat' dir='ltr'><strong>nisi</strong></span> <span class='ocrx_word' id='word_1_211' title='bbox 901 1548 972 1597; x_wconf 92' lang='lat' dir='ltr'><strong>qui</strong></span> <span class='ocrx_word' id='word_1_212' title='bbox 1009 1546 1086 1586; x_wconf 90' lang='lat' dir='ltr'><strong>iter</strong></span> <span class='ocrx_word' id='word_1_213' title='bbox 1123 1559 1241 1586; x_wconf 87' lang='lat' dir='ltr'><strong>suum</strong></span> <span class='ocrx_word' id='word_1_214' title='bbox 1278 1547 1405 1586; x_wconf 87' lang='lat' dir='ltr'><strong>facete</strong></span> <span class='ocrx_word' id='word_1_215' title='bbox 1442 1548 1625 1586; x_wconf 89' lang='lat' dir='ltr'><strong>narrauit</strong></span> <span class='ocrx_word' id='word_1_216' title='bbox 1659 1547 1703 1586; x_wconf 86' lang='lat' dir='ltr'><strong>in</strong></span> <span class='ocrx_word' id='word_1_217' title='bbox 1742 1547 1818 1586; x_wconf 90' lang='lat' dir='ltr'><strong>hoc</strong></span> 
     </span>
     <span class='ocr_line' id='line_1_23' title="bbox 272 1604 1817 1658; baseline 0.001 -13"><span class='ocrx_word' id='word_1_218' title='bbox 272 1604 405 1645; x_wconf 83' lang='lat' dir='ltr'><strong>libro?</strong></span> <span class='ocrx_word' id='word_1_219' title='bbox 453 1606 632 1647; x_wconf 87' lang='lat' dir='ltr'><strong>Alterius</strong></span> <span class='ocrx_word' id='word_1_220' title='bbox 663 1619 858 1657; x_wconf 84' lang='lat' dir='ltr'><strong>personae</strong></span> <span class='ocrx_word' id='word_1_221' title='bbox 888 1620 937 1646; x_wconf 91' lang='lat' dir='ltr'><strong>ne</strong></span> <span class='ocrx_word' id='word_1_222' title='bbox 968 1607 1101 1646; x_wconf 90' lang='lat' dir='ltr'><strong>locum</strong></span> <span class='ocrx_word' id='word_1_223' title='bbox 1133 1606 1294 1657; x_wconf 89' lang='lat' dir='ltr'><strong>quidem</strong></span> <span class='ocrx_word' id='word_1_224' title='bbox 1325 1618 1408 1646; x_wconf 86' lang='lat' dir='ltr'><strong>esse</strong></span> <span class='ocrx_word' id='word_1_225' title='bbox 1438 1608 1554 1657; x_wconf 91' lang='lat' dir='ltr'><strong>patet</strong></span> <span class='ocrx_word' id='word_1_226' title='bbox 1586 1619 1714 1658; x_wconf 89' lang='lat' dir='ltr'><strong>neque</strong></span> <span class='ocrx_word' id='word_1_227' title='bbox 1751 1618 1817 1656; x_wconf 72' lang='lat' dir='ltr'><strong>eqo</strong></span> 
     </span>
     <span class='ocr_line' id='line_1_24' title="bbox 274 1666 1818 1719; baseline 0 -13"><span class='ocrx_word' id='word_1_228' title='bbox 274 1666 552 1719; x_wconf 87' lang='lat' dir='ltr'><strong>dittographia</strong></span> <span class='ocrx_word' id='word_1_229' title='bbox 582 1668 723 1706; x_wconf 86' lang='lat' dir='ltr'><strong>natum</strong></span> <span class='ocrx_word' id='word_1_230' title='bbox 755 1679 838 1706; x_wconf 89' lang='lat' dir='ltr'><strong>esse</strong></span> <span class='ocrx_word' id='word_1_231' title='bbox 869 1666 1119 1718; x_wconf 88' lang='lat' dir='ltr'><strong>probabilius</strong></span> <span class='ocrx_word' id='word_1_232' title='bbox 1151 1668 1212 1706; x_wconf 88' lang='lat' dir='ltr'><strong>est</strong></span> <span class='ocrx_word' id='word_1_233' title='bbox 1243 1679 1363 1717; x_wconf 90' lang='lat' dir='ltr'><strong>quam</strong></span> <span class='ocrx_word' id='word_1_234' title='bbox 1395 1678 1483 1716; x_wconf 72' lang='lat' dir='ltr'><strong>erqo</strong></span> <span class='ocrx_word' id='word_1_235' title='bbox 1507 1667 1708 1718; x_wconf 86' lang='lat' dir='ltr'><strong>particula</strong></span> <span class='ocrx_word' id='word_1_236' title='bbox 1733 1679 1818 1706; x_wconf 90' lang='lat' dir='ltr'><strong>cor-</strong></span> 
     </span>
     <span class='ocr_line' id='line_1_25' title="bbox 273 1725 1819 1779; baseline 0.001 -14"><span class='ocrx_word' id='word_1_237' title='bbox 273 1727 405 1778; x_wconf 87' lang='lat' dir='ltr'><strong>rupta.</strong></span> <span class='ocrx_word' id='word_1_238' title='bbox 454 1726 604 1766; x_wconf 86' lang='lat' dir='ltr'><strong>Pueros</strong></span> <span class='ocrx_word' id='word_1_239' title='bbox 635 1727 785 1767; x_wconf 88' lang='lat' dir='ltr'><strong>clamat</strong></span> <span class='ocrx_word' id='word_1_240' title='bbox 811 1729 933 1778; x_wconf 91' lang='lat' dir='ltr'><strong>poeta</strong></span> <span class='ocrx_word' id='word_1_241' title='bbox 956 1739 1073 1766; x_wconf 91' lang='lat' dir='ltr'><strong>mane</strong></span> <span class='ocrx_word' id='word_1_242' title='bbox 1097 1728 1144 1766; x_wconf 89' lang='lat' dir='ltr'><strong>ut</strong></span> <span class='ocrx_word' id='word_1_243' title='bbox 1167 1726 1318 1778; x_wconf 89' lang='lat' dir='ltr'><strong>Vergil.</strong></span> <span class='ocrx_word' id='word_1_244' title='bbox 1343 1727 1466 1779; x_wconf 86' lang='lat' dir='ltr'><strong>eclog.</strong></span> <span class='ocrx_word' id='word_1_245' title='bbox 1491 1726 1550 1766; x_wconf 92' lang='lat' dir='ltr'><strong>VI</strong></span> <span class='ocrx_word' id='word_1_246' title='bbox 1576 1727 1631 1766; x_wconf 86' lang='lat'><strong>43</strong></span> <span class='ocrx_word' id='word_1_247' title='bbox 1657 1725 1819 1777; x_wconf 86' lang='lat' dir='ltr'><strong>scripsit</strong></span> 
     </span>
     <span class='ocr_line' id='line_1_26' title="bbox 275 1783 1819 1837; baseline 0.001 -12"><span class='ocrx_word' id='word_1_248' title='bbox 275 1783 427 1837; x_wconf 83' lang='lat' dir='ltr'><strong>‘Hylan</strong></span> <span class='ocrx_word' id='word_1_249' title='bbox 458 1788 607 1826; x_wconf 89' lang='lat' dir='ltr'><strong>nautae</strong></span> <span class='ocrx_word' id='word_1_250' title='bbox 639 1800 718 1837; x_wconf 91' lang='lat' dir='ltr'><strong>quo</strong></span> <span class='ocrx_word' id='word_1_251' title='bbox 744 1788 854 1827; x_wconf 82' lang='lat' dir='ltr'><strong>fonte</strong></span> <span class='ocrx_word' id='word_1_252' title='bbox 879 1787 1064 1827; x_wconf 88' lang='lat' dir='ltr'><strong>relictum</strong></span> <span class='ocrx_word' id='word_1_253' title='bbox 1090 1787 1341 1837; x_wconf 86' lang='lat' dir='ltr'><strong>clamassent,</strong></span> <span class='ocrx_word' id='word_1_254' title='bbox 1371 1788 1419 1826; x_wconf 91' lang='lat' dir='ltr'><strong>ut</strong></span> <span class='ocrx_word' id='word_1_255' title='bbox 1442 1787 1539 1826; x_wconf 87' lang='lat' dir='ltr'><strong>litus</strong></span> <span class='ocrx_word' id='word_1_256' title='bbox 1563 1786 1685 1837; x_wconf 81' lang='lat' dir='ltr'><strong>Hyla,</strong></span> <span class='ocrx_word' id='word_1_257' title='bbox 1709 1786 1819 1837; x_wconf 82' lang='lat' dir='ltr'><strong>Hyla</strong></span> 
     </span>
     <span class='ocr_line' id='line_1_27' title="bbox 272 1843 1813 1898; baseline 0 -12"><span class='ocrx_word' id='word_1_258' title='bbox 272 1859 388 1886; x_wconf 89' lang='lat' dir='ltr'><strong>omne</strong></span> <span class='ocrx_word' id='word_1_259' title='bbox 420 1843 595 1886; x_wconf 86' lang='lat' dir='ltr'><strong>sonaret’</strong></span> <span class='ocrx_word' id='word_1_260' title='bbox 629 1846 837 1898; x_wconf 86' lang='lat' dir='ltr'><strong>lepideque</strong></span> <span class='ocrx_word' id='word_1_261' title='bbox 868 1847 973 1886; x_wconf 86' lang='lat' dir='ltr'><strong>hunc</strong></span> <span class='ocrx_word' id='word_1_262' title='bbox 1003 1861 1041 1886; x_wconf 91' lang='lat' dir='ltr'><strong>u.</strong></span> <span class='ocrx_word' id='word_1_263' title='bbox 1071 1846 1218 1886; x_wconf 88' lang='lat' dir='ltr'><strong>Lucilii</strong></span> <span class='ocrx_word' id='word_1_264' title='bbox 1249 1847 1466 1897; x_wconf 85' lang='lat' dir='ltr'><strong>explanant</strong></span> <span class='ocrx_word' id='word_1_265' title='bbox 1494 1845 1666 1886; x_wconf 88' lang='lat' dir='ltr'><strong>Ausonii</strong></span> <span class='ocrx_word' id='word_1_266' title='bbox 1697 1846 1813 1897; x_wconf 88' lang='lat' dir='ltr'><strong>ephe-</strong></span> 
     </span>
     <span class='ocr_line' id='line_1_28' title="bbox 271 1901 1817 1961; baseline 0.001 -16"><span class='ocrx_word' id='word_1_267' title='bbox 271 1907 434 1946; x_wconf 87' lang='lat' dir='ltr'><strong>meridis</strong></span> <span class='ocrx_word' id='word_1_268' title='bbox 459 1907 638 1946; x_wconf 86' lang='lat' dir='ltr'><strong>carmina</strong></span> <span class='ocrx_word' id='word_1_269' title='bbox 662 1908 794 1958; x_wconf 88' lang='lat' dir='ltr'><strong>prima</strong></span> <span class='ocrx_word' id='word_1_270' title='bbox 818 1901 876 1961; x_wconf 90' lang='lat' dir='ltr'><strong>(p.</strong></span> <span class='ocrx_word' id='word_1_271' title='bbox 899 1908 923 1946; x_wconf 87' lang='lat'><strong>3</strong></span> <span class='ocrx_word' id='word_1_272' title='bbox 940 1906 1122 1947; x_wconf 85' lang='lat' dir='ltr'><strong>Schenkl.</strong></span> <span class='ocrx_word' id='word_1_273' title='bbox 1148 1920 1186 1958; x_wconf 92' lang='lat' dir='ltr'><strong>p.</strong></span> <span class='ocrx_word' id='word_1_274' title='bbox 1209 1907 1233 1946; x_wconf 89' lang='lat'>5</span> <span class='ocrx_word' id='word_1_275' title='bbox 1249 1901 1378 1961; x_wconf 89' lang='lat' dir='ltr'><strong>Peip.)</strong></span> <span class='ocrx_word' id='word_1_276' title='bbox 1413 1903 1544 1946; x_wconf 84' lang='lat' dir='ltr'><strong>‘Mane</strong></span> <span class='ocrx_word' id='word_1_277' title='bbox 1563 1906 1645 1946; x_wconf 91' lang='lat' dir='ltr'><strong>iam</strong></span> <span class='ocrx_word' id='word_1_278' title='bbox 1665 1906 1817 1946; x_wconf 87' lang='lat' dir='ltr'><strong>clarum</strong></span> 
     </span>
     <span class='ocr_line' id='line_1_29' title="bbox 271 1966 1815 2018; baseline 0 -12"><span class='ocrx_word' id='word_1_279' title='bbox 271 1968 423 2006; x_wconf 86' lang='lat' dir='ltr'><strong>reserat</strong></span> <span class='ocrx_word' id='word_1_280' title='bbox 452 1967 658 2017; x_wconf 85' lang='lat' dir='ltr'><strong>fenestras,</strong></span> <span class='ocrx_word' id='word_1_281' title='bbox 689 1968 772 2006; x_wconf 87' lang='lat' dir='ltr'><strong>iam</strong></span> <span class='ocrx_word' id='word_1_282' title='bbox 803 1967 948 2018; x_wconf 87' lang='lat' dir='ltr'><strong>strepit</strong></span> <span class='ocrx_word' id='word_1_283' title='bbox 977 1966 1082 2006; x_wconf 85' lang='lat' dir='ltr'><strong>nidis</strong></span> <span class='ocrx_word' id='word_1_284' title='bbox 1112 1966 1266 2018; x_wconf 89' lang='lat' dir='ltr'><strong>uigilax</strong></span> <span class='ocrx_word' id='word_1_285' title='bbox 1295 1966 1485 2006; x_wconf 85' lang='lat' dir='ltr'><strong>hirundo:</strong></span> <span class='ocrx_word' id='word_1_286' title='bbox 1516 1968 1561 2005; x_wconf 89' lang='lat' dir='ltr'><strong>tu</strong></span> <span class='ocrx_word' id='word_1_287' title='bbox 1592 1967 1705 2006; x_wconf 91' lang='lat' dir='ltr'><strong>uelut</strong></span> <span class='ocrx_word' id='word_1_288' title='bbox 1734 1967 1815 2017; x_wconf 90' lang='lat' dir='ltr'><strong>pri-</strong></span> 
     </span>
     <span class='ocr_line' id='line_1_30' title="bbox 272 2025 1817 2078; baseline 0 -13"><span class='ocrx_word' id='word_1_289' title='bbox 272 2039 380 2065; x_wconf 85' lang='lat' dir='ltr'><strong>mam</strong></span> <span class='ocrx_word' id='word_1_290' title='bbox 422 2026 673 2078; x_wconf 83' lang='lat' dir='ltr'><strong>mediamque</strong></span> <span class='ocrx_word' id='word_1_291' title='bbox 722 2028 881 2066; x_wconf 85' lang='lat' dir='ltr'><strong>noctem</strong></span> <span class='ocrx_word' id='word_1_292' title='bbox 926 2026 1122 2066; x_wconf 82' lang='lat' dir='ltr'><strong>Parmeno</strong></span> <span class='ocrx_word' id='word_1_293' title='bbox 1171 2025 1320 2066; x_wconf 86' lang='lat' dir='ltr'><strong>dormis</strong></span> <span class='ocrx_word' id='word_1_294' title='bbox 1355 2057 1361 2064; x_wconf 96' lang='lat'>.</span> <span class='ocrx_word' id='word_1_295' title='bbox 1396 2057 1403 2064; x_wconf 91' lang='lat'>.</span> <span class='ocrx_word' id='word_1_296' title='bbox 1438 2056 1446 2064; x_wconf 87' lang='lat'><strong>.</strong></span> <span class='ocrx_word' id='word_1_297' title='bbox 1478 2038 1594 2078; x_wconf 85' lang='lat' dir='ltr'><strong>surge</strong></span> <span class='ocrx_word' id='word_1_298' title='bbox 1643 2027 1817 2078; x_wconf 85' lang='lat' dir='ltr'><strong>nugator</strong></span> 
     </span>
     <span class='ocr_line' id='line_1_31' title="bbox 272 2085 1815 2139; baseline 0.001 -15"><span class='ocrx_word' id='word_1_299' title='bbox 272 2086 481 2126; x_wconf 87' lang='lat' dir='ltr'><strong>lacerande</strong></span> <span class='ocrx_word' id='word_1_300' title='bbox 513 2087 658 2138; x_wconf 88' lang='lat' dir='ltr'><strong>uirgis,</strong></span> <span class='ocrx_word' id='word_1_301' title='bbox 695 2099 830 2139; x_wconf 87' lang='lat' dir='ltr'><strong>surge,</strong></span> <span class='ocrx_word' id='word_1_302' title='bbox 867 2100 916 2126; x_wconf 89' lang='lat' dir='ltr'><strong>ne</strong></span> <span class='ocrx_word' id='word_1_303' title='bbox 947 2087 1090 2139; x_wconf 90' lang='lat' dir='ltr'><strong>longus</strong></span> <span class='ocrx_word' id='word_1_304' title='bbox 1127 2085 1204 2126; x_wconf 87' lang='lat' dir='ltr'><strong>tibi</strong></span> <span class='ocrx_word' id='word_1_305' title='bbox 1241 2098 1403 2126; x_wconf 90' lang='lat' dir='ltr'><strong>somnus</strong></span> <span class='ocrx_word' id='word_1_306' title='bbox 1440 2086 1544 2124; x_wconf 88' lang='lat' dir='ltr'><strong>unde</strong></span> <span class='ocrx_word' id='word_1_307' title='bbox 1581 2098 1661 2125; x_wconf 92' lang='lat' dir='ltr'><strong>non</strong></span> <span class='ocrx_word' id='word_1_308' title='bbox 1697 2086 1815 2125; x_wconf 87' lang='lat' dir='ltr'><strong>times</strong></span> 
     </span>
     <span class='ocr_line' id='line_1_32' title="bbox 273 2145 1815 2198; baseline -0.001 -13"><span class='ocrx_word' id='word_1_309' title='bbox 273 2145 400 2196; x_wconf 87' lang='lat' dir='ltr'><strong>detur,</strong></span> <span class='ocrx_word' id='word_1_310' title='bbox 432 2159 529 2198; x_wconf 88' lang='lat' dir='ltr'><strong>rape</strong></span> <span class='ocrx_word' id='word_1_311' title='bbox 559 2146 738 2186; x_wconf 89' lang='lat' dir='ltr'><strong>membra</strong></span> <span class='ocrx_word' id='word_1_312' title='bbox 769 2146 883 2186; x_wconf 90' lang='lat' dir='ltr'><strong>molli</strong></span> <span class='ocrx_word' id='word_1_313' title='bbox 913 2146 1108 2186; x_wconf 89' lang='lat' dir='ltr'><strong>Parmeno</strong></span> <span class='ocrx_word' id='word_1_314' title='bbox 1140 2146 1243 2186; x_wconf 89' lang='lat' dir='ltr'><strong>lecto</strong></span> <span class='ocrx_word' id='word_1_315' title='bbox 1276 2176 1285 2185; x_wconf 87' lang='lat'><strong>.</strong></span> <span class='ocrx_word' id='word_1_316' title='bbox 1313 2177 1320 2185; x_wconf 90' lang='lat'><strong>.</strong></span> <span class='ocrx_word' id='word_1_317' title='bbox 1348 2177 1355 2184; x_wconf 91' lang='lat'>.</span> <span class='ocrx_word' id='word_1_318' title='bbox 1387 2146 1493 2185; x_wconf 92' lang='lat' dir='ltr'><strong>Puer</strong></span> <span class='ocrx_word' id='word_1_319' title='bbox 1524 2146 1587 2185; x_wconf 87' lang='lat' dir='ltr'><strong>eia</strong></span> <span class='ocrx_word' id='word_1_320' title='bbox 1617 2158 1734 2197; x_wconf 86' lang='lat' dir='ltr'><strong>surge</strong></span> <span class='ocrx_word' id='word_1_321' title='bbox 1775 2146 1815 2184; x_wconf 88' lang='lat' dir='ltr'><strong>et</strong></span> 
     </span>
     <span class='ocr_line' id='line_1_33' title="bbox 273 2203 1815 2258; baseline -0.001 -12"><span class='ocrx_word' id='word_1_322' title='bbox 273 2207 424 2246; x_wconf 87' lang='lat' dir='ltr'><strong>calceos</strong></span> <span class='ocrx_word' id='word_1_323' title='bbox 462 2209 504 2246; x_wconf 88' lang='lat' dir='ltr'><strong>et</strong></span> <span class='ocrx_word' id='word_1_324' title='bbox 539 2206 705 2245; x_wconf 88' lang='lat' dir='ltr'><strong>linteam</strong></span> <span class='ocrx_word' id='word_1_325' title='bbox 744 2206 796 2245; x_wconf 89' lang='lat' dir='ltr'><strong>da</strong></span> <span class='ocrx_word' id='word_1_326' title='bbox 832 2203 1055 2246; x_wconf 88' lang='lat' dir='ltr'><strong>sindonem’</strong></span> <span class='ocrx_word' id='word_1_327' title='bbox 1088 2219 1119 2246; x_wconf 90' lang='lat' dir='ltr'><strong>e.</strong></span> <span class='ocrx_word' id='word_1_328' title='bbox 1147 2219 1184 2256; x_wconf 93' lang='lat' dir='ltr'><strong>q.</strong></span> <span class='ocrx_word' id='word_1_329' title='bbox 1210 2219 1239 2246; x_wconf 91' lang='lat' dir='ltr'><strong>s.</strong></span> <span class='ocrx_word' id='word_1_330' title='bbox 1301 2205 1448 2258; x_wconf 84' lang='lat' dir='ltr'><strong>Magno</strong></span> <span class='ocrx_word' id='word_1_331' title='bbox 1487 2218 1578 2245; x_wconf 88' lang='lat' dir='ltr'><strong>cum</strong></span> <span class='ocrx_word' id='word_1_332' title='bbox 1621 2206 1815 2245; x_wconf 83' lang='lat' dir='ltr'><strong>comitatu</strong></span> 
     </span>
     <span class='ocr_line' id='line_1_34' title="bbox 272 2266 1810 2317; baseline -0.002 -11"><span class='ocrx_word' id='word_1_333' title='bbox 272 2279 478 2306; x_wconf 89' lang='lat' dir='ltr'><strong>seruorum</strong></span> <span class='ocrx_word' id='word_1_334' title='bbox 514 2269 793 2317; x_wconf 88' lang='lat' dir='ltr'><strong>armatumque</strong></span> <span class='ocrx_word' id='word_1_335' title='bbox 829 2267 908 2306; x_wconf 90' lang='lat' dir='ltr'><strong>iter</strong></span> <span class='ocrx_word' id='word_1_336' title='bbox 943 2266 1082 2306; x_wconf 88' lang='lat' dir='ltr'><strong>fecisse</strong></span> <span class='ocrx_word' id='word_1_337' title='bbox 1118 2267 1281 2316; x_wconf 88' lang='lat' dir='ltr'><strong>poetam</strong></span> <span class='ocrx_word' id='word_1_338' title='bbox 1317 2278 1441 2316; x_wconf 88' lang='lat' dir='ltr'><strong>supra</strong></span> <span class='ocrx_word' id='word_1_339' title='bbox 1477 2266 1641 2316; x_wconf 87' lang='lat' dir='ltr'><strong>exposui</strong></span> <span class='ocrx_word' id='word_1_340' title='bbox 1676 2279 1714 2316; x_wconf 92' lang='lat' dir='ltr'><strong>p.</strong></span> <span class='ocrx_word' id='word_1_341' title='bbox 1741 2266 1810 2304; x_wconf 88' lang='grc'><strong>46.</strong></span> 
     </span>
    </p>

    <p class='ocr_par' dir='ltr' id='par_1_6' title="bbox 271 2321 1815 2797">
     <span class='ocr_line' id='line_1_35' title="bbox 362 2321 1815 2377; baseline -0.001 -12"><span class='ocrx_word' id='word_1_342' title='bbox 362 2350 366 2354; x_wconf 86' lang='grc'>-</span> <span class='ocrx_word' id='word_1_343' title='bbox 395 2321 505 2367; x_wconf 78' lang='lat'>144.</span> <span class='ocrx_word' id='word_1_344' title='bbox 537 2326 693 2367; x_wconf 87' lang='lat' dir='ltr'><strong>Nonius</strong></span> <span class='ocrx_word' id='word_1_345' title='bbox 718 2340 756 2377; x_wconf 91' lang='lat' dir='ltr'><strong>p.</strong></span> <span class='ocrx_word' id='word_1_346' title='bbox 779 2328 848 2376; x_wconf 92' lang='grc'><strong>21,</strong></span> <span class='ocrx_word' id='word_1_347' title='bbox 870 2327 924 2366; x_wconf 88' lang='grc'><strong>15</strong></span> <span class='ocrx_word' id='word_1_348' title='bbox 953 2323 1189 2365; x_wconf 85' lang='lat' dir='ltr'><strong>‘Stricturae</strong></span> <span class='ocrx_word' id='word_1_349' title='bbox 1215 2325 1403 2365; x_wconf 87' lang='lat' dir='ltr'><strong>dicuntur</strong></span> <span class='ocrx_word' id='word_1_350' title='bbox 1426 2326 1586 2376; x_wconf 89' lang='lat' dir='ltr'><strong>proprie</strong></span> <span class='ocrx_word' id='word_1_351' title='bbox 1615 2325 1815 2365; x_wconf 87' lang='lat' dir='ltr'><strong>scintillae</strong></span> 
     </span>
     <span class='ocr_line' id='line_1_36' title="bbox 273 2384 1815 2436; baseline -0.001 -11"><span class='ocrx_word' id='word_1_352' title='bbox 273 2399 376 2436; x_wconf 84' lang='lat' dir='ltr'><strong>quae</strong></span> <span class='ocrx_word' id='word_1_353' title='bbox 418 2386 466 2425; x_wconf 93' lang='lat' dir='ltr'><strong>de</strong></span> <span class='ocrx_word' id='word_1_354' title='bbox 515 2386 620 2426; x_wconf 87' lang='lat' dir='ltr'><strong>ferro</strong></span> <span class='ocrx_word' id='word_1_355' title='bbox 671 2387 844 2426; x_wconf 84' lang='lat' dir='ltr'><strong>feruenti</strong></span> <span class='ocrx_word' id='word_1_356' title='bbox 893 2388 999 2426; x_wconf 91' lang='lat' dir='ltr'><strong>eunt.</strong></span> <span class='ocrx_word' id='word_1_357' title='bbox 1039 2417 1047 2424; x_wconf 94' lang='lat'><strong>.</strong></span> <span class='ocrx_word' id='word_1_358' title='bbox 1080 2416 1088 2425; x_wconf 92' lang='lat'><strong>.</strong></span> <span class='ocrx_word' id='word_1_359' title='bbox 1122 2418 1130 2426; x_wconf 86' lang='lat'><strong>.</strong></span> <span class='ocrx_word' id='word_1_360' title='bbox 1162 2385 1339 2425; x_wconf 83' lang='lat' dir='ltr'><strong>Lucilius</strong></span> <span class='ocrx_word' id='word_1_361' title='bbox 1388 2387 1617 2436; x_wconf 75' lang='lat' dir='ltr'><strong>satyrarum</strong></span> <span class='ocrx_word' id='word_1_362' title='bbox 1658 2384 1728 2424; x_wconf 93' lang='lat' dir='ltr'><strong>lib.</strong></span> <span class='ocrx_word' id='word_1_363' title='bbox 1751 2385 1815 2424; x_wconf 83' lang='grc' dir='ltr'><strong>ΠΙ</strong></span> 
     </span>
     <span class='ocr_line' id='line_1_37' title="bbox 274 2443 1815 2496; baseline -0.001 -10"><span class='ocrx_word' id='word_1_364' title='bbox 274 2443 467 2486; x_wconf 83' lang='lat' dir='ltr'><strong>“crebrae</strong></span> <span class='ocrx_word' id='word_1_365' title='bbox 495 2477 502 2484; x_wconf 94' lang='lat'><strong>.</strong></span> <span class='ocrx_word' id='word_1_366' title='bbox 530 2477 539 2486; x_wconf 96' lang='lat'><strong><em>.</em></strong></span> <span class='ocrx_word' id='word_1_367' title='bbox 566 2477 573 2485; x_wconf 89' lang='lat'><em>.</em></span> <span class='ocrx_word' id='word_1_368' title='bbox 601 2443 769 2486; x_wconf 88' lang='lat' dir='ltr'><strong>ferro”.&#39;</strong></span> <span class='ocrx_word' id='word_1_369' title='bbox 834 2446 1014 2486; x_wconf 82' lang='lat' dir='ltr'><strong>Similem</strong></span> <span class='ocrx_word' id='word_1_370' title='bbox 1045 2446 1350 2496; x_wconf 89' lang='lat' dir='ltr'><strong>explicationem</strong></span> <span class='ocrx_word' id='word_1_371' title='bbox 1387 2444 1574 2484; x_wconf 90' lang='lat' dir='ltr'><strong>uocabuli</strong></span> <span class='ocrx_word' id='word_1_372' title='bbox 1609 2446 1815 2485; x_wconf 59' lang='lat' dir='ltr'><strong>stricturae</strong></span> 
     </span>
     <span class='ocr_line' id='line_1_38' title="bbox 272 2502 1814 2557; baseline -0.001 -12"><span class='ocrx_word' id='word_1_373' title='bbox 272 2506 431 2545; x_wconf 88' lang='lat' dir='ltr'><strong>exbibet</strong></span> <span class='ocrx_word' id='word_1_374' title='bbox 461 2506 632 2545; x_wconf 89' lang='lat' dir='ltr'><strong>secundo</strong></span> <span class='ocrx_word' id='word_1_375' title='bbox 663 2507 750 2545; x_wconf 91' lang='lat' dir='ltr'><strong>loco</strong></span> <span class='ocrx_word' id='word_1_376' title='bbox 784 2505 884 2545; x_wconf 85' lang='lat' dir='ltr'><strong>OGL</strong></span> <span class='ocrx_word' id='word_1_377' title='bbox 909 2506 952 2545; x_wconf 88' lang='lat' dir='ltr'>H</span> <span class='ocrx_word' id='word_1_378' title='bbox 981 2519 1018 2556; x_wconf 91' lang='lat' dir='ltr'><strong>p.</strong></span> <span class='ocrx_word' id='word_1_379' title='bbox 1049 2506 1145 2556; x_wconf 84' lang='lat'>189,</span> <span class='ocrx_word' id='word_1_380' title='bbox 1174 2506 1227 2544; x_wconf 88' lang='grc'><strong>15</strong></span> <span class='ocrx_word' id='word_1_381' title='bbox 1262 2502 1489 2544; x_wconf 79' lang='lat' dir='ltr'><strong>‘stricturae</strong></span> <span class='ocrx_word' id='word_1_382' title='bbox 1514 2502 1814 2557; x_wconf 80' lang='grc' dir='ltr'><strong><em>λελιπαμμένον,</em></strong></span> 
     </span>
     <span class='ocr_line' id='line_1_39' title="bbox 272 2561 1815 2620; baseline -0.002 -14"><span class='ocrx_word' id='word_1_383' title='bbox 272 2563 299 2618; x_wconf 75' lang='grc' dir='ltr'>ἢ</span> <span class='ocrx_word' id='word_1_384' title='bbox 336 2565 380 2606; x_wconf 88' lang='grc' dir='ltr'><strong><em>τὸ</em></strong></span> <span class='ocrx_word' id='word_1_385' title='bbox 417 2563 496 2606; x_wconf 85' lang='grc' dir='ltr'><strong>ἀπὸ</strong></span> <span class='ocrx_word' id='word_1_386' title='bbox 533 2571 604 2605; x_wconf 87' lang='grc' dir='ltr'><strong><em>τοῦ</em></strong></span> <span class='ocrx_word' id='word_1_387' title='bbox 642 2565 810 2620; x_wconf 84' lang='grc' dir='ltr'><strong><em>σιδήρου</em></strong></span> <span class='ocrx_word' id='word_1_388' title='bbox 847 2569 994 2605; x_wconf 84' lang='grc' dir='ltr'><strong><em>πῖπτον</em></strong></span> <span class='ocrx_word' id='word_1_389' title='bbox 1032 2565 1160 2618; x_wconf 79' lang='grc' dir='ltr'><strong><em>ὥσπερ</em></strong></span> <span class='ocrx_word' id='word_1_390' title='bbox 1201 2561 1448 2618; x_wconf 83' lang='grc' dir='ltr'><strong><em>σπινθῆρες’,</em></strong></span> <span class='ocrx_word' id='word_1_391' title='bbox 1491 2577 1581 2604; x_wconf 86' lang='lat' dir='ltr'><strong>cum</strong></span> <span class='ocrx_word' id='word_1_392' title='bbox 1624 2566 1815 2615; x_wconf 85' lang='lat' dir='ltr'><strong>sequatur</strong></span> 
     </span>
     <span class='ocr_line' id='line_1_40' title="bbox 272 2622 1813 2678; baseline -0.001 -14"><span class='ocrx_word' id='word_1_393' title='bbox 272 2627 405 2677; x_wconf 87' lang='lat' dir='ltr'><strong>glossa</strong></span> <span class='ocrx_word' id='word_1_394' title='bbox 438 2622 666 2665; x_wconf 86' lang='lat' dir='ltr'><strong>‘stricturae</strong></span> <span class='ocrx_word' id='word_1_395' title='bbox 697 2622 899 2678; x_wconf 85' lang='grc' dir='ltr'><strong><em>μέταλλον’</em></strong></span> <span class='ocrx_word' id='word_1_396' title='bbox 933 2638 1037 2676; x_wconf 89' lang='lat' dir='ltr'><strong>quae</strong></span> <span class='ocrx_word' id='word_1_397' title='bbox 1068 2625 1212 2665; x_wconf 88' lang='lat' dir='ltr'><strong>similis</strong></span> <span class='ocrx_word' id='word_1_398' title='bbox 1242 2627 1304 2664; x_wconf 87' lang='lat' dir='ltr'><strong>est</strong></span> <span class='ocrx_word' id='word_1_399' title='bbox 1328 2624 1585 2675; x_wconf 86' lang='lat' dir='ltr'><strong>explicationi</strong></span> <span class='ocrx_word' id='word_1_400' title='bbox 1610 2625 1728 2663; x_wconf 85' lang='lat' dir='ltr'><strong>alteri</strong></span> <span class='ocrx_word' id='word_1_401' title='bbox 1751 2624 1813 2663; x_wconf 82' lang='lat' dir='ltr'><strong>illi</strong></span> 
     </span>
     <span class='ocr_line' id='line_1_41' title="bbox 271 2680 1812 2738; baseline -0.001 -14"><span class='ocrx_word' id='word_1_402' title='bbox 271 2686 404 2735; x_wconf 89' lang='lat' dir='ltr'><strong>priore</strong></span> <span class='ocrx_word' id='word_1_403' title='bbox 441 2686 528 2725; x_wconf 90' lang='lat' dir='ltr'><strong>loco</strong></span> <span class='ocrx_word' id='word_1_404' title='bbox 572 2686 764 2736; x_wconf 88' lang='lat' dir='ltr'><strong>prolatae.</strong></span> <span class='ocrx_word' id='word_1_405' title='bbox 831 2685 1003 2738; x_wconf 83' lang='lat' dir='ltr'><strong>Vergilii</strong></span> <span class='ocrx_word' id='word_1_406' title='bbox 1045 2686 1176 2724; x_wconf 89' lang='lat' dir='ltr'><strong>locum</strong></span> <span class='ocrx_word' id='word_1_407' title='bbox 1212 2684 1311 2726; x_wconf 87' lang='lat' dir='ltr'><strong>Aen.</strong></span> <span class='ocrx_word' id='word_1_408' title='bbox 1336 2685 1437 2724; x_wconf 80' lang='lat' dir='ltr'><strong>Vm</strong></span> <span class='ocrx_word' id='word_1_409' title='bbox 1462 2686 1547 2723; x_wconf 90' lang='lat'><strong>419</strong></span> <span class='ocrx_word' id='word_1_410' title='bbox 1593 2680 1812 2735; x_wconf 83' lang='lat' dir='ltr'><strong>‘ualidique</strong></span> 
     </span>
     <span class='ocr_line' id='line_1_42' title="bbox 272 2743 1811 2797; baseline -0.001 -13"><span class='ocrx_word' id='word_1_411' title='bbox 272 2745 482 2785; x_wconf 86' lang='lat' dir='ltr'><strong>incudibus</strong></span> <span class='ocrx_word' id='word_1_412' title='bbox 507 2746 610 2785; x_wconf 87' lang='lat' dir='ltr'><strong>ictus</strong></span> <span class='ocrx_word' id='word_1_413' title='bbox 635 2746 765 2785; x_wconf 82' lang='lat' dir='ltr'><strong>auditi</strong></span> <span class='ocrx_word' id='word_1_414' title='bbox 789 2745 968 2785; x_wconf 87' lang='lat' dir='ltr'><strong>referunt</strong></span> <span class='ocrx_word' id='word_1_415' title='bbox 998 2746 1192 2797; x_wconf 88' lang='lat' dir='ltr'><strong>gemitum</strong></span> <span class='ocrx_word' id='word_1_416' title='bbox 1222 2744 1477 2795; x_wconf 84' lang='lat' dir='ltr'><strong>striduntque</strong></span> <span class='ocrx_word' id='word_1_417' title='bbox 1511 2745 1692 2783; x_wconf 85' lang='lat' dir='ltr'><strong>cauernis</strong></span> <span class='ocrx_word' id='word_1_418' title='bbox 1721 2743 1811 2783; x_wconf 86' lang='lat' dir='ltr'><strong>stri-</strong></span> 
     </span>
    </p>
   </div>
   <div class='ocr_carea' id='block_1_5' title="bbox 204 2801 1812 2857">
    <p class='ocr_par' dir='ltr' id='par_1_7' title="bbox 204 2801 1812 2857">
     <span class='ocr_line' id='line_1_43' title="bbox 204 2801 1812 2857; baseline -0.001 -13"><span class='ocrx_word' id='word_1_419' title='bbox 204 2819 210 2823; x_wconf 91' lang='lat'>·</span> <span class='ocrx_word' id='word_1_420' title='bbox 273 2806 409 2845; x_wconf 89' lang='lat' dir='ltr'><strong>cturae</strong></span> <span class='ocrx_word' id='word_1_421' title='bbox 435 2804 659 2856; x_wconf 84' lang='lat' dir='ltr'><strong>Chalybum</strong></span> <span class='ocrx_word' id='word_1_422' title='bbox 684 2807 725 2845; x_wconf 90' lang='lat' dir='ltr'><strong>et</strong></span> <span class='ocrx_word' id='word_1_423' title='bbox 748 2805 978 2846; x_wconf 86' lang='lat' dir='ltr'><strong>fornacibus</strong></span> <span class='ocrx_word' id='word_1_424' title='bbox 1002 2806 1108 2857; x_wconf 86' lang='lat' dir='ltr'><strong>ignis</strong></span> <span class='ocrx_word' id='word_1_425' title='bbox 1137 2801 1314 2844; x_wconf 81' lang='lat' dir='ltr'><strong>anhelat&#39;</strong></span> <span class='ocrx_word' id='word_1_426' title='bbox 1340 2805 1495 2844; x_wconf 82' lang='lat' dir='ltr'><strong>Nonius</strong></span> <span class='ocrx_word' id='word_1_427' title='bbox 1513 2804 1540 2842; x_wconf 92' lang='lat'><strong>1.</strong></span> <span class='ocrx_word' id='word_1_428' title='bbox 1567 2816 1596 2843; x_wconf 91' lang='lat' dir='ltr'><strong>s.</strong></span> <span class='ocrx_word' id='word_1_429' title='bbox 1616 2816 1646 2843; x_wconf 92' lang='lat' dir='ltr'><strong>s.</strong></span> <span class='ocrx_word' id='word_1_430' title='bbox 1673 2804 1812 2843; x_wconf 86' lang='lat' dir='ltr'><strong>attulit</strong></span> 
     </span>
    </p>
   </div>
   <div class='ocr_carea' id='block_1_6' title="bbox 271 2864 1812 3035">
    <p class='ocr_par' dir='ltr' id='par_1_8' title="bbox 271 2864 1812 3035">
     <span class='ocr_line' id='line_1_44' title="bbox 272 2864 1812 2916; baseline -0.001 -13"><span class='ocrx_word' id='word_1_431' title='bbox 272 2865 376 2904; x_wconf 87' lang='lat' dir='ltr'><strong>unde</strong></span> <span class='ocrx_word' id='word_1_432' title='bbox 412 2867 597 2905; x_wconf 63' lang='lat' dir='ltr'><strong>strictura</strong></span> <span class='ocrx_word' id='word_1_433' title='bbox 635 2865 733 2916; x_wconf 88' lang='lat' dir='ltr'><strong>quid</strong></span> <span class='ocrx_word' id='word_1_434' title='bbox 769 2867 824 2905; x_wconf 89' lang='lat' dir='ltr'><strong>sit</strong></span> <span class='ocrx_word' id='word_1_435' title='bbox 859 2865 1075 2905; x_wconf 87' lang='lat' dir='ltr'><strong>secundum</strong></span> <span class='ocrx_word' id='word_1_436' title='bbox 1111 2864 1282 2916; x_wconf 87' lang='lat' dir='ltr'><strong>Vergilii</strong></span> <span class='ocrx_word' id='word_1_437' title='bbox 1318 2865 1557 2904; x_wconf 82' lang='lat' dir='ltr'><strong>sententiam</strong></span> <span class='ocrx_word' id='word_1_438' title='bbox 1594 2864 1711 2902; x_wconf 89' lang='lat' dir='ltr'><strong>facile</strong></span> <span class='ocrx_word' id='word_1_439' title='bbox 1752 2865 1812 2902; x_wconf 90' lang='lat' dir='ltr'><strong>est</strong></span> 
     </span>
     <span class='ocr_line' id='line_1_45' title="bbox 271 2921 1811 2975; baseline -0.001 -12"><span class='ocrx_word' id='word_1_440' title='bbox 271 2925 478 2963; x_wconf 88' lang='lat' dir='ltr'><strong>intellectu</strong></span> <span class='ocrx_word' id='word_1_441' title='bbox 515 2926 757 2975; x_wconf 85' lang='lat' dir='ltr'><strong>comparatis</strong></span> <span class='ocrx_word' id='word_1_442' title='bbox 795 2939 860 2965; x_wconf 92' lang='lat' dir='ltr'><strong>uu.</strong></span> <span class='ocrx_word' id='word_1_443' title='bbox 887 2927 973 2964; x_wconf 84' lang='lat'><strong>449</strong></span> <span class='ocrx_word' id='word_1_444' title='bbox 989 2938 1097 2975; x_wconf 89' lang='lat' dir='ltr'><strong>seqq.</strong></span> <span class='ocrx_word' id='word_1_445' title='bbox 1139 2921 1226 2963; x_wconf 81' lang='lat' dir='ltr'><strong>‘alii</strong></span> <span class='ocrx_word' id='word_1_446' title='bbox 1265 2925 1442 2964; x_wconf 90' lang='lat' dir='ltr'><strong>uentosis</strong></span> <span class='ocrx_word' id='word_1_447' title='bbox 1485 2923 1649 2963; x_wconf 86' lang='lat' dir='ltr'><strong>follibus</strong></span> <span class='ocrx_word' id='word_1_448' title='bbox 1693 2935 1811 2962; x_wconf 88' lang='lat' dir='ltr'><strong>auras</strong></span> 
     </span>
     <span class='ocr_line' id='line_1_46' title="bbox 272 2982 1810 3035; baseline -0.001 -13"><span class='ocrx_word' id='word_1_449' title='bbox 272 2984 475 3035; x_wconf 85' lang='lat' dir='ltr'><strong>accipiunt</strong></span> <span class='ocrx_word' id='word_1_450' title='bbox 505 2984 768 3035; x_wconf 78' lang='lat' dir='ltr'><strong>redduntque,</strong></span> <span class='ocrx_word' id='word_1_451' title='bbox 800 2985 872 3024; x_wconf 84' lang='lat' dir='ltr'><strong>alii</strong></span> <span class='ocrx_word' id='word_1_452' title='bbox 902 2985 1114 3024; x_wconf 88' lang='lat' dir='ltr'><strong>stridentia</strong></span> <span class='ocrx_word' id='word_1_453' title='bbox 1143 2984 1307 3035; x_wconf 87' lang='lat' dir='ltr'><strong>tingunt</strong></span> <span class='ocrx_word' id='word_1_454' title='bbox 1338 2996 1431 3023; x_wconf 87' lang='lat' dir='ltr'><strong>aera</strong></span> <span class='ocrx_word' id='word_1_455' title='bbox 1455 2984 1558 3033; x_wconf 85' lang='lat' dir='ltr'><strong>lacu,</strong></span> <span class='ocrx_word' id='word_1_456' title='bbox 1589 2983 1713 3034; x_wconf 87' lang='lat' dir='ltr'><strong>gemit</strong></span> <span class='ocrx_word' id='word_1_457' title='bbox 1736 2982 1810 3021; x_wconf 90' lang='lat' dir='ltr'><strong>im-</strong></span> 
     </span>
    </p>
   </div>
   <div class='ocr_carea' id='block_1_7' title="bbox 2000 4 2060 651">
    <p class='ocr_par' dir='ltr' id='par_1_9' title="bbox 2000 4 2060 651">
     <span class='ocr_line' id='line_1_47' title="bbox 2000 4 2009 254; textangle 90"><span class='ocrx_word' id='word_1_458' title='bbox 2000 251 2008 254; x_wconf 77' lang='lat'><em>·</em></span> <span class='ocrx_word' id='word_1_459' title='bbox 2004 46 2009 47; x_wconf 63' lang='grc'>,</span> <span class='ocrx_word' id='word_1_460' title='bbox 2002 4 2009 18; x_wconf 61' lang='grc' dir='ltr'><strong>ι,</strong></span> 
     </span>
     <span class='ocr_line' id='line_1_48' title="bbox 2038 9 2060 651; textangle 90"><span class='ocrx_word' id='word_1_461' title='bbox 2055 644 2060 651; x_wconf 78' lang='grc'>.</span> <span class='ocrx_word' id='word_1_462' title='bbox 2055 615 2060 634; x_wconf 74' lang='grc'><strong>-,</strong></span> <span class='ocrx_word' id='word_1_463' title='bbox 2051 566 2060 605; x_wconf 57' lang='grc' dir='ltr'><strong>,ιιι</strong></span> <span class='ocrx_word' id='word_1_464' title='bbox 2051 539 2060 556; x_wconf 57' lang='grc'><strong>4,.</strong></span> <span class='ocrx_word' id='word_1_465' title='bbox 2058 520 2060 524; x_wconf 95' lang='grc'>.</span> <span class='ocrx_word' id='word_1_466' title='bbox 2053 491 2060 513; x_wconf 65' lang='grc' dir='ltr'><strong>,ι-</strong></span> <span class='ocrx_word' id='word_1_467' title='bbox 2038 337 2060 475; x_wconf 43' lang='lat' dir='ltr'><strong>&#39;w-z--u-tfficss</strong></span> <span class='ocrx_word' id='word_1_468' title='bbox 2043 231 2060 330; x_wconf 60' lang='lat' dir='ltr'><strong>-.ln-&#39;nm</strong></span> <span class='ocrx_word' id='word_1_469' title='bbox 2047 179 2060 222; x_wconf 49' lang='grc' dir='ltr'><strong>’-σε</strong></span> <span class='ocrx_word' id='word_1_470' title='bbox 2044 114 2060 142; x_wconf 57' lang='lat' dir='ltr'><strong>n‘.</strong></span> <span class='ocrx_word' id='word_1_471' title='bbox 2058 67 2060 79; x_wconf 82' lang='grc'><strong>,,</strong></span> <span class='ocrx_word' id='word_1_472' title='bbox 2057 9 2058 12; x_wconf 29' lang='grc' dir='ltr'><em>Α</em></span> 
     </span>
    </p>
   </div>
  </div>
 </body>
</html>
