2060 3444
92 1308 114 1322 Ψ
91 1277 133 1301 ,⁸

779 278 917 314 XXVII
943 290 978 314 u.
1007 281 1207 314 729-731.
1693 277 1778 320 261

230 394 336 435 ceret
396 393 604 434 obsecrans
665 391 896 444 Apollinem
954 405 1031 443 quo
1098 405 1182 432 sese
1237 394 1399 432 uertant
1454 393 1592 432 tantae
1655 394 1781 432 sortes

229 451 454 495 somnium’.
526 453 586 492 De
630 453 754 492 simili
798 452 1065 504 discrepantia
1111 454 1295 492 accentus
1333 452 1452 492 metri
1491 454 1531 492 ct
1567 452 1781 492 uerborum

229 515 411 555 consulto
444 527 468 553 a
498 514 629 564 poetis
667 514 850 564 quaesita
888 526 1086 564 nusquam
1126 514 1272 552 certius
1310 513 1405 552 licet
1442 513 1622 553 iudicare
1660 526 1780 564 quarn

228 576 270 614 in
308 576 525 626 septenarii
563 574 780 625 principio:
821 574 971 613 milites
1016 575 1123 613 enim
1169 573 1389 613 cantabant
1428 571 1597 613 ‘Gallias
1636 572 1782 614 Caesar

228 635 386 688 subegit
427 634 665 674 Nicomedes
711 628 951 684 Caesarem',
1002 648 1091 674 cum
1137 634 1276 674 liceret
1322 634 1567 674 commodius
1618 636 1780 674 cantare

229 694 392 736 ‘Caesar
430 695 582 735 Gallias
620 693 806 747 subegit’,
850 696 947 734 item
986 695 1151 734 Porcius
1190 694 1352 734 Licinus
1396 695 1556 745 scripsit
1595 692 1779 735 ‘Poenico

226 757 331 797 bello
364 754 550 796 secundo'
573 769 603 795 e.
627 770 662 806 q.
684 769 712 795 s.
746 769 833 795 curn
861 758 1093 807 promptum
1118 756 1243 794 fuerit
1268 755 1440 795 scribere
1468 752 1588 795 ‘bello
1608 755 1780 795 Poenico

227 813 427 858 secundo’.
456 839 510 844 -—
538 817 679 856 Placat
710 819 830 867 poeta
863 817 1033 856 amicam
1065 816 1211 856 iratam
1242 819 1290 855 ut
1314 816 1440 855 deam.
1494 815 1592 855 Cum
1619 816 1779 867 appello

225 891 371 918 meam:
408 879 454 917 ut
485 876 603 918 Ouid.
630 879 722 918 met.
750 877 844 916 XIV
874 878 954 916 761
998 875 1187 928 ‘quorum
1225 890 1393 927 memor,
1438 890 1460 916 0
1499 890 1605 926 mea,
1650 878 1779 917 lentos

225 952 341 990 pone,
366 952 517 990 precor,
545 939 674 978 fastus
702 940 742 977 et
767 939 922 978 amanti
946 939 1124 990 iungere,
1150 934 1352 989 nymphe’.
1391 938 1547 977 Terent.
1568 937 1670 976 Eun.
1693 938 1778 977 664

229 997 333 1039 ‘mea
365 996 426 1038 tu'
462 994 649 1053 (Adelph.
685 994 802 1053 289).

229 1078 233 1080 -
349 1054 456 1100 730.
489 1059 645 1099 Nonius
676 1073 714 1110 p.
743 1059 842 1109 238,
870 1061 922 1098 21
961 1056 1193 1111 ‘Appellare
1228 1061 1289 1098 est
1320 1059 1578 1098 familiariter
1614 1071 1778 1111 respon-

226 1121 328 1160 dere.
361 1120 542 1160 Lucilius
561 1119 628 1159 lib.
649 1119 805 1158 XXVII
825 1117 948 1159 “cum
968 1120 1046 1159 mei
1068 1152 1075 1159 .
1098 1152 1105 1159 .
1128 1152 1135 1158 .
1156 1116 1348 1159 meam’'.’
1393 1120 1584 1172 Nugatur
1602 1120 1778 1159 Nonius:

224 1194 319 1220 nam
357 1181 558 1230 dominus,
603 1180 764 1220 domina
808 1181 931 1220 uerba
975 1182 1069 1220 sunt
1111 1180 1309 1220 amatoria
1354 1182 1393 1219 et
1436 1181 1615 1231 publica:
1662 1179 1778 1220 Ouid.

225 1255 347 1281 amor.
373 1241 436 1280 ΙΠ
463 1243 500 1292 7,
530 1243 581 1280 11
619 1238 674 1280 ‘et
704 1241 804 1280 mihi
835 1241 1055 1281 blanditias
1089 1241 1191 1280 dixit
1223 1241 1511 1292 dominumque
1537 1242 1701 1281 uocauit
1726 1242 1780 1281 Et

225 1315 327 1353 quae
359 1305 567 1354 praeterea
599 1301 759 1352 publica
791 1301 914 1341 uerba
946 1298 1103 1341 iuuant'
1137 1303 1297 1341 metam.
1324 1301 1382 1341 IX
1409 1303 1493 1341 467
1530 1298 1628 1340 ‘iam
1654 1303 1778 1341 domi-

223 1377 321 1402 num
352 1363 548 1414 appellat,
586 1364 668 1402 iam
699 1362 863 1401 nomina
902 1363 1107 1414 sanguinis
1146 1363 1250 1413 odit,
1287 1362 1463 1414 Byblida
1499 1362 1582 1401 iam
1620 1364 1779 1402 mauult

225 1436 347 1474 quam
391 1436 432 1463 se
475 1424 596 1463 uocet
638 1423 707 1462 ille
751 1420 941 1463 sororem'
993 1423 1139 1462 Achill.
1167 1424 1254 1462 Tat.
1280 1422 1324 1462 Π
1349 1424 1394 1473 4,
1422 1424 1448 1462 4
1493 1422 1584 1476 θίγε
1635 1421 1776 1477 χειρός,

224 1483 378 1535 θλίψον
417 1483 631 1536 δάκτυλον,
675 1483 831 1536 θλίβων
869 1482 1067 1532 στέναξον.
1115 1481 1167 1535 ἢν
1206 1481 1248 1523 δὲ
1288 1483 1411 1523 ταῦτά
1448 1494 1522 1523 σου
1565 1489 1779 1532 ποιοῦντος

224 1549 390 1600 καρτερῇ
435 1542 501 1584 καὶ
545 1544 773 1597 προσίηται,
819 1543 890 1584 σὸν
928 1542 1044 1598 ἔργον
1081 1542 1162 1596 ἤδη
1201 1542 1416 1584 ὃέσποινάν
1454 1558 1492 1583 τε
1533 1546 1668 1584 καλεῖν
1712 1542 1778 1583 καὶ

225 1607 392 1657 φιλῆσαι
423 1603 616 1659 τράχηλον
645 1605 682 1654 6,
712 1606 748 1643 1.
778 1606 814 1643 2.
877 1605 1028 1644 onres
1061 1618 1220 1656 quoque
1253 1605 1413 1644 domina
1445 1604 1643 1644 uocabulo
1675 1606 1776 1644 tem-

224 1678 320 1715 pore
351 1666 643 1716 imperatorum
675 1665 871 1704 salutatas
905 1677 986 1705 esse
1025 1667 1200 1704 constat:
1240 1665 1335 1704 conf
1365 1664 1515 1704 Seneca
1552 1665 1599 1704 de
1639 1666 1776 1704 matri-

224 1726 358 1765 monio
380 1724 494 1764 Stud.
513 1725 622 1776 Lips.
643 1725 872 1765 XIX-1899
900 1739 938 1776 p.
961 1726 1028 1776 61,
1052 1727 1106 1764 24
1126 1725 1426 1765 Friedlaenderi
1450 1726 1590 1765 histor.
1618 1738 1775 1765 morum

223 1800 262 1836 p.
276 1786 322 1825 R.
342 1786 364 1825 I
382 1786 428 1825 ed
453 1787 476 1825 6
499 1800 535 1836 p.
558 1786 656 1824 443.
678 1786 776 1825 448.
798 1786 883 1824 474
899 1785 1158 1831 Wilmannsii
1178 1786 1357 1837 Exempl.
1378 1786 1558 1837 inscript.
1572 1785 1661 1826 Lat.
1678 1786 1775 1826 534.

226 1845 392 1899 Signum
425 1846 753 1898 interrogationis
778 1847 820 1885 in
847 1847 956 1885 exitu
981 1858 1119 1886 uersus
1144 1859 1312 1898 posuere
1339 1846 1511 1886 editores
1539 1859 1638 1897 quos
1664 1846 1782 1887 nolui·
1826 1887 1830 1890 ,

224 1907 350 1958 sequi.
427 1906 571 1946 Coram
614 1906 780 1946 seruolis
825 1907 1010 1946 dominus
1053 1907 1233 1947 Lucilius
1277 1908 1428 1946 amicae
1472 1907 1681 1959 indulgere
1731 1909 1777 1946 ut

225 1967 418 2007 dominae·
428 1981 507 2007 non
527 1967 633 2006 uult:
652 1968 840 2006 similiter
852 1966 1090 2007 Aristoteles
1111 1967 1289 2007 edixerat
1305 1969 1408 2007 teste
1423 1966 1544 2007 Olem.
1560 1967 1774 2017 Alexandr.

223 2028 390 2079 paedag.
417 2027 480 2067 ΙΠ
507 2029 575 2077 12,
604 2030 625 2067 1
654 2025 729 2081 ἐγὼ
757 2025 798 2067 δὲ
823 2026 890 2067 καὶ
915 2031 997 2076 τοῖς
1021 2027 1262 2082 γεγαμηκόσι
1287 2026 1570 2082 παραινέσαιμι
1595 2026 1646 2068 ἂν
1672 2027 1776 2068 οἴκοι

223 2086 292 2136 τὰς
334 2091 527 2141 γυναῖκας
571 2086 720 2140 μήποτε
763 2086 862 2127 κατὰ
906 2087 1122 2142 πρόσωπον
1166 2088 1328 2128 οἰκετῶν
1369 2091 1511 2140 φιλεῖν.
1563 2086 1657 2128 οὐδὲ
1700 2087 1774 2143 γὰρ

223 2151 443 2202 προσγελᾶν
468 2148 627 2196 δούλοις
647 2144 914 2203 Ἀριστοτέλης
939 2148 1000 2188 εἴα
1025 2147 1131 2201 ποτέ,
1157 2151 1306 2189 πολλοῦ
1323 2164 1366 2202 γε
1392 2147 1458 2189 καὶ
1485 2149 1549 2189 δεῖ
1567 2143 1647 2189 κατ’
1676 2147 1774 2201 ὄψιν

223 2207 356 2249 αὐτῶν
388 2208 764 2263 φιλοφρονούμενον
795 2209 1015 2260 φαίνεσθαι
1046 2208 1120 2261 τὴν
1151 2213 1333 2262 γυναῖκα.
1747 2254 1750 2258 ,

348 2264 459 2310 731.
491 2269 649 2309 Nonius
680 2283 718 2319 p.
746 2271 845 2319 407,
873 2271 929 2309 30
969 2267 1235 2321 ‘Tempestas,
1274 2271 1445 2321 tempus.
1482 2301 1488 2308 .
1518 2301 1524 2308 .
1554 2302 1560 2308 .
1593 2270 1774 2310 Lucilius

224 2329 291 2369 lib.
311 2329 465 2369 XXVII
492 2326 605 2368 “iam
632 2343 712 2380 qua
736 2331 976 2381 tempestate
1001 2331 1112 2381 uiuo,
1141 2334 1238 2370 certe
1263 2331 1365 2370 sime.-
1398 2330 1448 2369 ad
1473 2344 1536 2370 me
1561 2327 1772 2382 recipio'’.’

223 2390 358 2429 Verba
389 2393 486 2429 certe
516 2391 601 2430 sinc
632 2403 782 2442 negans
814 2403 930 2441 posse
956 2390 1051 2429 ferri
1077 2391 1256 2429 mutauit
1280 2390 1561 2430 Lachmannus
1586 2391 1773 2430 Kleinere

226 2449 425 2490 Schriften
451 2450 492 2489 H
517 2464 555 2501 p.
586 2451 638 2489 76
673 2452 742 2501 (1111
774 2451 984 2490 substituit
1015 2452 1166 2491 chresin
1202 2452 1242 2489 et
1281 2452 1486 2490 coniunxit
1522 2451 1627 2490 hunc
1659 2465 1695 2489 u.
1729 2453 1774 2489 ut

224 2510 485 2561 posteriorem
517 2523 607 2550 cum
632 2525 669 2550 u.
699 2513 795 2550 701.
860 2510 937 2550 Sed
967 2523 1109 2551 uersus
1140 2511 1291 2550 exitum
1323 2512 1377 2550 ad
1410 2523 1469 2550 me
1506 2513 1650 2560 «recipio
1688 2525 1773 2550 mu-

225 2572 362 2610 tuatus
394 2573 454 2610 est
484 2573 604 2623 poeta
636 2584 656 2610 e
683 2571 770 2610 Ter.
796 2571 940 2610 Heaut.
972 2573 1083 2611 1056
1121 2569 1309 2611 ‘onrem
1340 2573 1386 2610 ut
1417 2571 1549 2610 ducas.
1586 2574 1623 2616 ᾔ
1652 2571 1773 2611 Pater

330 2634 371 2676 ᾖ
397 2631 474 2670 Nil
506 2631 636 2671 audio.
674 2634 713 2676 ᾖ
750 2631 812 2670 Ad
842 2645 906 2671 me
937 2632 1106 2683 recipio,
1143 2629 1308 2672 Faciet’.
1373 2630 1481 2678 Quae
1519 2632 1669 2672 locutio
1707 2632 1773 2671 hic

226 2691 407 2731 absolute
438 2692 572 2742 posita
603 2693 680 2742 est,
719 2691 856 2731 eadem
889 2705 979 2732 cum
1012 2692 1238 2732 accusatiuo
1270 2693 1518 2743 pronominis
1557 2684 1772 2732 coniuncta

225 2751 374 2802 legitur
403 2751 534 2791 Plaut.
560 2752 644 2791 Mil.
673 2753 757 2791 229
793 2749 853 2791 ‘tu
884 2765 986 2792 unus
1019 2752 1052 2792 si
1082 2753 1255 2804 recipere
1287 2753 1363 2792 hoc
1395 2752 1446 2792 ad
1471 2754 1510 2791 te
1537 2753 1648 2802 dicis,
1682 2766 1771 2792 con-

226 2811 390 2850 fidentia
415 2813 486 2861 est,
511 2824 583 2850 nos
611 2812 794 2851 inimicos
813 2812 1025 2866 profligare
1046 2825 1171 2863 posse.
1205 2815 1241 2858 ssss
1271 2812 1359 2852 dico
1380 2814 1421 2851 et
1438 2812 1587 2863 recipio
1608 2813 1659 2851 ad
1678 2809 1770 2851 me’.

225 2871 366 2921 Neque
398 2872 553 2910 numeri
584 2884 723 2911 uersus
755 2873 933 2923 corrupti
964 2872 1164 2912 ferunturz
1196 2886 1290 2911 nam
1321 2874 1406 2912 sine
1437 2873 1490 2912 ad
1515 2872 1771 2922 pyrrhichius

226 2944 306 2970 11011
348 2932 478 2982 magis
522 2930 731 2971 offensioni
776 2933 852 2982 est,
909 2944 1029 2982 quam
1085 2932 1238 2981 quidem
1294 2933 1348 2971 ad
1396 2931 1527 2970 Plaut.
1555 2932 1655 2970 Rud.
1685 2934 1768 2971 322

226 2986 365 3044 (OFW
384 2990 567 3031 Muelleri
593 2991 640 3031 de
665 2991 801 3031 Plauti
826 2991 980 3042 prosod.
1008 3006 1045 3043 p.
1074 2993 1171 3032 283.
1201 2987 1318 3046 284).
1367 2992 1511 3042 Itaque
1536 2992 1655 3032 homo
1681 3006 1772 3043 pro-

227 3051 342 3104 digus
373 3052 485 3102 loqui
510 3051 669 3091 uidetur
693 3052 768 3091 hoc
792 3052 927 3092 modo:
960 3049 1070 3102 eiam,
1103 3065 1181 3104 quo
1205 3054 1384 3104 tempore
1410 3054 1638 3092 etiamnunc
1663 3053 1771 3104 uiuo,
