2060 3444
896 259 912 296 1
937 272 973 297 u.
1001 263 1154 300 23—24.
1742 261 1797 305 13

250 375 550 415 uetustissimae
583 374 766 414 irrisione
796 373 967 414 Senecae
1001 375 1200 426 apocoloc.
1227 387 1312 427 cap.
1342 377 1415 415 12:
1449 372 1609 415 ‘cecidit
1632 375 1798 426 pulchre

251 435 437 476 cordatus
468 435 587 474 homo
620 447 699 486 quo
731 447 810 474 non
843 436 946 475 alius
978 435 1059 474 fuit
1083 436 1126 474 in
1151 437 1237 475 toto
1263 436 1408 475 fortior
1433 433 1556 486 orbe',
1589 433 1799 476 ‘Romulus

245 492 423 546 pulchcr'
455 495 608 535 Ennius
646 496 779 535 annal.
808 496 864 536 80
874 495 924 545 V,
964 493 1186 547 ‘Hippolyti
1215 497 1349 545 proles
1377 497 1648 546 pulcherrima
1686 494 1794 536 bello'

249 556 367 608 Verg.
394 555 492 595 Aen.
518 555 598 595 VII
626 556 721 595 761.
785 556 872 595 Hoc
910 556 974 595 dei
1012 557 1218 607 epitheton
1255 557 1437 596 consulto
1468 558 1510 595 in
1544 557 1694 596 malam
1731 557 1798 595 de—

249 617 369 657 torsit
405 615 740 668 significationem
771 615 966 656 Lucilius:
1005 629 1084 666 qua
1121 616 1170 655 de
1208 629 1329 656 causa
1365 616 1425 655 ita
1462 618 1619 667 fecerit,
1657 620 1798 668 postea

250 676 484 716 uidebimus.
535 676 655 727 Apud
689 675 860 716 Graecos
885 678 1024 728 poetas
1050 674 1168 723 καλὸς
1190 672 1391 716 Ἀπόλλων
1417 677 1532 716 audit
1557 677 1653 716 deus
1679 690 1798 728 quem

250 737 467 777 secundum
499 736 741 788 Theognidis
772 749 933 776 uersum
965 733 1011 790 (7
1026 731 1210 790 Bergkii)
1242 734 1459 777 ἀθανάτων
1490 736 1696 777 κάλλιστον
1721 737 1797 776 La-

249 798 348 837 tona
396 798 555 848 peperit
603 797 733 836 ueluti
782 796 890 848 apud
938 796 1140 836 Rhianum
1183 798 1231 835 A.
1252 796 1294 835 P.
1321 797 1380 836 VI
1407 797 1511 847 278,
1540 800 1560 836 1
1608 798 1797 848 Apollon.

249 857 375 896 Rhod.
402 857 444 896 II
467 858 549 897 702
576 857 766 896 Nonnum
791 857 958 908 Dionys.
978 856 1079 896 VIII
1099 857 1184 895 226
1218 857 1254 896 Χ
1277 858 1360 896 197
1393 857 1494 896 XIII
1514 859 1599 898 302
1627 852 1796 912 (Bruch-

249 930 418 957 mannus
450 917 643 968 Epitheta
674 917 838 957 deorum
869 917 976 968 Lips.
1006 918 1120 956 1893
1154 931 1191 969 p.
1221 912 1316 972 25):
1348 917 1456 968 apud
1488 918 1590 957 alios
1622 919 1798 969 corporis

251 978 378 1018 cultui
410 978 526 1017 anxie
557 979 598 1017 et
627 977 836 1017 munditiis
869 991 1031 1028 operam
1069 978 1140 1017 dat
1176 978 1305 1017 ueluti
1341 979 1383 1016 in
1421 979 1570 1029 hymno
1602 979 1797 1030 Delphico

250 1038 396 1077 Bullet.
429 1038 478 1077 de
510 1050 679 1088 corresp.
711 1035 854 1077 hellen.
880 1038 997 1077 XVII
1025 1038 1138 1077 1893
1171 1052 1209 1089 p.
1239 1039 1460 1089 565seqq.:
1495 1033 1588 1078 ‘dem'
1625 1034 1655 1078 ὦ
1684 1041 1797 1092 Παρ-

249 1102 401 1138 νασσοῦ
432 1097 590 1151 γυάλων
621 1096 845 1151 εὐδρόσοισι
871 1098 1095 1146 Κασταλίας
1125 1101 1292 1150 νασμοῖς
1323 1098 1396 1139 σὸν
1421 1096 1543 1151 δέμας
1567 1098 1797 1152 ἐξαβρύνων

250 1156 327 1209 ἰήιε
365 1157 520 1207 Παιάν;
560 1157 665 1209 apud
701 1158 919 1198 Horatium
956 1171 1075 1198 carm.
1102 1159 1161 1198 IV
1188 1160 1232 1208 6,
1261 1160 1314 1198 26
1362 1156 1449 1211 ‘qui
1488 1160 1649 1199 Xantho
1693 1160 1797 1199 lauis

249 1230 365 1257 amne
397 1215 531 1258 crinis'
559 1218 622 1257 ΠΙ
648 1219 687 1268 4,
709 1219 762 1258 61
799 1215 886 1269 ‘qui
915 1231 1004 1258 rore
1036 1232 1137 1270 puro
1171 1217 1372 1259 Castaliae
1403 1220 1508 1259 lauit
1539 1221 1660 1260 crinis
1692 1220 1796 1260 solu—

249 1275 341 1318 tos'.
391 1277 523 1324 Quare
555 1279 737 1318 Tibullus
762 1279 805 1317 II
832 1280 869 1329 5,
900 1280 922 1318 7
957 1279 1007 1318 ad
1037 1279 1286 1330 Apollinem:
1320 1277 1415 1319 ‘Sed
1445 1278 1626 1330 nitidus',
1652 1281 1797 1331 inquit,

251 1335 509 1390 ‘pulcherque
541 1340 651 1378 ueni:
682 1352 788 1378 nunc
818 1339 938 1379 indue
969 1342 1123 1379 uestem
1149 1339 1377 1391 Sepositam
1400 1341 1541 1393 longas
1567 1353 1673 1380 nunc
1697 1341 1797 1380 bene

249 1401 363 1450 pecte
388 1396 549 1439 comas’.
600 1400 752 1439 Eodem
775 1400 894 1439 modo
920 1400 1123 1439 quenalis
1149 1400 1250 1439 VIII
1278 1402 1361 1440 128
1389 1413 1644 1441 acersecomes
1662 1402 1798 1453 posuit

249 1472 322 1511 pro
353 1460 540 1499 cinaedus
564 1459 766 1511 Apollinis
799 1461 1015 1511 epitheton.
1066 1460 1163 1500 Veri
1193 1461 1321 1513 igitur
1345 1462 1594 1500 simillimum
1620 1464 1681 1501 est
1706 1475 1795 1501 con-

250 1520 365 1570 queri
388 1520 621 1571 Apollinem
652 1521 761 1572 apud
785 1520 986 1560 Lucilium
1017 1521 1125 1572 quod
1155 1533 1246 1560 cum
1278 1523 1400 1561 ceteri
1430 1522 1483 1561 ad
1511 1535 1635 1561 unum
1661 1535 1796 1561 omnes

248 1582 383 1631 patres
416 1580 612 1630 dicantur,
643 1580 729 1631 ipse
759 1581 925 1632 pulcher
950 1580 1098 1620 Graece
1130 1581 1238 1631 quod
1269 1583 1329 1621 est
1360 1581 1479 1629 καλός
1507 1582 1645 1621 audire
1671 1583 1798 1622 soleat

249 1642 296 1679 ut
336 1641 482 1679 exoleti
525 1640 574 1679 ab
620 1641 883 1680 amatoribus:
928 1642 1023 1680 conf
1055 1642 1226 1692 interpp.
1260 1642 1312 1681 ad
1342 1642 1546 1692 Aristoph.
1578 1643 1697 1694 Vesp.
1727 1643 1794 1682 98.

249 1699 413 1740 Lucian.
457 1701 571 1751 Iupp.
615 1703 719 1753 trag.
746 1702 802 1740 43
848 1701 896 1740 de
939 1701 1146 1751 Apolline:
1190 1703 1282 1741 Ποῦ
1324 1707 1403 1741 νῦν
1447 1700 1468 1742 ὅ
1511 1701 1655 1750 καλὸς
1698 1700 1796 1754 ἡμῖν

249 1759 496 1818 κιθαρῳδόςς
534 1760 640 1800 Dial.
666 1763 782 1800 mort.
813 1763 879 1812 10,
902 1762 926 1800 3
958 1757 1004 1801 ‘O
1040 1760 1160 1810 καλὸς
1198 1759 1240 1802 δὲ
1278 1756 1395 1810 οὗτος
1432 1762 1491 1810 τίς
1524 1761 1648 1813 ἐστιν;
1685 1765 1797 1816 Χαρ-

250 1819 399 1872 μόλεως
425 1852 433 1860 .
455 1852 463 1860 .
486 1852 494 1861 .
520 1819 541 1861 ὁ
573 1819 797 1874 ἐπέραστος,
829 1816 877 1862 οὗ
909 1821 952 1862 τὸ
985 1821 1140 1874 φίλημα
1171 1821 1404 1862 διτάλαντον
1435 1817 1497 1875 ἦν.
1547 1824 1686 1874 Neque
1711 1824 1797 1863 ulla

249 1894 292 1920 re
322 1894 394 1921 nos
425 1881 683 1932 prohibemur
715 1883 927 1932 quominus
959 1883 1066 1933 quod
1103 1883 1284 1933 sequitur
1320 1884 1591 1935 fragmentum
1631 1897 1710 1935 quo
1748 1884 1797 1923 de

248 1941 546 1991 pulchritudine
590 1942 760 1981 duarum
806 1943 1047 1982 feminarum
1090 1955 1115 1981 a
1157 1943 1254 1982 Ioue
1304 1947 1584 1995 corruptarum
1632 1945 1796 1984 deorum

250 2001 396 2051 aliquis
428 2023 484 2028 —
515 2002 559 2040 id
602 2003 710 2041 enim
752 2002 794 2041 in
837 2003 940 2042 libro
965 2003 986 2042 I
1029 2002 1136 2042 ueri'
1164 2005 1225 2043 est
1274 2004 1525 2043 simillimum
1555 2026 1615 2031 —
1647 2006 1796 2056 egerat,

249 2061 377 2101 eidem
407 2061 590 2113 Apollini
619 2062 844 2102 tribuamus
875 2065 1078 2103 recusanti
1107 2063 1265 2114 pulchri
1297 2076 1536 2116 cognomen:

370 2116 449 2171 24.
481 2122 636 2162 Nonius
667 2137 705 2174 p.
733 2123 832 2172 258,
859 2125 916 2163 20
950 2120 1212 2164 ‘Contendere
1244 2124 1444 2176 significat
1482 2137 1699 2176 conparare
1727 2156 1764 2164 ..

249 2181 428 2222 Lucilius
460 2184 687 2234 satyrarum
718 2183 786 2222 lib.
812 2184 834 2222 I
865 2180 944 2223 “ut
970 2217 978 2224 .
1001 2216 1007 2222 .
1030 2215 1038 2223 .
1064 2184 1151 2223 lede
1177 2188 1298 2235 atque
1323 2186 1472 2225 daciones
1497 2183 1793 2225 alcholocheo''.’

249 2242 418 2282 Versum
451 2244 521 2293 qui
551 2245 593 2282 et
622 2245 778 2296 tragica
803 2246 844 2283 et
868 2244 1082 2284 Homerica
1107 2245 1277 2284 lectione
1301 2247 1463 2295 poetam
1489 2258 1572 2285 esse
1597 2246 1796 2285 imbutum

248 2303 385 2354 prodit
415 2303 644 2342 emendauit
674 2303 872 2344 Mercerus
903 2317 1055 2344 memor
1088 2304 1331 2345 hemistichii
1360 2306 1501 2345 Iliadis
1533 2303 1570 2348 Ξ
1591 2307 1675 2345 317
1703 2302 1792 2345 οὐδ’

250 2358 354 2403 ὁπότ’
381 2360 595 2416 ἠρασάμην
615 2359 798 2416 Ἰξιονίης
822 2362 990 2417 ἀλόχοιο.
1034 2365 1287 2405 Vocabulum
1315 2366 1493 2405 Thestias
1518 2379 1564 2405 ex
1591 2366 1796 2417 Euripidis

250 2424 422 2474 sumpsit
445 2423 531 2474 Iph.
551 2423 642 2462 Aul.
669 2425 725 2464 49
753 2422 933 2478 ἐγένοντο
952 2424 1075 2480 Λήδᾳ
1098 2425 1280 2465 Θεστιάδι
1304 2429 1407 2479 τρεῖς
1430 2424 1639 2479 παρθένοι.
1700 2426 1795 2466 Sen-

248 2483 420 2523 tentiam
457 2484 517 2523 ita
547 2484 629 2523 fere
661 2485 865 2536 suppleas:
901 2498 971 2525 nec
1001 2486 1137 2525 studui
1166 2487 1308 2534 faciem
1337 2487 1440 2535 facie
1475 2488 1522 2524 ut
1559 2486 1795 2526 contendere

250 2555 406 2593 possem
447 2544 683 2584 Thestiados
720 2544 852 2584 Ledae
893 2547 1015 2595 atque
1052 2545 1225 2586 Ixionies
1264 2546 1463 2586 alochoeo.
1532 2547 1683 2586 Tamen
1727 2548 1794 2585 uix

249 2604 409 2653 poterat
445 2604 615 2643 scribere
652 2605 750 2644 haec
788 2605 983 2655 Lucilius,
1028 2607 1063 2645 si
1106 2619 1185 2645 non
1229 2606 1392 2646 uolebat
1434 2606 1591 2646 laedere
1635 2609 1794 2658 gentem

252 2662 510 2703 Claudiorum
546 2666 867 2715 potentissimam
909 2666 979 2716 qui
1021 2666 1097 2705 hoc
1138 2668 1347 2706 uterentur
1389 2668 1623 2719 cognomine
1667 2667 1795 2706 ueluti

251 2724 452 2763 consulem
490 2725 586 2763 anni
619 2720 807 2778 624s130
838 2725 942 2776 App.
977 2725 1188 2765 Claudium
1219 2726 1435 2766 Pulchrum
1474 2722 1584 2781 (uide
1615 2727 1792 2779 prolegg.

250 2796 288 2833 p.
314 2783 408 2822 XXI
440 2783 526 2822 CIL
550 2784 572 2823 I
603 2784 661 2823 ed.
694 2785 763 2823 alt.
794 2787 815 2824 1
849 2798 887 2835 p.
916 2786 1013 2824 148.
1028 2778 1148 2840 '149)
1181 2788 1221 2825 et
1250 2786 1376 2837 Appii
1408 2786 1567 2826 Claudii
1597 2787 1794 2827 familiam

252 2842 430 2893 Scipioni
476 2843 704 2884 Aemiliano
752 2845 941 2885 infestam
990 2846 1112 2884 fuisse
1165 2844 1274 2898 (uide
1323 2847 1501 2899 prolegg.
1539 2861 1577 2898 p.
1603 2842 1794 2901 XXXIV)

253 2901 389 2942 Cicero
419 2905 594 2943 testatur
625 2904 673 2944 de
703 2918 784 2956 rep.
810 2905 831 2944 Ι
858 2906 911 2944 31
945 2918 1017 2956 pro
1051 2905 1185 2945 Scaur.
1213 2907 1280 2946 32.
1341 2905 1509 2947 Constat
1539 2907 1677 2947 eodem
1701 2908 1794 2947 lusu

251 2963 465 3003 uerborum
495 2976 612 3003 usum
642 2977 726 3004 esse
753 2963 957 3005 Catullum
984 2966 1052 3016 79,
1074 2969 1095 3005 1
1133 2963 1313 3007 ‘Lesbius
1345 2968 1407 3011 est
1434 2967 1629 3018 pulcher.
1651 2998 1659 3006 .
1680 2998 1688 3006 .
1716 2967 1794 3007 Sed

250 3026 387 3063 tamen
417 3023 482 3062 hic
517 3025 684 3074 pulcher
720 3025 872 3065 uendat
908 3038 999 3065 cum
1038 3027 1156 3077 gente
1189 3025 1407 3068 Catullum’
1450 3028 1519 3066 ubi
1555 3030 1794 3079 interpretes
