2060 3444
243 290 329 332 268
790 285 943 323 XXVIII
968 298 1002 320 u.
1033 288 1229 320 747—752.

242 416 290 441 ne
329 402 423 453 quid
461 414 530 441 suo
569 402 660 439 suat
697 395 834 450 capiti’
867 398 1000 437 Plaut.
1028 396 1157 437 Casin.
1186 398 1240 437 95
1280 394 1471 448 ‘possisne
1510 410 1631 437 necne
1673 397 1775 436 clam

242 476 303 501 me
335 462 472 501 sutelis
504 463 584 500 tuis
616 461 840 511 praeripere
875 455 1087 498 Casinam’.
1143 458 1298 497 Reuera
1329 458 1590 497 sarcinatores
1619 455 1780 496 ἀκεσταί

244 525 282 561 et
297 522 570 561 sarcinatrices
585 519 780 570 ἀκέστριαι
800 519 1088 568 mancipiorum
1122 520 1214 556 sunt
1234 531 1378 569 genera
1393 512 1574 570 (Lucian.
1588 517 1704 568 fugit.
1720 517 1774 556 33

243 582 371 620 Varro
398 583 470 620 sat.
496 581 668 630 Menipp.
698 581 780 618 363
797 574 867 633 B):
900 576 1094 630 ἀκέστριαι
1127 578 1270 616 mimus
1304 577 1531 627 Sophronis.

365 636 473 680 748.
512 641 664 679 Nonius
696 654 732 690 p.
763 639 865 687 328,
895 640 915 676 7
961 635 1148 686 ‘Iactm-e,
1194 637 1443 676 ambitiosius
1487 636 1661 688 gloriari.
1697 668 1703 674 .
1732 667 1739 674 .
1768 667 1775 674 .

243 701 420 739 Lucilius
452 701 514 739 lib.
544 700 707 738 XVIII
737 697 810 738 “in
841 711 882 737 re
915 698 1068 749 agenda
1098 699 1187 747 ipsa
1218 697 1386 736 ridicula
1414 698 1456 735 id
1482 700 1594 745 atque
1620 696 1776 736 adsede-

243 758 341 800 ret''.
386 758 548 799 iactare'
572 773 603 798 e.
631 773 666 809 q.
694 773 722 799 s.
774 758 987 797 Caesuram
1024 758 1240 807 septenarii
1276 757 1392 796 facile
1430 769 1622 807 agnoscas
1660 769 1777 806 quem

243 833 402 859 uersum
450 822 535 859 iure
586 819 686 858 libro
718 819 891 857 XXVIH
946 818 1172 856 tribuerunt
1220 817 1434 856 Muellerus
1489 815 1777 862 Quicheratius.

243 881 401 929 radiyla
425 880 457 918 L
484 894 534 918 m.
564 882 584 918 1
615 891 745 917 errore
771 881 816 916 ut
840 878 1009 916 uidetur.
1053 879 1172 916 iactat
1197 890 1242 915 ex
1268 877 1454 915 lemmate
1478 876 1617 915 Iunius
1643 879 1777 915 uersm'

244 933 399 978 intulit:
432 940 536 989 quod
568 939 818 990 agnoscimus
849 939 890 976 in
922 938 1069 976 litteris
1101 937 1180 976 illis
1211 937 1254 976 id
1285 939 1398 985 atque
1429 937 1492 975 ad.
1555 934 1640 981 Quo
1671 936 1777 975 facto

244 1001 369 1038 restat
398 1011 439 1038 se
470 1000 515 1038 de
540 1011 581 1037 re
607 995 800 1050 Kamen).
837 996 915 1036 Cic.
942 996 1052 1036 Verr.
1078 996 1136 1035 IV
1164 999 1232 1045 21,
1260 997 1313 1035 46
1348 992 1490 1035 ‘iactat
1520 1008 1561 1034 se
1591 997 1674 1034 iam
1707 995 1776 1033 du-

245 1059 338 1098 dum
370 1059 417 1097 de
445 1055 612 1107 Calidio,
643 1060 780 1097 narrat
806 1057 988 1096 omnibus
1015 1058 1154 1095 emisse
1182 1054 1236 1095 se’
1264 1069 1336 1106 pro
1364 1055 1467 1095 Cael.
1498 1057 1562 1103 11,
1591 1057 1644 1094 27
1674 1052 1778 1094 ‘cum

245 1133 285 1158 se
317 1119 562 1170 grauissume
595 1118 1028 1167 uehementissumeque
1059 1118 1228 1155 iactaret
1262 1118 1302 1154 et
1339 1115 1472 1155 omnia
1508 1115 1778 1154 inflammatus

246 1175 406 1230 ageret’.
457 1182 585 1217 tamen
617 1178 817 1228 suppleui:
849 1178 891 1216 in
923 1177 1031 1215 exitu
1062 1189 1200 1215 uersus
1232 1177 1408 1225 positum
1436 1177 1495 1215 est
1519 1175 1650 1214 Plaut.
1677 1174 1776 1213 Rud.

247 1240 342 1278 569.
371 1239 467 1277 534.
493 1237 618 1276 Lucil.
644 1237 711 1276 lib.
738 1236 910 1275 XXVHI
934 1250 971 1274 u.
1001 1237 1096 1274 790.

366 1292 475 1337 749.
507 1298 660 1336 Nonius
693 1312 729 1347 p.
758 1298 859 1346 248,
890 1298 943 1334 24
989 1293 1263 1343 Ὃοηῐῃὰήήθῑθ,
1312 1295 1566 1346 coniungere,
1617 1294 1776 1334 sociare.

244 1358 423 1396 Lucilius
454 1357 522 1396 lib.
548 1357 721 1395 XXVIII
766 1353 893 1406 “quid
921 1387 928 1394 .
958 1387 964 1394 .
993 1387 1000 1394 .
1027 1352 1334 1394 committere''.'
1410 1354 1643 1393 Diuerbium
1688 1366 1785 1413 σοιν.

247 1417 469 1456 stituimus:
502 1430 578 1466 quo
611 1417 717 1455 facto
749 1429 827 1455 non
859 1428 959 1466 opus
992 1417 1051 1454 est
1083 1416 1316 1454 correctura.

368 1471 475 1516 750.
512 1476 668 1515 Nonius
694 1490 731 1526 p.
761 1476 858 1525 365,
885 1476 938 1515 33
986 1472 1178 1514 ‘Pretium
1222 1475 1368 1514 dicitur
1411 1474 1515 1524 quod
1559 1487 1600 1513 re
1644 1475 1778 1524 empta

246 1537 374 1575 datur.
408 1567 415 1574 .
444 1567 451 1574 .
480 1536 688 1575 ,Lucilius
726 1535 793 1574 lib.
818 1534 992 1574 XXVIII
1037 1532 1140 1573 “nec
1175 1547 1257 1582 par
1300 1537 1414 1574 uocat
1457 1534 1536 1573 ullo
1584 1530 1775 1583 pretio'’.’

247 1594 344 1636 ‘Nec
366 1608 498 1645 paruo
530 1597 656 1634 catillo
685 1592 825 1645 pretio’
858 1595 1073 1634 Mercerus:
1111 1595 1242 1634 catula
1272 1594 1569 1643 Lachmannus,
1606 1593 1779 1633 catulwm

246 1656 478 1704 Muellerus,
529 1655 599 1694 alii
649 1655 740 1695 alia.
813 1655 934 1694 Nolui
977 1656 1134 1694 mutare
1181 1653 1333 1693 Catullo
1376 1654 1558 1693 datiuum
1601 1652 1669 1704 qui
1719 1654 1779 1692 est

247 1716 535 1754 deminutiuum
579 1715 695 1754 sicuti
733 1716 901 1754 lenullus
943 1715 1137 1754 homullus
1173 1714 1272 1753 alia:
1309 1713 1414 1753 ludit
1450 1715 1493 1752 in
1531 1713 1777 1752 deminutiuo

246 1775 488 1826 lepidissime
522 1774 702 1814 Catullus
730 1775 797 1824 56,
825 1776 848 1813 3
884 1771 984 1813 ‘ride
1016 1774 1210 1824 quidquid
1242 1787 1362 1823 amas,
1399 1773 1510 1822 Cato,
1549 1769 1777 1812 Catullum’.

246 1835 507 1885 Nescioquem
547 1834 750 1874 Catullum
793 1835 857 1873 uel
899 1833 1076 1873 Catonen
1119 1834 1220 1872 dixit
1261 1835 1381 1884 poeta
1425 1833 1487 1872 cui
1531 1846 1609 1872 non
1651 1845 1778 1884 paruo

247 1894 374 1945 pretio
407 1896 492 1934 erat
523 1895 652 1933 ueluti
681 1895 801 1945 piscis
833 1896 1000 1944 emptus.
1051 1893 1183 1932 Verba
1208 1907 1301 1944 pars
1327 1894 1422 1932 sunt
1446 1892 1663 1943 septenarii
1682 1891 1778 1931 ⁴ante

247 1967 450 1993 caesuram
481 1954 550 2004 qui
581 1954 766 1993 similiter
796 1953 963 2004 incipiat
995 1955 1116 2003 atque
1151 1953 1218 1992 lib.
1245 1953 1378 1992 XXVI
1401 1967 1438 1991 u.
1467 1953 1563 1991 656.

992 2109 1028 2146 2.

371 2186 478 2231 751.
510 2191 663 2230 Nonius
688 2205 725 2241 p.
749 2192 845 2240 331,
866 2192 892 2229 4
919 2187 1009 2240 ἹΥθ,
1036 2191 1274 2230 accumbere.
1319 2184 1583 2230 Luciliuslib.
1606 2190 1777 2229 XXVIII
1828 2235 1832 2241 '

250 2247 326 2302 (ita
357 2251 576 2290 Leidensis:
615 2251 809 2290 XXVIIH
835 2246 1191 2305 Guelferbytanus)
1231 2247 1437 2290 “chremes
1470 2282 1477 2288 .
1505 2282 1512 2289 .
1541 2282 1548 2288 .
1581 2263 1777 2290 summum

248 2313 307 2350 ire
337 2311 390 2349 ad
421 2308 708 2350 demenetus''.’
760 2312 859 2349 ierat
889 2311 1068 2350 Rothius.
1130 2310 1277 2361 Agitur
1309 2311 1356 2349 de
1388 2310 1590 2350 conuiuio:
1625 2310 1666 2348 in
1698 2310 1777 2349 imo

248 2372 350 2409 lecto
392 2370 611 2410 accubabat
647 2371 828 2409 dominus
873 2371 1048 2420 aedium,
1090 2372 1133 2409 in
1175 2370 1304 2409 medio
1348 2370 1426 2409 fuit
1465 2369 1666 2420 Chremes,
1710 2371 1779 2420 qui

249 2430 397 2469 maiore
442 2432 543 2469 esset
586 2430 799 2482 dignitate,
842 2432 885 2468 in
928 2443 1079 2469 summo
1122 2430 1398 2470 Demaenetus.
1469 2430 1643 2469 Nomina
1686 2431 1779 2469 sunt

248 2490 402 2528 Attica:
436 2489 682 2529 Chremetem
713 2503 759 2528 ex
790 2489 943 2528 Andria
974 2490 1161 2539 Terentii,
1192 2489 1478 2529 Demaenetum
1514 2503 1559 2528 ex
1590 2489 1779 2529 Asinaria

249 2549 383 2588 Plauti
412 2549 610 2601 intellegit
639 2550 799 2601 Lipsius
837 2563 954 2600 quem
991 2549 1129 2588 laudat
1160 2549 1295 2588 Dousa
1332 2549 1372 2587 in
1406 2549 1688 2588 commentario
1726 2549 1778 2589 ad

249 2609 283 2646 h.
311 2609 335 2646 l.
364 2608 575 2648 Seruorum
607 2611 744 2649 contra
775 2610 936 2648 nomina
968 2622 1050 2648 esse
1082 2609 1307 2659 suspicatur
1330 2609 1563 2649 Muellerus:
1595 2610 1637 2648 at
1667 2623 1778 2648 man-

248 2669 363 2718 cipiis
400 2682 526 2719 neque
563 2669 724 2708 nomina
760 2669 831 2707 illa
869 2671 963 2708 sunt
999 2670 1095 2719 apta
1132 2682 1258 2719 neque
1296 2669 1390 2708 ordo
1428 2670 1612 2708 conuiuii.
1676 2668 1777 2708 Con-

248 2729 404 2767 uiuium
435 2729 540 2778 quod
570 2728 755 2780 praebuit
785 2729 953 2768 Athenis
983 2729 1100 2768 homo
1128 2729 1329 2768 Romanus
1362 2728 1490 2780 qualis
1523 2730 1609 2768 erat
1640 2729 1682 2767 Τ.
1708 2729 1778 2767 ille

227 2787 439 2827 'Albucius
471 2782 557 2841 (lib.
582 2788 625 2827 H
648 2802 685 2827 u.
713 2782 788 2841 88)
820 2790 940 2839 poeta
970 2788 1131 2827 uidetur
1161 2788 1422 2840 descripsisse.

371 2843 479 2887 752.
511 2847 664 2886 Nonius
689 2862 726 2898 p.
755 2849 822 2898 67,
851 2850 904 2887 14
937 2860 983 2886 ex
1014 2848 1273 2899 grammatico
1301 2845 1566 2888 εΡανειιέαοίοε
1586 2879 1592 2886 .
1615 2879 1622 2886 .
1645 2878 1652 2886 .
1673 2847 1777 2887 idem

249 2908 428 2946 uicesimo
465 2909 574 2946 tuwm
611 2907 791 2947 efoebum
828 2908 1025 2958 quendam
1063 2921 1179 2958 quem
1218 2910 1365 2948 uocant
1399 2910 1658 2957 praeutaeton
1699 2900 1777 2961 (ita

250 2966 288 3003 L
312 2978 360 3004 m.
390 2969 426 3015 1,
456 2968 695 3016 pareutaton
719 2980 769 3006 m.
793 2969 842 3007 2:
874 2968 1108 3018 parectaton
1135 2962 1219 3022 Gr')'.
1282 2967 1422 3007 Cetera
1453 2967 1654 3018 adscripta
1683 2968 1778 3005 sunt

250 3024 351 3064 libro
376 3025 432 3064 IX
457 3039 493 3064 u.
523 3027 604 3066 321
643 3026 713 3065 ubi
749 3027 797 3066 de
832 3026 1026 3067 uocabulo
1056 3029 1307 3076 pareutaatoe
1350 3028 1484 3066 actum
1521 3028 1591 3065 est.
1658 3025 1776 3065 Prae-

1975 203 1986 205 Ι
1979 178 1985 179 ¹
2003 2 2025 14 ἓ

2043 544 2060 571 z.
2044 497 2060 521 :1
2054 475 2060 488 --
2035 84 2060 434 “anastase—nmen
2033 56 2060 75 La
2027 0 2060 44 ,ἃ
