2060 3444
325 168 408 210 118
927 164 1010 200 VIII
1035 177 1069 199 u.
1098 169 1296 201 311—313.

321 293 488 330 superne
521 280 644 329 tingit
675 275 828 317 undas’:
861 279 929 328 qui
961 278 1160 317 inuenerit
1182 279 1258 317 hoc
1282 281 1509 319 omnicolor-e
1534 279 1584 318 ad
1610 279 1715 330 quod
1740 293 1857 319 uoca—

321 340 460 379 bulum
497 339 713 389 pertineat,
755 338 788 377 is
825 350 985 377 uersum
1023 338 1257 377 emendabit.
1321 339 1511 378 Escarum
1549 342 1589 378 et
1626 340 1857 378 deliciarum

322 402 449 439 strues
492 398 652 437 uidetur
695 409 777 437 csse
820 397 1021 448 descripta
1070 398 1226 448 qualem
1276 401 1470 438 memorat
1519 412 1635 438 cocus
1678 399 1857 439 Alexidis
1908 436 1910 438 .

323 458 423 498 CAF
449 459 491 498 H
515 472 552 509 p.
581 457 715 498 3351<
740 471 777 496 u.
807 459 859 496 12
899 455 963 496 ἐπὶ
1005 455 1048 511 τὸ
1089 456 1262 510 τάγηνον
1304 458 1497 510 φυκίδας,
1539 457 1692 510 ψήττας
1735 458 1858 511 τινάς,

322 518 483 571 καρῖδα,
521 518 680 568 φύκην,
715 516 884 569 κωβιόν,
915 514 1082 570 πέρκην,
1120 516 1272 569 σπάρον
1298 530 1319 554 *
1348 530 1368 553 *
1395 512 1526 572 (deest
1555 531 1659 558 unus
1697 514 1857 571 uersus)

322 577 487 628 ἐποίησά
517 573 552 616 τ’
587 575 683 616 αὐτὸ
715 576 992 630 ποικιλώτερον
1022 582 1112 616 ταῶ.
1174 577 1251 616 Ρ1·0
1280 578 1447 626 fomento
1478 578 1755 618 Lachmannus
1779 591 1857 618 mo-

321 641 457 688 mento,
488 638 630 677 melius
655 636 919 677 Baehrensius
951 639 1116 676 omento:
1148 639 1351 676 omentum
1383 638 1488 676 enim
1517 638 1623 677 idem
1652 639 1712 677 est
1737 640 1857 689 atque

321 696 514 737 ἐπίπλουν
541 692 704 751 (Athen.
724 697 786 736 111
810 710 848 747 p.
880 697 961 736 106
978 690 1075 750 EF).
1125 696 1182 735 At
1207 709 1370 736 caesura
1395 709 1532 736 uersus
1556 697 1713 737 laborat
1737 711 1856 748 quam

324 758 404 796 alia
429 758 584 796 ratione
609 757 819 796 restituere
843 769 922 796 non
948 756 1169 807 poterimus
1194 757 1272 796 nisi
1297 757 1331 796 si
1355 757 1595 796 uocabulum
1620 759 1713 797 ante
1737 759 1858 797 onmi-

324 818 446 857 colore
478 817 666 856 excidisse
698 818 930 856 statuemus.
991 816 1134 867 Itaque
1164 817 1271 855 horto
1302 817 1464 867 inserui,
1495 819 1540 856 ut
1572 816 1671 856 Cato
1702 817 1750 856 de
1776 830 1858 869 agr.

322 878 415 916 cult.
437 879 475 926 8,
498 879 520 916 2
551 875 638 916 ‘sub
662 877 760 916 urbe
784 877 944 915 hortum
970 889 1085 915 omne
1110 888 1248 928 genus,
1276 879 1555 916 coronamenta
1579 890 1694 916 omne
1719 874 1857 929 genus'

296 931 299 934 ’
322 938 417 976 Hor.
445 950 558 976 serm.
584 937 625 976 II
652 938 690 986 4,
719 937 771 976 16
807 933 981 988 ‘inriguo
1006 935 1107 974 nihil
1139 938 1199 975 est
1230 936 1376 976 elutius
1406 933 1550 976 horto’.
1600 936 1734 976 Anum
1758 936 1858 976 diui-

322 1000 402 1036 tem
441 997 681 1047 permulsam
719 997 914 1045 fomento,
950 996 1079 1046 pomis
1116 995 1258 1045 uariis,
1295 996 1492 1036 colustrae
1530 996 1682 1036 deliciis
1722 998 1860 1048 captat

321 1057 550 1107 heredipeta
587 1057 654 1095 uel
693 1056 794 1095 alius
836 1056 938 1106 quis.
1006 1055 1065 1094 De
1109 1056 1285 1095 fomento
1326 1055 1432 1106 quod
1475 1056 1634 1096 seruaui
1673 1056 1764 1096 uide
1808 1056 1860 1096 ad

323 1116 389 1155 lib.
415 1117 545 1155 XXIX
571 1130 608 1154 u.
637 1117 733 1154 813.

443 1171 553 1216 312.
585 1175 739 1214 Nonius
772 1188 818 1213 ex
849 1175 1111 1226 grammatico
1143 1189 1180 1225 p.
1209 1177 1308 1225 217,
1335 1177 1387 1214 21
1424 1173 1638 1215 ‘Posticam
1666 1207 1674 1214 .
1696 1207 1702 1214 .
1725 1207 1732 1214 .
1760 1175 1858 1215 Titi-

322 1236 413 1274 nius
445 1238 586 1274 neutro
614 1267 620 1273 .
644 1267 650 1274 .
674 1267 680 1274 .
708 1235 787 1274 dici
816 1234 971 1285 probat.
1000 1266 1008 1273 .
1030 1266 1037 1273 .
1060 1266 1066 1273 .
1093 1235 1272 1274 Lucilius
1303 1235 1371 1274 lib.
1397 1235 1496 1274 VIII
1529 1232 1777 1286 “pistrinum
1798 1267 1805 1274 .
1826 1266 1857 1274 ..

326 1292 518 1335 culina”.'
564 1294 812 1334 Describitur
831 1294 972 1334 domus
996 1296 1131 1345 partes
1155 1295 1331 1346 posticae
1355 1297 1532 1345 tempore
1551 1295 1697 1335 Lucilii
1722 1296 1859 1346 quales

325 1357 442 1394 fuere.
493 1355 675 1405 Apparet
704 1354 982 1393 domnaedium
1013 1354 1188 1393 nondum
1215 1356 1349 1405 petere
1373 1367 1517 1405 panem
1543 1367 1568 1393 a
1591 1355 1740 1406 pistore
1765 1368 1859 1394 uen-

323 1415 450 1464 dente,
483 1414 550 1454 sed
578 1427 693 1453 suum
718 1414 825 1453 domi
850 1413 995 1452 habere
1022 1416 1062 1452 et
1086 1415 1300 1464 pistrinum
1326 1416 1367 1454 et
1390 1414 1620 1465 panificium
1646 1427 1858 1465 seruosque

323 1476 493 1525 pistores
526 1469 647 1528 (Plin.
674 1475 755 1512 nat.
780 1473 873 1512 hist.
898 1473 1035 1512 XVIII
1063 1475 1166 1514 107:
1197 1474 1326 1513 Plaut.
1352 1474 1463 1513 Asin.
1492 1476 1577 1514 200
1609 1474 1659 1513 ad
1689 1473 1860 1514 Graecos

323 1547 452 1573 mores
484 1529 668 1587 spectat).
719 1533 833 1579 Quod
858 1533 956 1572 dicit
981 1534 1213 1583 adpositum,
1244 1533 1283 1572 id
1310 1533 1509 1585 significat
1537 1536 1672 1582 aptum
1697 1536 1737 1573 et
1762 1545 1859 1574 com—

323 1594 492 1644 modum,
522 1595 569 1632 ut
595 1592 673 1632 Cic.
699 1593 747 1632 de
772 1593 852 1632 inu.
878 1593 898 1631 I
925 1593 964 1642 5,
992 1595 1015 1633 6
1051 1590 1195 1633 ‘dicere
1233 1593 1414 1644 apposite
1446 1593 1497 1632 ad
1534 1590 1859 1644 persuasionem'.

324 1654 453 1693 Varro
484 1667 558 1693 rer.
584 1655 681 1693 rust.
707 1653 727 1691 I
755 1654 823 1703 23,
851 1654 872 1692 1
909 1650 1007 1692 ‘alia
1038 1654 1143 1692 enim
1169 1654 1258 1693 loca
1282 1653 1467 1704 adposita
1491 1655 1584 1692 sunt
1609 1653 1660 1693 ad
1683 1650 1858 1693 faenum'

323 1714 364 1752 II
392 1715 429 1763 7,
457 1715 481 1752 5
517 1711 572 1752 ‘et
602 1726 691 1753 clun
723 1715 784 1752 est
814 1725 943 1764 aeger,
975 1713 1026 1752 ad
1056 1713 1291 1752 medendum
1323 1710 1542 1763 adpositus'
1577 1712 1654 1752 Cic.
1687 1713 1748 1752 ad.
1774 1713 1859 1752 Att.

324 1773 384 1812 III
413 1775 480 1822 14,
508 1775 532 1812 2
568 1770 721 1812 ‘uerum
753 1773 803 1811 ab
834 1773 922 1823 ipso
953 1772 1040 1811 1000
1072 1773 1234 1811 minime
1260 1772 1443 1824 apposito
1470 1772 1520 1811 ad
1544 1773 1793 1812 tolerandam
1817 1773 1859 1812 in

325 1835 437 1871 tanto
475 1833 584 1872 luctu
624 1829 908 1872 calamitatem’
947 1833 989 1871 in
1021 1832 1131 1871 Verr.
1158 1832 1215 1871 IV
1243 1834 1325 1871 126
1368 1829 1511 1871 ‘multo
1550 1833 1770 1883 adpositior
1810 1832 1860 1872 ad

323 1892 487 1931 ferenda
519 1905 640 1943 quam
671 1892 722 1931 ad
753 1891 970 1931 auferenda
1001 1889 1143 1943 signa'.
1206 1891 1333 1942 Prope
1365 1891 1578 1942 pistrinum
1610 1894 1703 1931 sunt
1735 1893 1860 1943 posti-

325 1966 413 1990 cum
453 1952 558 2002 quod
594 1952 743 1990 habent
780 1951 895 1990 aedes
934 1951 1198 2001 Pompeianae
1237 1951 1316 1990 fere
1354 1963 1507 2000 omnes,
1549 1953 1635 1990 tum
1679 1952 1777 1991 sella
1820 1954 1861 1991 et

325 2011 468 2051 culina.
537 2010 646 2057 Quae
686 2011 869 2062 Pompeis
913 2012 1142 2062 saepissime
1186 2012 1270 2049 arte
1314 2011 1548 2050 coniunctae
1591 2012 1685 2050 sunt
1725 2013 1859 2061 partes

324 2071 482 2120 domus,
512 2070 641 2110 ueluti
671 2072 714 2109 in
745 2070 862 2110 domo
892 2070 1087 2120 Lucretii,
1128 2069 1337 2110 Castorum
1368 2083 1470 2121 quae
1501 2069 1665 2120 dicitur,
1702 2071 1859 2121 Popidii

326 2130 498 2170 Secundi
535 2125 823 2184 (Overbec-kius
853 2130 1011 2170 Manius
1042 2129 1222 2180 Pompeii
1254 2130 1312 2169 ed.
1339 2130 1396 2168 IV
1427 2144 1465 2181 p.
1494 2124 1610 2184 339).
1672 2130 1762 2170 Non
1799 2132 1860 2169 est

326 2190 431 2240 quod
462 2191 559 2229 sella
591 2192 788 2230 mutemus
813 2184 930 2244 (cella
955 2184 1232 2243 Guilelmius):
1264 2189 1408 2229 docent
1431 2190 1537 2229 sella·
1557 2189 1655 2240 quid
1681 2189 1734 2229 sit
1761 2189 1858 2229 Cato

325 2250 373 2289 de
405 2263 487 2301 agr.
514 2250 607 2289 cult.
637 2251 733 2299 157,
762 2252 812 2288 11
850 2246 940 2289 ‘sub
972 2250 1112 2289 sellam
1143 2249 1358 2300 supponito
1388 2250 1603 2299 pertusam.
1641 2262 1686 2288 eo
1717 2250 1860 2288 mulier

326 2306 498 2349 adsidat’
532 2309 660 2349 Varro
685 2322 759 2348 rer.
786 2311 882 2348 rust.
908 2309 928 2348 I
957 2311 1024 2358 13,
1050 2310 1076 2348 4
1119 2309 1167 2347 de
1205 2308 1473 2359 sterquilinio:
1519 2306 1575 2347 ‘in
1613 2322 1737 2359 eoque
1774 2309 1859 2359 qui-

326 2369 418 2407 dam
437 2369 555 2408 sellas
574 2369 833 2408 familiaricas
851 2365 1022 2419 ponunt'
1045 2363 1361 2422 (Dittenbergeri
1379 2367 1528 2420 Syllog.
1551 2367 1608 2407 ed.
1629 2368 1669 2406 II
1690 2369 1788 2418 834,
1804 2371 1859 2408 10

325 2426 392 2467 καὶ
429 2427 471 2467 τὸ
503 2427 669 2480 οἴκημά
654 2443 736 2468 ιον
772 2427 815 2468 τὸ
853 2426 916 2467 ἐπὶ
954 2433 1024 2468 τοῦ
1061 2423 1297 2488 κοπρῶνος).
1358 2427 1527 2466 Latrina
1563 2427 1668 2466 enim
1705 2427 1858 2467 Lucilio

327 2489 388 2527 est
417 2488 621 2527 balineum
652 2483 739 2542 (lib.
765 2487 822 2526 VI
846 2501 884 2526 u.
913 2488 996 2527 253
1028 2488 1086 2526 XI
1111 2502 1147 2526 u.
1176 2482 1293 2541 400).

446 2541 558 2588 313.
589 2548 743 2587 Nonius
773 2561 811 2598 p
839 2549 967 2597 4,10
1006 2545 1198 2587 Tolutim
1238 2547 1385 2586 dicitur
1428 2546 1544 2597 quasi
1580 2546 1763 2586 uolutim
1794 2519 1859 2586 uel

327 2607 569 2646 uolubiliter.
600 2638 608 2646 .
630 2639 637 2645 .
660 2639 667 2646 .
693 2607 799 2646 idem
831 2578 938 2660 (ι’ἰεηι
968 2602 1169 2661 impressi)
1201 2606 1380 2646 Lucilius
1411 2608 1636 2656 satyrarum
1666 2606 1734 2645 lib.
1759 2606 1860 2645 VIII

327 2663 394 2705 “si
413 2679 528 2706 omne
550 2661 719 2720 (omnem
737 2667 769 2705 L
788 2680 839 2704 m.
863 2669 883 2705 1
903 2661 955 2720 G)
975 2666 1054 2705 iter
1071 2661 1192 2720 (inter
1205 2660 1259 2720 G)
1280 2665 1418 2705 euadit
1437 2665 1688 2717 stadiumque
1707 2666 1858 2705 accliue

326 2723 501 2764 tolutim’
509 2723 547 2764 '.'
618 2726 910 2776 Saepenumero
951 2726 998 2764 de
1042 2738 1144 2776 equo
1187 2738 1260 2765 suo
1300 2725 1482 2776 loquitur
1523 2738 1642 2775 eques
1677 2725 1857 2765 Lucilius

244 2791 250 2795 ’
327 2785 504 2835 artisque
542 2786 740 2824 uocabula
777 2785 970 2835 equestris
1007 2785 1128 2824 habet
1163 2785 1205 2824 in
1243 2784 1396 2824 deliciis
1433 2785 1551 2824 sicuti
1593 2785 1742 2824 tolutim
1783 2785 1858 2824 hoc
1940 2791 1942 2793 ’

326 2845 413 2883 1000
445 2847 486 2883 et
515 2846 695 2883 stadium.
747 2844 852 2883 Gonf
873 2845 920 2884 de
947 2845 1060 2895 equis
1084 2844 1279 2884 Hiberum
1305 2857 1406 2895 quae
1430 2844 1666 2884 Posidonius
1690 2843 1858 2883 tradidit

327 2916 389 2954 ap.
423 2903 553 2942 Strab.
586 2904 648 2942 III
678 2918 716 2955 p.
751 2905 955 2943 163=med.
1006 2902 1297 2957 δεδιδαγμένων
1352 2903 1485 2943 ἵππων
1534 2901 1749 2957 ὀρειβατεῖν
1790 2901 1857 2943 καὶ
