2060 3444
865 250 882 295 1
907 266 942 295 u.
971 255 1125 297 30-31.
1712 248 1765 300 17

213 373 341 427 prior,
385 374 453 424 qui
482 373 686 424 praecedit
721 386 826 423 omn,
869 375 938 423 qm*
967 384 1161 423 praesens
1199 374 1263 413 est.
1333 370 1411 412 Sed
1447 370 1552 412 male
1589 385 1662 424 pro
1702 374 1769 412 uir

219 436 357 488 posuit
386 436 456 475 uix
481 447 560 474 non
586 434 841 475 considerans
866 437 908 474 et
933 433 1040 485 apud
1064 433 1286 474 Lucianum
1311 433 1396 472 Iou.
1421 435 1524 485 trag.
1555 433 1608 472 15
1629 433 1769 472 Iouem

221 495 314 536 deos
351 495 504 546 alloqui
546 492 689 548 ἄνδρες
732 494 826 535 θεοί
866 496 908 534 et
951 494 1058 546 apud
1102 493 1295 534 Senecam
1337 494 1537 544 apocoloc.
1568 495 1591 534 9
1624 493 1769 532 Ianum

219 557 377 608 patrem
402 555 482 595 dici
506 555 707 595 hominem
733 556 995 606 quantumuis
1020 555 1191 593 uafrum.
1242 553 1348 594 Conf
1368 556 1576 605 praeterea
1599 553 1751 604 Archip

220 628 296 667 pus
327 615 502 655 comicus
534 616 676 668 fragm.
706 617 759 655 29
788 610 912 670 (CAF
936 615 958 654 I
988 629 1026 666 p.
1055 615 1140 654 685
1152 609 1296 668 Kock.)
1329 614 1399 652 ubi
1429 615 1557 664 pisces
1588 613 1770 665 adloqui·

221 679 290 716 tur
330 676 488 728 legatus
531 673 675 730 ἄνδρες
718 675 856 729 ἰχθύες
899 677 940 715 et
982 687 1085 726 quae
1129 674 1351 714 Meinekius
1396 674 1448 713 ad
1490 675 1595 713 hunc
1639 675 1771 714 locum

222 731 282 791 (2,
305 731 410 790 723)
443 737 615 775 contulit
640 736 795 776 Timaei
827 731 991 790 (Athen.
1016 735 1058 775 Π
1085 729 1206 789 37Β)
1238 732 1381 802 ἄνδρες
1411 733 1615 788 Τρίτωνες,
1646 734 1770 774 Athe-

221 798 313 836 naei
337 796 397 836 IV
425 796 554 837 16οΒ
587 791 618 836 ὦ
649 794 791 851 ἄνδρες
822 795 950 843 κύνες.
1012 795 1237 846 Neptunus,
1269 796 1334 834 cui
1365 807 1526 835 uersum
1558 794 1771 834 tribuimus

222 858 343 897 sicuti
373 870 438 895 uu.
468 858 641 896 26--29
676 857 839 896 uidetur
870 855 1034 895 laudare
1064 855 1297 907 Apollinem
1330 857 1399 906 qui
1434 855 1602 894 concilio
1639 856 1772 907 priore

224 917 322 968 quid
359 919 494 957 actum
532 917 586 956 sit
622 917 798 968 quidque
836 917 922 967 ipse
958 915 1115 968 rogarit
1152 917 1399 967 exposuerat.
1469 914 1598 955 Sicuti
1638 929 1772 955 muros

223 978 384 1028 Troiae,
427 979 488 1017 ita
524 977 674 1017 Romae
711 977 821 1016 urbis
859 977 1047 1016 delendos
1086 988 1169 1016 esse
1212 976 1394 1015 funditus
1437 976 1507 1015 ille
1547 978 1772 1016 censuerat:

223 1051 314 1077 cum
353 1038 478 1077 fratre
517 1038 717 1077 consentit
753 1038 966 1089 Neptunus
1004 1037 1124 1076 sicuti
1162 1037 1270 1088 apud
1307 1036 1527 1076 Homerum
1560 1038 1617 1076 M
1634 1037 1687 1076 17
1722 1035 1774 1088 δὴ

226 1096 310 1138 τότε
342 1097 561 1150 μητιόωντο
594 1096 830 1138 Ποσειδάων
861 1095 928 1137 καὶ
956 1093 1158 1137 Ἀπόλλων
1188 1100 1313 1150 τεῖχος
1344 1095 1581 1149 ἀμαλδῦναι.

344 1152 423 1199 31.
449 1158 685 1198 Lactantius
711 1158 834 1197 diuin.
860 1157 988 1197 instit.
1015 1157 1053 1195 V
1082 1159 1149 1208 14,
1177 1159 1201 1196 3
1232 1154 1484 1208 ‘Carneades,
1510 1157 1774 1197 Academicae

223 1220 354 1259 sectae
383 1218 657 1270 philosophus,
688 1220 802 1258 cuius
833 1218 876 1257 in
908 1218 1136 1258 disserendo
1169 1230 1272 1268 quae
1303 1218 1367 1258 uis
1399 1218 1534 1268 fuerit,
1565 1231 1668 1268 quae
1695 1219 1775 1257 elo-

223 1279 401 1330 quentia,
433 1279 540 1329 quod
572 1291 750 1329 acumen,
782 1279 853 1329 qui
883 1278 1011 1318 nescit
1041 1279 1185 1329 ipsum,
1217 1291 1263 1317 ex
1295 1278 1592 1329 praedicatione
1620 1277 1774 1318 Cicero*

223 1339 286 1379 nis
315 1339 541 1391 intelleget,
579 1341 651 1379 aut
681 1339 847 1389 Lucilii,
886 1339 993 1390 apud
1025 1352 1144 1390 quem
1176 1338 1371 1379 disserens
1402 1338 1616 1390 Neptunus
1648 1339 1696 1378 de
1733 1351 1775 1377 re

224 1398 465 1439 difficillima
496 1400 673 1439 ostendit
702 1413 783 1439 non
813 1412 930 1450 posse
966 1399 1010 1439 id
1047 1400 1256 1451 explicari,
1295 1396 1409 1439 “non
1435 1430 1443 1439 .
1466 1431 1472 1438 .
1495 1430 1503 1438 .
1529 1396 1773 1439 remittat''.’

224 1458 335 1500 codd
366 1459 572 1499 Lactantii
602 1459 701 1499 BSP
738 1460 1004 1511 deprauatam
1036 1460 1224 1499 exhibent
1255 1460 1467 1499 lectionem
1499 1471 1570 1499 ‘nec
1606 1461 1642 1499 si
1679 1459 1776 1499 Oar-

223 1521 387 1560 maden.
438 1519 567 1560 Locus
597 1521 708 1560 totus
737 1533 762 1559 a
787 1520 1000 1560 Lactantio
1027 1520 1260 1570 desumptus
1286 1522 1347 1559 est
1372 1533 1419 1559 ex
1445 1519 1646 1559 Ciceronis
1672 1520 1776 1559 libro

225 1580 274 1619 de
303 1593 386 1631 rep.
412 1580 475 1619 111
506 1575 573 1635 (5,
601 1581 736 1631 9—6,
764 1582 788 1620 9
827 1594 865 1632 p.
894 1581 978 1620 335
1013 1580 1107 1619 edit.
1147 1579 1188 1619 C.
1209 1580 1252 1619 F.
1273 1580 1335 1618 W.
1356 1575 1578 1634 Muelleri),
1621 1579 1692 1619 ubi
1729 1580 1777 1619 de

226 1637 485 1679 celeberrima
505 1638 722 1680 Carneadis
748 1641 951 1692 legatione
977 1642 1115 1692 egerat
1141 1639 1278 1679 Cicero
1304 1641 1414 1680 facta
1436 1653 1541 1680 anno
1563 1636 1776 1693 599s155:

227 1699 412 1740 audierat
435 1699 615 1740 Lucilius
645 1700 929 1752 philosophum
958 1713 1049 1740 cum
1074 1700 1224 1740 Romae
1249 1701 1320 1740 illo
1348 1713 1452 1739 anno
1479 1700 1640 1753 degeret
1665 1694 1777 1754 (uide

227 1761 407 1813 prolegg.
433 1774 471 1811 p.
498 1756 662 1815 XXIV).
734 1761 874 1811 Neque
917 1763 1053 1800 tamen
1095 1761 1206 1801 illius
1248 1762 1441 1812 temporis
1485 1774 1638 1800 memor
1679 1761 1778 1800 haec

227 1820 388 1872 scripsit
434 1821 717 1860 tantummodo
767 1821 944 1860 Lucilius
995 1821 1063 1862 sed
1113 1822 1273 1872 scriptis
1318 1820 1559 1862 Clitomachi
1609 1822 1680 1872 qui
1726 1821 1779 1860 ad

227 1882 390 1932 poetam
414 1880 605 1920 Latinum
636 1881 784 1921 librum
814 1883 980 1922 miserat
1009 1882 1187 1921 imbutus
1214 1881 1358 1932 quibus
1385 1881 1656 1922 Clitomachus
1684 1880 1779 1921 Car-

227 1940 366 1981 neadis
411 1941 634 1981 dominam
677 1940 843 1994 μάλιστα
886 1939 1052 1993 ἐφώτισε
1095 1936 1230 1998 (Diog.
1263 1941 1396 1983 Laert.
1422 1942 1481 1981 IV
1509 1937 1596 1996 67).
1667 1941 1779 1981 Obiit

230 2000 453 2041 Carneades
502 2003 606 2041 teste
650 2002 897 2052 Apollodoro
946 2004 990 2040 in
1039 2002 1236 2041 chronicis
1285 1997 1422 2056 (Diog.
1455 2002 1589 2041 Laert.
1614 2002 1674 2041 IV
1701 1997 1777 2056 65)

229 2061 279 2101 01.
303 2062 401 2112 162,
421 2063 448 2100 4
474 2073 579 2101 anno
608 2058 801 2115 625J129
830 2063 901 2101 aut
928 2058 1139 2115 626s128:
1171 2075 1251 2113 qua
1277 2062 1326 2101 de
1350 2075 1393 2102 re
1419 2064 1573 2114 egimus
1598 2063 1778 2115 prolegg.

228 2135 266 2173 p.
292 2120 374 2160 XL.
424 2120 536 2168 Quae
568 2121 622 2162 sit
652 2135 714 2161 res
744 2122 818 2161 illa
849 2122 1089 2162 difficillima
1121 2135 1223 2173 quae
1255 2136 1305 2162 ne
1337 2136 1362 2163 a
1387 2121 1591 2162 Carneade
1618 2123 1779 2173 quidem

229 2182 358 2233 possit
387 2182 597 2233 explicari,
634 2195 713 2222 non
744 2182 914 2222 tradidit
944 2182 1198 2223 Lactantius:
1236 2183 1305 2222 sed
1341 2183 1625 2234 philosophum
1663 2183 1780 2222 illum

230 2241 278 2281 de
309 2242 371 2282 dis
402 2242 445 2280 in
475 2244 687 2293 utramque
724 2246 882 2294 partem
918 2242 1146 2295 disputasse
1182 2243 1244 2283 his
1284 2246 1455 2294 apparet
1491 2243 1623 2283 uerbis
1656 2243 1780 2283 Clito-

229 2302 363 2342 machi
403 2302 509 2353 apud
548 2302 713 2342 Sextum
750 2303 1000 2356 Empiricum
1037 2317 1075 2354 p.
1104 2305 1204 2354 429,
1231 2304 1321 2342 SB:
1359 2301 1581 2357 ἠρώτηνται
1620 2301 1663 2343 δὲ
1700 2302 1780 2344 ὑπὸ

229 2367 301 2402 τοῦ
334 2361 570 2416 Καρνεάδου
601 2361 667 2402 καὶ
698 2369 915 2417 σωριτικῶς
945 2361 1063 2415 τινές,
1095 2362 1167 2411 οὓς
1198 2362 1220 2404 6
1245 2363 1444 2417 γνώριμος
1469 2362 1594 2403 αὐτοῦ
1619 2363 1781 2404 Κλειτό-

231 2436 354 2474 μαχος
378 2419 432 2470 ὡς
457 2422 797 2472 σπουδαιοτάτους
821 2421 888 2463 καὶ
913 2422 1230 2471 ἀνυτικωτάτους
1254 2421 1495 2478 ἀνέγραψεν,
1527 2422 1686 2477 ἔχοντας
1711 2423 1781 2463 τὸν

231 2480 379 2536 τρόπον
410 2487 567 2522 τοῦτον·
606 2482 643 2523 εἰ
672 2482 775 2531 Ζεὺς
805 2482 902 2532 θεός
933 2482 1026 2536 ἐστι,
1057 2482 1124 2523 καὶ
1157 2481 1177 2523 6
1210 2483 1420 2524 Ποσειδῶν
1457 2482 1554 2533 θεός
1585 2482 1779 2524 ἐστιν’...

232 2541 269 2581 εἰ
305 2539 348 2581 δὲ
385 2539 406 2582 6
445 2542 653 2582 Ποσειδῶν
690 2543 787 2592 θεός
822 2542 902 2584 ἐστι
944 2542 1011 2584 καὶ
1045 2539 1231 2597 Ἀχελῶος
1273 2542 1381 2583 ἔσται
1417 2542 1627 2592 θεός..
1661 2542 1727 2583 καὶ
1759 2541 1780 2583 6

233 2602 420 2650 Νεῖλος.
472 2634 480 2642 .
511 2601 579 2643 καὶ
609 2609 688 2651 πᾶς
718 2602 995 2655 ποταμός..
1026 2602 1094 2644 καὶ
1125 2603 1168 2643 οἱ
1200 2603 1385 2658 ῥύακες.
1436 2635 1444 2642 .
1477 2602 1544 2643 καὶ
1581 2603 1629 2643 αἱ
1661 2603 1781 2657 χαρά-

234 2661 336 2735 δραι.
369 2634 457 2715 cvxl
494 2660 536 2702 δὲ
574 2662 617 2703 οἱ
648 2662 825 2738 ᾧύοικες·ἱῖ
854 2634 965 2704 ουδὲ.
986 2661 1007 2703 6
1038 2663 1141 2712 Ζεὺς
1177 2661 1254 2717 ἄρα
1290 2662 1388 2711 θεός
1425 2662 1542 2703 ἐσ.τιν
1587 2663 1623 2703 εἰ
1659 2661 1702 2704 δέ
1739 2679 1781 2718 γε

235 2715 338 2773 ’ἦσαν
368 2722 479 2773 θεοί,
515 2738 582 2762 και
614 2720 635 2762 6
667 2722 770 2771 Ζεὺς
801 2717 852 2776 ἦν
882 2721 933 2763 ἂν
965 2722 1072 2772 θεός.
1109 2722 1184 2764 οὐκ
1222 2721 1298 2777 ἄρα
1335 2722 1425 2763 θεοὶ
1463 2723 1563 2764 εἰσίν
1595 2718 1781 2778 (Viokius

234 2781 369 2821 Herm.
394 2782 584 2822 XXXVII
612 2784 725 2822 1902
757 2797 796 2834 p.
819 2785 900 2823 241
913 2778 1054 2852 seqq.)
1110 2784 1170 2823 De
1200 2784 1431 2835 philosophi
1454 2784 1676 2835 impietate,
1712 2785 1782 2836 qui

235 2843 401 2894 negaret
438 2842 532 2882 deos
566 2855 650 2882 esse
688 2843 912 2883 deliberant
947 2843 988 2882 di
1024 2845 1068 2882 in
1099 2844 1267 2884 Luciani
1301 2844 1398 2883 Ioue
1435 2844 1646 2896 tragoedo:
1691 2845 1786 2885 conf

238 2914 340 2952 quae
373 2901 653 2943 adnot-animus
684 2903 736 2943 ad
760 2917 825 2943 uu.
855 2904 981 2942 1312.
1032 2903 1238 2944 Praesenti
1262 2906 1437 2944 remittat
1460 2906 1639 2944 utentem
1664 2904 1781 2945 deum

235 2961 504 3001 immortalem
535 2962 666 3013 lepide
696 2963 797 3004 facit
826 2965 959 3015 poeta,
989 2975 1079 3003 cum
1110 2964 1301 3004 mortales
1331 2965 1374 3003 in
1398 2964 1516 3005 rebus
1543 2977 1645 3017 quae
1670 2965 1782 3005 nullo

236 3023 355 3073 pacto
386 3023 544 3073 possint
572 3021 660 3062 fieri
690 3025 859 3063 utantur
887 3023 1133 3075 imperfecto.

309 3095 425 3124 Lucilii
442 3095 508 3124 rell.
529 3096 575 3123 ed.
594 3096 704 3124 um.
732 3097 773 3123 Π.
1473 3096 1493 3127 2
