2060 3444
272 224 328 268 72
862 220 915 256 Ν
938 233 974 257 u.
1003 224 1201 258 149—153.

269 337 382 377 Idem
412 335 569 376 Tuscul.
594 335 637 375 H
664 336 732 384 17,
758 335 811 374 41
854 331 967 380 ‘Quis
998 333 1208 375 mediocris
1240 334 1441 387 gladiator
1469 335 1685 388 ingemuit,
1721 335 1811 388 qui·

270 398 429 436 uultum
459 396 637 436 mutauit
667 393 886 446 umquam?
914 425 921 434 .
949 425 957 433 .
985 425 992 433 .
1019 406 1112 446 ergo
1142 395 1219 434 hoc
1248 395 1398 446 poterit
1430 392 1622 437 “Samnis
1649 427 1657 435 .
1685 426 1693 435 .
1720 427 1728 435 .
1753 396 1812 436 lo-

271 453 471 508 coque''‘?’
534 456 647 495 Idem
676 456 717 494 in
751 456 909 494 oratore
936 455 1006 503 48,
1034 455 1115 494 161
1152 451 1274 502 ‘Quin
1305 456 1439 506 etiam,
1470 455 1576 507 quod
1606 456 1689 496 iam
1722 455 1811 496 sub·
1868 464 1869 467 ’

270 517 464 557 rusticum
495 515 673 565 uidetur,
705 515 803 554 olim
834 515 969 554 autem
999 514 1181 566 politius,
1213 528 1350 555 eorum
1380 515 1608 567 uerborum,
1643 529 1813 568 quorum

272 577 434 617 eaedem
478 577 594 616 erant
635 576 860 627 postremae
904 574 1006 614 duae
1048 575 1209 614 litterae
1254 587 1355 626 quae
1398 577 1493 616 sunt
1533 576 1576 615 in
1621 579 1814 626 optumus,

271 638 517 689 postremam
553 636 733 675 litteram
771 634 1051 684 detrahebant,
1093 635 1173 674 nisi
1208 635 1359 675 uocalis
1399 635 1692 687 insequebatur.
1754 637 1814 676 ita

271 711 352 737 non
384 699 470 736 erat
503 709 551 736 ea
582 695 745 736 offensio
777 695 819 734 in
850 695 1043 745 uersibus,
1075 707 1196 746 quam
1226 708 1331 735 nunc
1356 695 1518 747 fugiunt
1541 697 1682 747 poetae
1707 695 1813 736 noui.

273 758 329 798 sic
361 758 466 796 enim
490 756 764 807 loquebamur,
792 787 799 795 .
823 787 829 794 .
852 787 859 794 .
881 752 1000 795 “uita
1032 755 1104 795 illa
1135 755 1258 808 dignu
1288 753 1501 807 locoque’',
1531 769 1612 796 non
1643 752 1815 809 dignus’.

275 817 548 865 Quintilianus
573 817 665 856 inst.
686 816 743 855 IX
764 817 804 865 4,
824 816 879 855 38
902 812 1023 855 ‘Nam
1047 828 1175 866 neque
1194 814 1396 855 Lucilium
1420 817 1569 867 putant
1593 817 1657 856 uti
1678 815 1816 855 eadem

272 878 429 927 ultima,
461 890 551 917 cum
583 876 682 915 dicit
713 873 900 916 “ser-inus
925 870 1188 930 (Aeserninus
1212 875 1257 915 L.
1277 876 1320 915 F.
1343 870 1606 930 Schmidtius)
1638 872 1748 916 fuit’'
1777 877 1818 916 et

275 935 451 990 “dignus
482 932 709 987 locoque''.'
758 936 919 975 Maxim.
951 934 1181 976 Victorinus
1207 935 1274 975 GL
1300 935 1359 974 VI
1385 937 1484 986 216,
1511 936 1614 976 13Κ
1641 933 1818 976 ‘Ennius

273 1010 431 1049 quoque
469 998 546 1036 ait:
588 993 708 1035 “uita
743 996 816 1035 illa
853 995 997 1047 dignus
1033 992 1230 1047 locoque’'
1271 996 1386 1046 quasi
1425 993 1581 1048 “dignu
1616 992 1815 1047 locoque”

274 1058 430 1097 dixerit.
458 1057 643 1097 similiter
667 1056 846 1096 Lucilius
873 1050 1030 1110 (incert.
1049 1069 1087 1095 u.
1110 1049 1245 1110 1314)
1272 1057 1332 1095 ait
1357 1053 1475 1095 “tum
1499 1056 1680 1097 lateralis
1705 1056 1819 1096 dolor

275 1116 519 1157 certissimus
563 1117 726 1156 nuntius
770 1112 971 1156 mortis''.'
1049 1115 1185 1156 Cicero
1228 1117 1271 1155 in
1315 1115 1446 1167 epist..
1475 1116 1526 1156 ad
1569 1115 1613 1162 Q.
1652 1117 1819 1156 fratrem

273 1178 337 1218 m
362 1178 402 1227 4,
429 1179 453 1216 2
483 1174 600 1216 ‘Cum
624 1175 845 1216 Aesernino
872 1175 1052 1217 Samnite
1076 1175 1338 1216 Pacideianus
1364 1177 1619 1227 comparatus
1644 1175 1818 1216 uiderer:

275 1237 497 1278 auriculam
528 1237 697 1276 fortasse
728 1236 927 1276 mordicus
959 1235 1201 1287 abstulisset,
1233 1249 1324 1276 cum
1350 1235 1489 1276 Clodio
1522 1236 1683 1287 quidem
1713 1237 1818 1276 certe

274 1298 443 1338 redisset
473 1297 515 1336 in
547 1293 747 1350 gratiam’.
797 1295 1008 1337 Probabile
1039 1298 1101 1341 est
1130 1297 1292 1347 poetam
1316 1296 1359 1336 in
1384 1296 1544 1336 exordio
1570 1297 1636 1336 uel
1660 1298 1820 1336 saturae

275 1358 340 1398 uel
365 1357 464 1405 libri,
483 1357 662 1408 posuisse
687 1357 960 1397 narrationem
984 1357 1101 1396 istam
1130 1356 1179 1396 de
1203 1356 1474 1408 gladiatorum
1492 1369 1630 1408 pugna
1648 1355 1819 1397 clarissi-

275 1431 382 1458 mam
414 1417 522 1469 apud
553 1418 740 1468 antiquos
771 1417 1001 1468 scriptores:
1040 1416 1189 1456 similia
1219 1417 1449 1457 saturarum
1483 1416 1645 1456 exordia
1680 1417 1820 1469 legun-

276 1479 344 1518 tur
373 1477 442 1517 lib.
468 1477 536 1516 XI.
587 1477 697 1524 Quae
727 1488 865 1528 pugna
894 1477 937 1516 in
968 1476 1203 1516 Flaccorum
1233 1478 1318 1516 siue
1348 1478 1396 1516 ut
1424 1475 1579 1517 Nonius
1611 1477 1652 1516 et
1681 1477 1746 1516 hic
1781 1477 1822 1516 et

275 1539 412 1578 incert.
439 1551 476 1576 u.
506 1538 620 1576 1104
660 1537 822 1587 scripsit
852 1536 1120 1576 Flacchorwm
1154 1550 1316 1576 munere
1354 1537 1565 1577 commissa
1602 1535 1821 1576 etiamtunc

277 1598 425 1650 populo
458 1597 639 1638 Romano
670 1597 770 1636 satis
801 1598 900 1637 nota
930 1598 1029 1646 erat,
1060 1609 1151 1637 cum
1175 1596 1353 1636 Lucilius
1385 1609 1489 1636 anno
1517 1597 1601 1636 fere
1628 1591 1819 1648 636s118

275 1659 375 1698 haec
412 1656 622 1698 scribebat.
691 1655 778 1703 Quo
822 1670 986 1696 munere
1029 1658 1101 1696 aut
1140 1656 1304 1697 Fuluius
1349 1658 1420 1696 aut
1455 1656 1640 1697 Valerios
1682 1656 1822 1696 litasse

277 1719 446 1770 apparet
476 1717 662 1757 manibus
693 1718 872 1768 parentis
905 1716 1083 1757 defuncti
1112 1711 1385 1771 (Metellorum
1409 1730 1553 1756 munus
1578 1716 1824 1756 memoratur

277 1778 345 1818 lib.
371 1777 504 1818 XXVI
528 1791 567 1816 u.
596 1772 720 1831 676):
753 1777 957 1817 ablatiuus
987 1789 1147 1817 munere
1179 1790 1296 1828 quem
1321 1776 1528 1816 Turnebus
1553 1776 1734 1817 restituit
1757 1776 1822 1816 de-

278 1838 454 1878 fenditur
482 1837 769 1887 yladiatoribus
795 1831 882 1890 (lib.
903 1837 1035 1876 XXVI
1060 1851 1096 1876 u.
1125 1831 1231 1891 677)
1258 1838 1299 1876 et
1322 1837 1501 1877 quenal.
1520 1836 1563 1876 H
1584 1837 1668 1877 148
1696 1833 1823 1876 ‘cuius

278 1901 373 1938 tunc
404 1910 566 1938 munere
597 1898 702 1937 retia
732 1894 871 1937 misit'.
891 1919 949 1924 —-
982 1898 1078 1936 150.
1109 1909 1276 1947 spurcus
1303 1898 1426 1942 homa
1457 1897 1483 1935 i.
1510 1910 1541 1936 e.
1568 1897 1712 1948 dignus
1735 1897 1824 1936 uita

278 1958 535 2009 spurcissima
578 1970 680 2008 quae
724 1959 784 1996 est
828 1956 1098 2010 gladiatorum
1136 1951 1242 2010 (CIL
1267 1957 1289 1996 I
1317 1957 1431 1996 1418
1477 1958 1570 2007 quei
1613 1958 1824 2008 quaestum

278 2031 465 2069 spurcum
502 2017 671 2068 professi
708 2011 858 2070 essent)
891 2018 932 2056 et
962 2018 1125 2055 minime
1160 2016 1275 2055 fortis
1312 2015 1514 2068 gladiator
1552 2018 1592 2056 et
1627 2018 1822 2056 strenuus.

280 2075 474 2118 ‘homines
503 2108 510 2115 .
533 2108 539 2115 .
563 2108 570 2114 .
597 2077 709 2129 digni
740 2076 827 2116 uita.
858 2076 932 2115 illa
963 2073 1253 2127 conuiuiisque’
1289 2075 1367 2116 Cic.
1399 2077 1441 2114 in
1466 2076 1578 2115 Verr.
1605 2075 1641 2112 V
1672 2078 1740 2125 12,
1767 2077 1824 2116 30

280 2135 440 2189 ‘dignus
471 2137 543 2177 illo
575 2138 661 2176 loco
694 2149 740 2176 ac
765 2132 939 2176 nomine’
965 2136 1028 2176 m
1055 2137 1124 2186 68,
1145 2137 1241 2176 159.
1292 2135 1520 2176 Pacideiani
1544 2136 1591 2175 ut
1615 2136 1824 2176 fortissimi

280 2197 517 2250 gladiatoris
549 2210 693 2236 nomen
726 2196 888 2236 Horatii
923 2197 1103 2247 tempore
1140 2197 1345 2236 ueterator
1381 2196 1528 2247 aliquis
1565 2195 1641 2235 sibi
1677 2195 1826 2242 indidit

281 2254 413 2312 (serm.
439 2257 481 2296 Π
509 2259 547 2307 7,
574 2252 662 2311 97).
736 2256 979 2296 Aeserninus
1022 2256 1150 2308 igitur
1192 2256 1354 2305 quidam
1405 2257 1451 2295 ut
1498 2252 1686 2308 ignobilis
1735 2268 1825 2295 cum

280 2317 519 2358 Pacideiano
551 2329 631 2357 non
662 2317 722 2356 ita
754 2317 1006 2368 componitur
1047 2312 1123 2356 ‘uti
1160 2328 1239 2356 non
1277 2317 1520 2367 compositus
1556 2316 1699 2356 melius
1736 2328 1824 2355 cum

280 2378 403 2417 Bitho
434 2374 646 2417 Bacchius‘
681 2370 795 2430 (Hor.
823 2389 936 2416 serm.
962 2376 983 2415 I
1011 2377 1049 2426 7,
1077 2370 1170 2428 19):
1202 2375 1272 2416 sed
1300 2376 1434 2427 impar
1463 2375 1543 2415 fuit
1573 2375 1642 2415 ille
1673 2375 1825 2426 optimo

281 2437 500 2490 gladiatori
535 2437 629 2488 post
664 2436 844 2476 homines
881 2437 1008 2475 natos.
1077 2434 1259 2476 Contulit
1296 2435 1347 2475 ad
1386 2436 1486 2475 haec
1528 2435 1653 2475 uerba
1688 2435 1826 2475 Dousa

283 2496 362 2537 Cic.
394 2510 467 2548 pro
498 2496 582 2536 Mil.
611 2497 680 2545 26,
707 2497 762 2536 69
803 2493 936 2536 ‘unius
973 2497 1066 2547 post
1102 2496 1280 2535 homines
1318 2497 1434 2535 natos
1477 2495 1689 2535 fortissimi
1730 2491 1826 2534 uiri'

282 2557 492 2606 Brut-..62
520 2557 605 2596 224
639 2553 791 2608 ‘Longe
823 2558 956 2596 autem
987 2557 1081 2607 post
1113 2557 1229 2596 natos
1260 2555 1440 2595 homines
1477 2551 1825 2606 improbissimus':

282 2618 485 2668 praeierat
514 2616 645 2655 Plaut.
672 2616 772 2655 Rud.
802 2617 884 2656 706
920 2613 1076 2655 ‘natum
1108 2616 1344 2667 quantumst
1371 2614 1579 2655 hominum
1604 2615 1825 2667 sacrilegis-

283 2672 410 2717 sume'
444 2671 616 2729 (Fronto
647 2689 685 2726 p.
714 2678 768 2716 62
795 2675 897 2715 med.
922 2670 993 2730 N).

407 2731 518 2776 153.
551 2734 687 2776 Cicero
720 2736 877 2776 Tuscul.
902 2735 961 2775 IV
988 2737 1057 2785 21,
1082 2736 1138 2774 48
1173 2732 1267 2775 ‘Sed
1297 2736 1341 2775 in
1370 2736 1442 2776 1110
1473 2747 1617 2787 genere
1648 2733 1703 2774 sit
1731 2746 1826 2774 sane

224 2843 230 2846 ¹
282 2797 528 2836 Pacidiamus
548 2796 694 2846 aliquis
712 2796 787 2836 hoc
807 2797 953 2845 animo,
971 2796 1018 2835 ut
1035 2797 1175 2836 narrat
1192 2792 1418 2846 Lucilius,
1424 2791 1617 2835 ‘occidam
1635 2794 1778 2834 illam.

283 2857 327 2895 in
358 2856 564 2896 stomacho
595 2857 709 2895 Μία
740 2868 786 2895 ac
819 2887 826 2894 .
849 2886 856 2894 .
879 2886 886 2895 .
918 2868 990 2895 nec
1019 2855 1179 2907 longius
1211 2855 1429 2906 quicquam
1461 2849 1826 2895 uobis.1ra''.'

285 2915 448 2955 Seruius
482 2916 623 2955 auctus
655 2915 706 2954 ad
736 2915 935 2955 Aeneidos
960 2915 1039 2955 XII
1065 2915 1148 2955 646
1184 2912 1254 2954 ‘Et
1285 2915 1449 2965 quidam
1478 2915 1553 2954 hoc
1576 2913 1744 2954 uerbum
1766 2926 1827 2953 re-

284 2975 547 3026 prehendunt,
578 2988 706 3026 usque
738 2976 904 3015 adeone:
934 2976 1077 3015 melius
1109 2974 1189 3015 dici
1211 2987 1338 3025 usque
1364 2987 1420 3014 eo.
1463 2974 1644 3014 Lucilius
1667 2973 1827 3024 septim
