2060 3444
276 261 363 304 356
772 258 903 297 inem-t.
930 259 1007 297 sed.
1033 272 1069 296 u.
1098 263 1343 297 1121—1125.

276 375 396 425 gilius
434 374 533 412 dicit
563 373 661 412 Aen.
687 373 727 412 II
756 375 852 412 277.
914 374 1043 413 Varro
1081 375 1124 413 in
1161 374 1383 425 Menippeis
1420 375 1552 415 utitur
1587 376 1661 415 hoc
1699 385 1829 415 uoca-'

275 434 368 472 bulo
406 435 447 471 in
488 435 647 473 rusticis
692 433 958 473 describendis
1003 436 1044 473 et
1083 433 1278 473 barbatis:
1324 431 1506 474 ‘barbato
1549 433 1693 475 rostro'
1728 437 1814 476 419

277 495 360 532 259
376 493 427 542 B;
459 493 547 532 radi
580 493 743 532 cottidie
768 494 921 544 primus
946 495 1125 533 instituit
1151 493 1285 544 Scipio
1310 494 1560 535 Aemilianus
1585 490 1706 549 (Plin.
1733 498 1815 535 nat.

275 554 366 592 hist.
393 553 471 591 VH
500 555 581 592 211
613 552 711 592 Gell.
739 553 800 592 ΠΙ
827 549 873 606 4)
906 555 1017 594 cuius
1047 555 1090 592 in
1122 553 1246 593 barba
1278 555 1602 595 consuetudinem
1638 554 1816 595 radenda

274 612 544 662 sequebantur
575 613 693 652 amici
724 615 765 652 et
796 613 1109 653 contubernales.

397 667 538 713 1122.
564 673 666 712 Vide
692 674 830 713 incert.
851 687 887 712 u.
912 674 1206 713 1235—1240
1232 674 1301 712 ubi
1332 674 1410 714 loci
1442 677 1650 714 auctorum
1679 676 1817 715 extant

263 733 471 782 exscripti.
525 732 690 772 Versum
722 733 783 772 bis
815 735 1014 773 sententia
1045 746 1230 772 mancum
1262 734 1401 774 afferre
1428 733 1564 774 Cicero
1596 747 1676 774 non
1702 734 1815 774 dubi-

274 792 390 842 tauit,
423 792 531 842 quod
561 794 603 831 in
635 794 816 833 omnium
848 806 913 833 ore
947 793 1067 834 fuisse
1099 807 1191 832 eum
1224 794 1385 833 sciebat.
1437 794 1606 846 Scripsit
1636 793 1816 834 Lucilius

272 853 346 891 hoc
378 853 459 891 fere
491 853 607 892 modo
641 850 827 892 ‘fruimur
857 853 955 892 bene
988 856 1098 893 cocto
1131 855 1171 893 et
1202 854 1381 904 condito,
1413 867 1591 894 sermone
1623 855 1726 894 bono
1764 857 1816 904 et,

274 913 307 950 si
357 912 532 962 quaeris,
583 910 781 952 libenter'.
858 913 1014 953 Occium
1064 916 1124 952 est
1172 913 1489 963 substantiuum,
1539 916 1585 953 ut
1632 926 1816 954 mansum

274 971 342 1012 lib.
368 972 477 1010 XXX
502 986 539 1010 u.
569 973 681 1012 1046
717 976 757 1012 et
789 974 1002 1013 conditum:
1033 973 1166 1012 Plaut.
1192 974 1284 1012 Aul.
1313 975 1397 1014 429
1426 970 1540 1024 ‘quid
1564 976 1622 1024 tu,
1653 974 1816 1024 malum,

274 1044 406 1081 curas,
443 1034 579 1070 utrum
611 1032 777 1072 crudum
809 1046 859 1071 an
898 1035 1053 1072 coctum
1091 1046 1165 1084 ego
1204 1030 1338 1072 edim’.
1401 1033 1630 1073 Sermonem
1667 1033 1815 1074 bonum

275 1095 392 1140 caput
422 1103 538 1131 cenae
569 1092 749 1143 appellat
782 1091 930 1143 Cicero,
963 1093 1070 1143 quod
1097 1092 1238 1132 Graeci
1271 1094 1410 1133 dicunt
1440 1093 1619 1146 κεφαλὴν
1651 1093 1816 1134 δείπνου

274 1146 398 1205 (CAF
422 1151 462 1190 II
494 1165 532 1202 p.
561 1153 664 1202 360,
700 1152 805 1191 15K
832 1151 910 1192 Cic.
937 1153 1052 1192 Tusc.
1080 1153 1115 1190 V
1144 1148 1237 1207 98):
1295 1156 1434 1193 contra
1482 1154 1722 1204 Lycophron
1773 1155 1815 1193 in

272 1211 502 1250 Menedemo
529 1211 630 1251 TGF
656 1212 704 1251 ed
729 1212 770 1250 II
795 1226 832 1262 p.
860 1214 958 1262 818,
987 1214 1010 1252 3
1026 1213 1064 1251 N
1096 1212 1274 1266 τράγημα
1306 1211 1348 1253 δὲ
1380 1211 1400 1253 ὁ
1431 1212 1707 1267 σωφρονιστὴς
1732 1216 1814 1262 τοῖς

273 1270 481 1322 φιληκόοις
511 1270 637 1324 λόγος.
664 1293 723 1298 -
746 1274 782 1311 si
813 1274 970 1321 quaeris
1001 1273 1093 1311 uide
1125 1273 1176 1312 ad
1202 1273 1268 1312 lib.
1295 1273 1354 1312 IV
1379 1287 1416 1312 u.
1452 1275 1534 1313 153
1562 1274 1633 1312 XV
1655 1287 1692 1314 u.
1716 1274 1813 1313 515.

272 1331 449 1370 libenter:
476 1331 606 1370 adfert
631 1331 768 1371 Dousa
786 1332 976 1383 Pompon.
1000 1334 1081 1371 127
1098 1333 1134 1371 R
1160 1330 1315 1372 ‘rustici
1341 1333 1465 1372 edunt
1490 1333 1661 1372 libenter
1685 1334 1815 1374 tristis

273 1392 381 1430 atros
413 1388 576 1430 intibos'
606 1390 704 1430 Cato
737 1391 785 1431 de
811 1405 895 1443 agr.
923 1392 1015 1431 cult.
1047 1393 1142 1442 156,
1172 1395 1193 1432 1
1224 1390 1273 1432 ‘si
1299 1393 1409 1433 uoles
1435 1395 1477 1432 in
1502 1393 1689 1432 conuiuio
1713 1394 1814 1432 mul-

271 1453 358 1489 tum
389 1450 523 1490 bibere
554 1463 773 1502 cenareque
804 1451 974 1491 libenter
1001 1483 1007 1490 .
1038 1483 1045 1491 .
1074 1449 1098 1490 .’
1126 1453 1150 1491 6
1192 1449 1270 1492 ‘uti
1311 1454 1439 1503 possit
1481 1466 1600 1504 porro
1645 1453 1814 1493 libenter

273 1507 370 1549 esse'
408 1511 504 1560 157,
532 1511 556 1549 6
598 1508 691 1561 ‘quo
729 1511 918 1550 libentius
956 1512 1059 1561 edis,
1100 1514 1212 1552 aceto
1249 1514 1378 1553 mulso
1419 1514 1616 1565 spargito:
1661 1514 1815 1553 lautam

273 1572 418 1609 siccam
454 1602 460 1609 .
489 1601 496 1609 .
526 1602 532 1608 .
565 1572 686 1621 paulo
727 1571 917 1611 libentius
961 1569 1079 1612 edes’.
1150 1572 1215 1612 Sic
1240 1573 1414 1613 Martial.
1442 1573 1498 1612 XI
1524 1573 1592 1623 35,
1619 1574 1645 1612 4
1691 1570 1814 1613 ‘solus

272 1643 380 1680 ceno,
412 1630 589 1680 Fabulle,
621 1644 701 1670 non
732 1629 929 1671 libenter'.

395 1684 537 1730 1124.
570 1690 793 1742 Porphyrio
826 1692 877 1731 ad
907 1691 1069 1731 Horatii
1095 1705 1208 1731 serm.
1235 1693 1256 1732 Ι
1284 1694 1351 1742 10,
1378 1693 1434 1732 30
1468 1690 1676 1732 ‘Canusini
1706 1706 1814 1733 more

271 1747 523 1801 (bihamus)
555 1750 754 1803 Bilinguis
780 1751 893 1801 dixit,
925 1753 1113 1802 quoniam
1140 1754 1309 1803 utraque
1341 1753 1480 1804 lingua
1504 1754 1568 1793 usi
1593 1755 1687 1792 sunt
1711 1755 1815 1794 sicut

272 1822 343 1859 per
368 1823 521 1848 omnem
549 1810 665 1849 illum
691 1813 863 1850 tractum
886 1811 1041 1862 Italiae,
1067 1814 1258 1862 quoniam
1284 1826 1330 1852 ex
1355 1814 1504 1852 maiore
1531 1814 1646 1864 parte
1672 1812 1814 1853 Graeci

271 1869 328 1907 ibi
364 1869 628 1909 incoluenmt.
665 1901 671 1908 .
701 1901 707 1908 .
737 1902 743 1909 .
769 1870 859 1910 ideo
898 1884 991 1923 ergo
1029 1873 1069 1910 et
1107 1872 1260 1912 Ennius
1299 1875 1340 1911 et
1369 1872 1551 1912 Lucilius
1591 1870 1814 1913 “Bruttace

274 1926 477 1980 bilingui'’
512 1927 723 1968 dixerunt'.
786 1930 934 1970 Paulus
967 1945 1014 1970 ex
1044 1931 1164 1971 Festo
1189 1946 1228 1982 p.
1256 1933 1310 1971 35
1346 1929 1569 1984 ‘Bilingues
1601 1933 1814 1974 Bruttaces

272 1988 426 2026 Ennius
460 1984 610 2042 (annal.
638 1991 722 2028 496
738 1985 793 2043 V)
827 1990 929 2029 dixit
961 1991 1068 2040 quod
1092 1991 1230 2030 Brutti
1261 1994 1301 2030 et
1326 1991 1424 2031 Osce
1456 1994 1497 2032 et
1523 1991 1670 2032 Graece
1701 1993 1815 2044 loqui

273 2048 382 2086 soliti
413 2045 521 2087 sint'.
571 2048 635 2087 Ita
660 2050 820 2099 scripsit
852 2050 1162 2090 Thewrewkius:
1195 2051 1378 2090 Bruttate
1409 2048 1554 2091 maluit
1578 2053 1699 2092 scribi
1723 2066 1813 2092 cum

271 2107 500 2146 Monacensi
519 2121 597 2147 uno
617 2109 724 2158 apud
742 2109 911 2148 Paulum
931 2110 1133 2150 Lucianus
1152 2111 1378 2161 Muellerus,
1397 2113 1495 2150 item
1514 2112 1621 2162 apud
1636 2113 1811 2151 Ennium

273 2166 467 2206 Columna
504 2162 617 2221 (edit.
643 2168 794 2208 Hessel.
827 2183 864 2219 p.
893 2165 1016 2222 327):
1055 2170 1161 2221 apud
1201 2170 1402 2210 Lucilium
1433 2171 1615 2211 Bruttate
1647 2173 1812 2223 scripse-

271 2228 368 2265 runt
399 2226 591 2278 Corpetus
616 2227 814 2268 Lucianus
839 2229 1057 2269 Muellerus
1089 2231 1170 2269 alii.
1222 2229 1337 2276 Quod
1360 2244 1410 2269 ne
1440 2231 1626 2284 analogia
1652 2232 1813 2282 quidem

272 2287 531 2326 commendat.
576 2288 681 2327 Nam
706 2288 870 2328 Casinas
902 2291 942 2328 et
966 2290 1110 2329 Antias
1139 2290 1326 2330 dicuntur
1349 2291 1511 2331 urbium
1535 2292 1700 2342 incolae,
1731 2304 1812 2332 non

271 2346 411 2396 populi
440 2348 638 2386 terrarum
668 2350 709 2387 et
733 2350 958 2401 regionum:
990 2349 1058 2389 sed
1084 2349 1232 2390 Graece
1257 2352 1518 2390 nominantur
1542 2352 1682 2403 populi
1709 2351 1812 2392 Cilix

274 2405 487 2456 Cappadox
518 2406 677 2447 Phaeax
708 2408 884 2448 Phoenix
914 2409 1066 2459 Phryx,
1104 2410 1204 2449 adde
1234 2410 1427 2450 Allobrox
1459 2411 1620 2451 Biturix
1650 2413 1810 2452 similia.

270 2465 470 2504 Lucilium
513 2467 635 2506 Ennii
678 2469 902 2519 exemplum
944 2471 1122 2508 secutum
1167 2483 1251 2510 esse
1295 2473 1473 2521 apparet.
1549 2471 1627 2511 Sed
1673 2472 1812 2512 eadem

271 2526 393 2565 uerba
431 2527 538 2576 apud
573 2530 789 2578 utrumque
826 2530 988 2579 poetam
1027 2529 1204 2569 extitisse
1241 2530 1331 2569 ideo
1368 2532 1500 2570 minus
1543 2533 1604 2570 est
1646 2535 1811 2582 certum,

273 2586 379 2635 quod
416 2585 555 2625 Festus
597 2589 870 2626 accusatiuum
906 2590 1042 2638 posuit
1078 2589 1246 2639 pluralis
1284 2590 1456 2640 numeri,
1493 2590 1811 2642 Porphyrionem

216 2647 221 2651 ’
270 2646 401 2684 minus
434 2645 646 2696 diligenter
677 2648 903 2698 exposuisse
929 2649 954 2686 l.
981 2661 1010 2687 s.
1037 2661 1066 2689 s.
1093 2651 1153 2688 est
1175 2649 1392 2699 probabile.
1444 2649 1608 2691 Casibus
1638 2651 1810 2703 obliquis

270 2704 456 2743 uocabuli
498 2705 681 2745 Bruttius
725 2707 768 2745 in
810 2707 931 2748 heroo
976 2708 1038 2746 uti
1087 2721 1215 2759 neque
1258 2709 1411 2749 Ennius
1460 2723 1587 2761 neque
1630 2710 1810 2752 Lucilius

271 2765 496 2803 uoluerunt.
570 2765 684 2805 Vnde
727 2769 928 2806 nouarunt
972 2768 1091 2808 sicuti
1139 2769 1182 2807 in
1226 2768 1403 2820 Apulida
1443 2770 1658 2810 Tusculida
1707 2772 1808 2812 aliis.

271 2823 406 2862 Tertio
437 2824 539 2863 libro
571 2825 714 2864 tribuit
743 2826 968 2866 Muellerus.

393 2878 534 2925 1125.
566 2885 789 2936 Porphyrio
822 2887 873 2925 ad
903 2887 1064 2926 Horatii
1094 2900 1208 2927 serm.
1235 2889 1256 2927 I
1283 2890 1321 2939 6,
1348 2890 1403 2928 68
1437 2892 1507 2930 aut
1537 2891 1645 2930 mala
1681 2891 1809 2931 lustra

271 2942 416 2981 obiciet
447 2945 659 2994 quisquam
689 2959 781 2985 uere
811 2947 911 2985 mihi
943 2944 1065 2986 ‘mala
1096 2948 1223 2987 lustra
1255 2950 1389 2988 autem
1413 2952 1607 3000 perpetuo
1632 2951 1809 3002 epitheto

271 3001 388 3040 dixit:
420 3016 492 3042 nec
517 3004 622 3043 enim
646 3007 739 3044 sunt
762 3006 879 3056 bona,
906 3009 952 3046 ut
978 3007 1029 3046 ad
1054 3007 1331 3048 discretionem
1357 3021 1492 3050 eorum
1516 3010 1626 3049 mala
1650 3011 1806 3051 dixerit.
