2060 3444
263 272 321 319 30
873 272 907 312 11
930 286 969 313 u.
994 278 1151 316 ενι-60.

260 403 349 429 cum
380 388 548 428 Plautus
580 388 726 428 dixerit
750 388 849 428 Rud.
879 389 962 429 659
994 388 1102 428 idem
1134 385 1253 429 ‘talos
1285 386 1445 428 elidere’
1479 389 1561 429 Mil.
1591 390 1688 438 167,
1718 387 1796 430 Lu-

261 450 376 488 cilius
415 450 552 499 posuit
594 450 746 499 primus
789 451 836 488 ut
877 449 1037 488 uidetur
1080 446 1271 488 ‘animam
1319 447 1493 489 elidere’:
1538 453 1694 490 secutus
1738 453 1799 490 est

262 508 430 548 Ouidius
461 511 621 548 metam.
647 509 726 548 XII
752 510 836 548 503
871 506 1147 560 ‘uiuacemque
1178 510 1355 549 animam
1385 511 1517 550 missis
1555 510 1692 550 elidite
1731 511 1797 550 sil-

261 566 338 608 uis'
377 569 497 619 Apul.
529 570 622 608 met.
647 569 704 608 IX
731 570 786 608 38
820 600 828 608 .
856 599 865 607 .
892 600 900 607 .
934 566 1054 608 ‘latro
1087 599 1095 608 .
1123 599 1132 608 .
1159 599 1167 607 .
1198 570 1465 609 miserrimum
1500 571 1685 610 iuuenem
1716 601 1725 609 .
1752 601 1760 609 .
1788 601 1797 610 .

260 628 419 668 inuadit
444 659 452 667 .
473 659 481 666 .
503 659 511 667 .
537 630 724 669 resistens
755 630 911 668 iuuenis
938 659 946 667 .
968 660 977 668 .
999 659 1006 666 .
1038 628 1175 668 multis
1208 631 1248 668 et
1272 629 1419 669 crebris
1443 630 1588 670 ictibus
1611 631 1799 681 inpuram

262 688 379 728 elidit
408 688 548 728 diuitis
580 686 768 728 animam'
803 701 900 740 quos
932 689 1040 728 locos
1071 688 1115 727 L.
1140 689 1354 729 Muellerus
1391 690 1539 729 attulit.
1603 689 1800 730 Similiter

261 749 447 799 spiritum
479 748 624 788 elidere
657 747 793 788 Celsus
825 748 873 788 de
904 749 1004 788 med.
1030 748 1068 786 V
1095 749 1164 798 28,
1192 751 1213 787 1
1248 748 1295 788 de
1327 749 1457 788 ulcere
1490 746 1539 789 ‘si
1576 750 1681 789 circa
1718 751 1798 790 sto·

260 809 445 848 maehum
476 809 659 848 faucesue
691 808 851 858 incidit,
889 808 1019 847 subito
1051 810 1238 859 spiritum
1269 820 1387 859 saepe
1423 805 1551 848 elidit'
1585 811 1625 848 et
1661 811 1800 850 auctor

259 868 413 908 Aetnae
441 869 522 909 561
560 866 638 908 ‘his
669 868 823 908 uiribus
861 868 1026 908 additur
1061 868 1201 920 ingens
1238 869 1403 919 spiritus
1440 868 1641 909 adstrictis
1678 869 1799 909 elisus

258 925 468 968 faucibus’.
531 928 591 967 De
621 930 834 977 inpuratus
864 928 959 967 uide
990 928 1042 967 ad
1072 942 1110 967 11.
1138 929 1205 967 66.
1261 928 1408 968 Versus
1441 929 1681 969 accusatoris
1706 930 1800 969 sunt

259 989 331 1039 qui
366 989 470 1027 hunc
506 989 739 1039 pronomine
776 988 952 1027 Mucium
991 988 1223 1039 appellarit:
1267 989 1396 1028 oratio
1440 989 1604 1039 obliqua
1646 988 1801 1028 indicat

251 1049 406 1088 ‚referre
432 1050 701 1087 accusatorem
733 1060 836 1098 quae
868 1048 938 1087 alii
970 1048 1047 1087 sibi
1077 1049 1329 1088 narrauerint
1353 1048 1412 1088 rei
1436 1048 1596 1088 scelera.
1641 1047 1800 1088 Similia

260 1108 409 1147 scelera
439 1120 582 1158 parum
613 1107 820 1147 credibilia
851 1107 898 1146 de
930 1107 1074 1147 Pisone
1104 1108 1227 1147 refert
1253 1106 1330 1147 Cic.
1362 1109 1405 1146 in
1430 1107 1509 1148 Pis.
1536 1109 1605 1158 34,
1626 1109 1681 1148 83
1690 1121 1799 1159 seqq.

261 1167 600 1207 Contumeliosum
643 1167 858 1207 admodum
898 1168 1019 1208 fuisse
1060 1167 1275 1208 Albucium
1308 1169 1351 1206 in
1389 1167 1636 1208 aduersarios
1673 1167 1801 1208 tradit

262 1227 398 1267 Cicero
430 1227 478 1267 de
509 1230 590 1267 nat.
623 1227 727 1267 deor.
752 1228 774 1266 I
801 1228 867 1267 93.

383 1283 459 1328 59.
492 1288 646 1328 Nonius
691 1299 737 1326 ex
781 1288 1042 1340 grammatico
1086 1300 1124 1338 p.
1155 1288 1224 1337 37,
1253 1288 1307 1326 14
1353 1284 1659 1339 ‘Monogrammi
1701 1287 1801 1327 dicti

261 1350 356 1388 sunt
391 1348 571 1387 homines
610 1348 735 1387 macie
773 1350 985 1398 pertenues
1023 1359 1070 1386 ac
1106 1347 1323 1387 decolores:
1359 1348 1531 1387 tractum
1571 1360 1595 1387 a
1630 1347 1800 1398 pictura,

263 1420 364 1458 quae
395 1408 506 1458 prius
545 1421 664 1458 quam
703 1407 900 1447 coloribus
939 1408 1172 1458 corporatur
1207 1407 1349 1446 umbra
1385 1406 1561 1459 fingitur.
1623 1406 1801 1448 Lucilius

261 1467 329 1507 lib.
354 1468 396 1506 Π
430 1464 529 1506 “uix
562 1499 571 1506 .
598 1498 606 1506 .
635 1499 641 1505 .
674 1464 1036 1519 monogrammo’'.'
1104 1467 1254 1519 Agitur
1288 1467 1336 1506 de
1373 1467 1532 1506 homine
1569 1468 1800 1506 macilento:

262 1528 357 1567 conf
384 1527 540 1567 Lucret.
564 1527 623 1566 lv
652 1528 764 1567 1166
800 1524 978 1567 ‘ischnon
1011 1528 1237 1566 eromenion
1266 1528 1352 1566 tum
1375 1526 1423 1566 fit
1447 1539 1535 1566 cum
1560 1527 1696 1566 uiuere
1721 1539 1800 1566 non

263 1587 350 1638 quit
387 1599 481 1638 prae
519 1584 672 1626 macie’.
737 1586 852 1626 Ouid.
881 1600 914 1626 a.
941 1599 975 1625 a.
1002 1586 1043 1626 Π
1069 1587 1156 1626 660
1195 1583 1263 1627 ‘sit
1306 1587 1485 1639 gracilis,
1528 1588 1654 1626 macie
1698 1598 1800 1638 quae

262 1648 366 1686 male
410 1648 506 1686 uiua
548 1659 620 1687 sua
664 1644 751 1686 est’:
795 1649 876 1687 tres
919 1647 990 1687 hos
1034 1647 1142 1686 locos
1185 1647 1355 1686 contulit
1391 1646 1434 1685 P.
1454 1646 1706 1686 Burmannus
1750 1646 1801 1685 ad

263 1706 399 1746 Ouidii
437 1709 478 1747 et
508 1706 644 1746 Dousa
681 1706 731 1746 ad
766 1706 911 1746 Lucilii
941 1706 967 1745 1.
994 1719 1022 1746 s.
1055 1706 1376 1758 Monogrammos
1415 1706 1658 1746 adiectiuum
1694 1707 1802 1746 solus

264 1770 423 1818 praeter
448 1766 646 1806 Lucilium
672 1766 809 1806 Cicero
842 1766 1024 1806 adhibuit
1054 1766 1103 1806 de
1128 1768 1210 1806 nat.
1237 1766 1342 1807 deor.
1367 1766 1410 1805 Π
1436 1767 1489 1806 59
1519 1763 1637 1817 ‘quae
1661 1777 1802 1806 uerens

263 1827 460 1878 Epicurus
502 1838 822 1879 monogrammos
860 1826 954 1866 deos
998 1829 1038 1866 et
1080 1827 1181 1866 nihil
1224 1827 1381 1879 agentis
1424 1828 1667 1866 commentus
1711 1823 1798 1866 est’.

264 1885 370 1933 Quos
402 1887 495 1927 deos
527 1888 750 1927 accuratius
781 1887 991 1937 descripsit
1015 1886 1250 1926 Posidonius
1279 1886 1385 1937 apud
1410 1884 1489 1925 Cic.
1516 1886 1563 1926 de
1588 1887 1668 1925 nat.
1695 1886 1800 1926 deor.

262 1947 282 1985 I
312 1948 394 1986 123
430 1978 438 1986 .
502 1978 509 1986 .
544 1944 685 1998 ‘neque
735 1947 841 1986 enim
890 1949 974 1986 tam
1024 1946 1221 1997 desipiens
1270 1947 1428 1996 fuisset,
1477 1948 1523 1985 ut
1570 1946 1802 1986 homunculi

264 2008 435 2046 similem
464 1978 580 2046 deum
607 2007 785 2059 fingeret,
817 2006 1068 2046 lineamentis
1095 2006 1304 2045 dumtaxat
1329 2007 1526 2056 extremis,
1558 2018 1636 2045 non
1661 2005 1803 2045 habitu

263 2066 390 2106 solido
424 2097 460 2104 ..
484 2098 491 2104 .
525 2067 666 2105 exilem
705 2066 902 2116 quendam
940 2068 1060 2116 atque
1097 2063 1370 2124 perlucidum'.
1440 2065 1577 2105 Potest
1614 2065 1801 2117 coniungi

262 2127 336 2166 hoc
366 2126 636 2178 fragmentum
667 2139 758 2165 cum
790 2125 968 2166 uersibus
1000 2117 1335 2166 antecedentibus.

383 2182 463 2227 60.
495 2186 650 2226 Nonius
675 2200 711 2237 p.
734 2188 772 2235 4,
794 2187 846 2225 21
891 2183 1105 2237 Capulum
1147 2185 1296 2224 dicitur
1331 2185 1523 2236 quicquid
1560 2185 1681 2224 aliam
1717 2197 1801 2224 rem

263 2247 370 2285 intra
400 2258 441 2285 se
473 2246 598 2297 capit:
629 2259 723 2285 nam
754 2246 1018 2298 sarcofagum,
1049 2245 1090 2285 id
1122 2247 1182 2285 est
1213 2245 1476 2296 sepulchrum,
1508 2246 1694 2296 capulum
1721 2244 1801 2284 dici

263 2309 417 2346 ueteres
445 2307 596 2356 uolunt,
628 2306 734 2357 quod
759 2318 927 2357 corpora
951 2307 1087 2357 capiat
1112 2337 1119 2343 .
1142 2338 1149 2345 .
1171 2336 1179 2343 .
1206 2304 1385 2345 Lucilius
1415 2307 1642 2356 satyrarum
1667 2304 1734 2344 lib.
1759 2304 1802 2344 Π

266 2364 410 2415 “quem
439 2367 498 2406 illi
520 2378 610 2406 cum
634 2366 829 2405 uidissent
856 2399 862 2405 .
883 2396 892 2405 .
914 2398 922 2406 .
949 2362 1152 2405 cubare’'.'
1203 2365 1456 2417 Archetypus
1481 2365 1603 2404 Nonii
1627 2365 1802 2417 glossam

262 2427 404 2466 habuit
434 2437 521 2465 cwm
558 2427 870 2477 superscriptam
906 2425 1024 2465 sicuti
1060 2428 1179 2468 meret
1203 2438 1240 2464 u.
1270 2426 1325 2464 10
1363 2437 1484 2475 quam
1513 2426 1620 2464 recte
1650 2423 1804 2476 expulit

263 2486 539 2535 Baehrensius,
571 2498 661 2525 cum
691 2497 806 2535 quom
836 2484 879 2525 L.
901 2485 1113 2525 Muellerus
1143 2484 1373 2525 restituerit.
1406 2505 1464 2512 —
1496 2485 1697 2535 aliumque
1729 2496 1794 2524 cu-

262 2542 378 2599 bare]
414 2546 558 2585 cubare
588 2546 827 2585 uocabulum
863 2558 909 2584 ex
947 2544 1166 2584 cottidiano
1204 2545 1375 2595 arripuit
1413 2557 1590 2584 sermone
1621 2543 1798 2583 Lucilius

265 2607 392 2645 ueluti
423 2607 701 2656 inscriptiones
736 2606 1007 2656 sepulcrorum
1038 2604 1216 2644 Faliscae
1248 2599 1526 2658 (Zuetaieffius
1555 2604 1677 2643 Inscr.
1708 2603 1802 2645 Ital.

263 2666 339 2705 Inf.
364 2665 468 2706 Dial.
499 2661 574 2720 66)
607 2663 710 2704 ‘heic
741 2666 872 2715 cubat,
903 2666 952 2704 he
977 2662 1113 2716 cupat'
1140 2665 1289 2704 similia
1323 2663 1527 2703 exhibent:
1561 2660 1620 2710 Ὦ.
1635 2663 1801 2702 Brutius

296 2756 333 2766 ..
365 2728 562 2765 mercator
594 2756 602 2764 .
694 2726 780 2764 heic
817 2722 950 2764 cubat’
983 2725 1140 2764 Notizie
1178 2724 1214 2763 d.
1248 2737 1298 2764 sc.
1329 2725 1442 2763 1902
1475 2737 1512 2775 p.
1535 2724 1601 2762 54.
1635 2722 1800 2769 Qualem

264 2786 338 2825 hoc
368 2787 455 2825 loco
486 2785 695 2825 historiam
726 2785 953 2824 narrauerit
984 2798 1029 2824 ex
1060 2785 1122 2823 his
1160 2783 1313 2823 duobus
1349 2783 1530 2822 uersibus
1566 2784 1662 2822 licet
1697 2782 1799 2821 diui-

264 2858 377 2885 nare:
408 2848 496 2885 erat
525 2845 667 2885 similis
698 2845 876 2884 Milesiae
907 2844 1017 2884 illius
1048 2856 1149 2895 quae
1174 2846 1362 2882 narratur
1386 2843 1434 2882 de
1463 2844 1647 2882 matrona
1671 2842 1801 2892 Ephe-

202 2947 207 2951 ,
263 2907 324 2945 sia
354 2901 530 2959 (Petron.
560 2907 655 2945 111
685 2900 799 2958 112).
868 2904 998 2943 Homo
1036 2903 1201 2954 quidam
1244 2903 1407 2942 obrutus
1450 2916 1539 2942 aere
1583 2902 1714 2941 alieno
1761 2903 1802 2940 et

265 2965 496 3004 criminibus
527 2977 619 3004 cum
650 2965 820 3016 effugere
852 2965 1015 3015 cuperet
1045 2966 1118 3004 aut
1146 2963 1282 3003 tristes
1307 2962 1509 3002 Kalendas
1537 2964 1608 3001 aut
1630 2961 1801 3000 iudicem

265 3025 555 3075 imminentem,
605 3024 820 3074 persuadet
863 3024 1039 3063 familiae
1083 3026 1128 3062 ut
1170 3025 1402 3062 mortuum
1415 3035 1499 3062 sese
1541 3034 1624 3062 esse
1666 3019 1801 3074 palam
