2060 3444
283 288 340 331 86
892 283 926 318 V
950 295 985 318 u.
1013 286 1211 319 ποθ-210.

283 400 415 440 Verba
447 398 653 439 consilium
681 399 785 447 fassi
807 397 978 447 placent,
1015 409 1116 448 quae
1147 397 1357 436 mutarunt
1387 397 1576 448 editores,
1614 396 1822 450 intelleges

284 460 525 512 comparatis
563 457 679 498 Ouid.
712 471 758 498 ex
789 457 903 496 Pont.
923 457 981 496 IV
1010 459 1054 507 2,
1082 457 1136 496 23
1174 457 1228 496 da
1263 458 1422 497 ueniam
1457 459 1567 508 fasso
1598 471 1674 498 am.
1694 457 1757 497 ΙΠ
1783 458 1823 508 9,

286 522 340 560 35
386 520 569 570 iynoscite
610 520 719 568 fasso
761 516 910 557 heroid.
937 516 1011 556 XV
1046 518 1097 556 11
1131 517 1273 562 Parce,
1310 529 1469 566 precor,
1511 519 1620 567 fasso
1663 518 1821 557 metam.

285 580 383 620 XIII
412 580 495 619 189
527 579 629 619 hanc
654 578 830 628 equidem
853 578 990 627 fateor,
1021 578 1203 626 fassoque
1227 578 1401 626 iqmscat
1423 575 1596 623 Atrides,
1621 577 1824 627 difficilem

285 641 391 680 tenui
420 640 492 680 sub
524 640 659 688 iniquo
689 638 818 678 iudice
849 649 1011 677 causam
1040 637 1077 676 X
1103 637 1188 676 483
1222 631 1349 691 (488)
1387 637 1464 676 Est
1499 638 1595 677 tales
1626 637 1824 687 complexa

278 712 438 750 preces.-
470 696 521 739 ‘0
551 700 587 738 si
617 710 696 748 qua
719 699 877 747 patetis,
902 698 1081 743 numina,
1107 693 1306 747 confessis'
1333 710 1460 748 neque
1486 697 1604 736 aliter
1626 696 1825 737 rhetorica

286 760 402 800 docet
438 759 670 799 Aristotelis
694 757 735 796 H
762 759 786 797 3
825 771 863 809 p.
887 758 1002 797 1380
1034 769 1059 796 a
1100 758 1152 795 17
1190 755 1290 809 πρὸς
1330 753 1372 796 δὲ
1409 755 1501 804 τοὺς
1538 754 1826 810 ὁμολογοῦντας

287 819 449 868 δικαίως
486 818 722 866 κολάζεσθαι
759 815 973 869 παυόμεθα
1009 815 1273 869 θυμούμενοι.
1332 816 1616 856 Nominatiuus
1659 816 1826 867 pluralis

287 882 334 920 ut
365 879 471 919 Suet.
492 878 596 931 Aug.
618 879 672 918 33
707 874 882 917 ‘nonnisi
912 877 1082 917 confessi
1120 876 1361 916 adficiuntur
1390 876 1465 916 hac
1496 873 1651 928 poena’.
1712 875 1827 916 Nihil

288 941 421 992 aptius
452 939 494 979 in
525 939 600 978 hac
631 937 832 978 sententia
869 939 1003 988 potest
1037 936 1204 988 reperiri
1242 949 1363 987 quam
1400 936 1507 987 quod
1542 935 1738 977 traditum
1767 937 1829 976 est

287 1000 455 1040 uerbum
485 998 679 1050 placandi
715 1010 843 1048 neque
881 998 961 1036 alio
998 996 1116 1037 modo
1152 997 1342 1047 poterunt
1380 996 1563 1049 intellegi
1598 996 1642 1036 hi
1677 1008 1828 1046 uersus,

288 1061 367 1099 nisi
410 1060 444 1099 si
487 1060 691 1099 statuetur
733 1057 869 1108 turpia
911 1056 1035 1096 uerba
1073 1057 1129 1096 eis
1166 1056 1364 1096 contineri
1402 1056 1539 1096 mariti
1576 1056 1626 1096 ad
1664 1069 1828 1096 uxorem

289 1121 409 1169 facta,
440 1132 544 1170 quae
575 1118 738 1158 deorum
778 1118 880 1157 iram
911 1117 1066 1156 metuat
1096 1117 1387 1167 lacrimansque
1417 1116 1610 1168 religione
1641 1128 1724 1156 sese
1754 1117 1829 1155 im-

291 1179 419 1231 pediri
452 1179 598 1218 clamet
628 1177 840 1229 quominus
872 1190 918 1217 ex
949 1177 1085 1217 mariti
1116 1176 1280 1216 consilio
1316 1177 1435 1228 lupae
1466 1176 1642 1216 moribus
1672 1177 1830 1227 utatur3

292 1253 386 1279 nam
429 1238 702 1278 meretricibus
746 1238 838 1277 deos
883 1236 1098 1277 secundum
1134 1237 1340 1287 scriptoris
1377 1237 1615 1276 sententiam
1656 1248 1740 1276 esse
1769 1237 1829 1275 in-

290 1300 412 1340 festos
450 1311 564 1338 nemo
603 1299 746 1349 opinor
782 1311 829 1338 ex
865 1297 928 1337 his
965 1297 1097 1336 uerbis
1135 1295 1385 1336 confirmabit
1423 1299 1464 1335 tu
1494 1298 1641 1346 inpwne
1672 1297 1829 1346 luperis.

290 1358 505 1400 Probabile
536 1358 706 1409 denique
738 1359 799 1397 est
829 1359 993 1409 propter
1022 1357 1120 1397 haec
1159 1356 1247 1408 ipsa
1277 1355 1401 1396 uerba
1431 1355 1630 1396 Lucilium
1660 1355 1762 1395 libro
1792 1355 1831 1392 V

292 1420 419 1472 egisse
445 1419 492 1459 de
519 1418 633 1470 Cipio
659 1418 730 1458 illo
757 1417 825 1469 qui
849 1417 969 1457 Festo
995 1417 1157 1456 auctore
1182 1430 1220 1468 p.
1243 1418 1326 1456 173
1355 1413 1676 1456 ‘Pararhenchon
1701 1415 1830 1456 dictus

292 1482 353 1519 est
384 1478 489 1530 quod
514 1478 723 1518 simularet
748 1477 1023 1527 dormientem,
1054 1489 1132 1527 quo
1156 1477 1388 1526 impunitius
1418 1489 1518 1516 uxor
1543 1477 1626 1516 eius
1650 1475 1831 1516 moecha-

292 1541 421 1580 retur:
453 1540 537 1578 eius
567 1538 751 1577 meminit
784 1533 989 1576 Lucilius’.
1050 1535 1154 1575 Vide
1186 1536 1237 1576 ad
1267 1537 1404 1576 insert.
1430 1549 1467 1575 u.
1491 1537 1616 1576 1223.

414 1593 525 1639 208.
557 1598 712 1638 Nonius
744 1611 781 1649 p.
804 1597 903 1647 515,
930 1597 954 1637 3
981 1609 1028 1636 ex
1053 1596 1314 1648 grammatico
1341 1593 1546 1635 ‘Minutim
1571 1608 1643 1647 pro
1667 1595 1831 1636 minute.

293 1659 470 1699 Lucilius
501 1658 570 1698 lib.
589 1657 627 1695 V
659 1654 756 1697 “dic
783 1688 789 1695 .
813 1688 819 1695 .
842 1687 849 1695 .
875 1653 1097 1709 nigrore”.’
1148 1655 1281 1696 Verba
1312 1668 1409 1695 sana
1441 1657 1534 1695 sunt
1565 1655 1716 1696 omniaz
1742 1655 1838 1696 conf

293 1721 430 1759 incert.
455 1732 494 1758 u.
518 1719 632 1758 1340
663 1714 742 1757 ‘uis
772 1729 844 1758 nos
870 1718 998 1757 facere
1030 1717 1164 1756 omnia
1188 1712 1323 1769 cogit’.
1379 1716 1585 1756 Nocturno
1611 1716 1718 1755 furto
1744 1728 1834 1755 cum

294 1779 445 1820 cibaria
483 1778 620 1818 ablata
657 1778 807 1817 fuerint
842 1777 884 1816 in
922 1777 1024 1816 cella
1060 1776 1242 1827 penaria,
1286 1788 1423 1816 seruus
1465 1775 1634 1815 mendax
1678 1775 1748 1826 qui
1787 1787 1835 1815 ea

297 1839 580 1891 abligurrierat
616 1838 772 1877 dixerat
811 1836 1019 1888 quaerenti
1062 1836 1222 1876 domino
1266 1836 1392 1876 feram
1435 1836 1672 1875 esurientem
1714 1836 1834 1875 noctu

295 1900 500 1950 irrepsisse
532 1910 657 1948 eaque
689 1897 910 1937 deuorasse.
967 1897 1068 1935 Tum
1100 1895 1283 1936 dominus
1315 1896 1374 1935 ait
1399 1891 1541 1935 ‘feram
1575 1895 1690 1934 illam
1715 1907 1835 1934 saeua

297 1960 395 1999 fami
426 1958 489 1998 dic
520 1970 642 2009 quam
673 1958 792 2009 cogat
821 1956 883 1996 uis
914 1957 971 1995 ire
1002 1956 1189 1995 minutim
1226 1968 1298 2006 per
1335 1955 1612 1995 commissuras
1643 1956 1835 1995 rimarum

296 2018 424 2058 noctis
461 2014 647 2069 nigrore'.
715 2016 812 2056 Hor.
839 2017 952 2067 epist.
979 2015 999 2053 I
1028 2017 1064 2064 7,
1092 2017 1145 2054 29
1186 2011 1305 2055 ‘forte
1341 2028 1414 2066 per
1456 2016 1667 2066 angustam
1703 2014 1835 2054 tenuis

297 2078 511 2130 uulpecula
540 2078 684 2116 rimam
721 2077 901 2127 repserat
939 2077 981 2114 in
1013 2087 1212 2114 cumeram
1243 2075 1444 2124 frumenti,
1474 2076 1670 2125 pastaque
1700 2086 1836 2114 rursus

298 2139 355 2178 ire
392 2138 499 2177 foras
535 2137 654 2188 pleno
691 2135 880 2176 tendebat
917 2147 1081 2186 corpore
1111 2131 1288 2174 frustra’.
1349 2135 1489 2174 Noctis
1519 2135 1698 2186 nigrore,
1730 2133 1836 2185 quod

298 2200 338 2237 et
371 2197 477 2249 apud
508 2197 727 2236 Pacuuium
757 2196 961 2236 inuenitur
993 2189 1097 2248 (412
1125 2189 1192 2249 R),
1223 2195 1266 2233 in
1297 2195 1405 2234 exitu
1432 2194 1544 2234 heroi
1574 2195 1621 2233 ut
1651 2193 1837 2246 μελαίνης

298 2255 440 2305 νυκτὸς
484 2255 642 2312 ἀμολγῷ
686 2257 864 2307 positum
906 2268 995 2295 cum
1040 2256 1094 2294 sit
1128 2255 1346 2304 utaturque
1383 2255 1424 2294 et
1460 2253 1667 2294 Lucretius
1691 2253 1755 2293 ΠΙ
1780 2254 1835 2293 39

297 2319 373 2357 hoc
397 2317 605 2366 uocabulo,
634 2316 684 2355 ab
710 2316 833 2355 Ennii
859 2315 1068 2355 annalibus
1093 2314 1254 2354 uidetur
1278 2326 1361 2353 esse
1388 2315 1590 2366 sumptum
1616 2326 1641 2353 a
1664 2313 1837 2353 Lucilio:

299 2377 415 2416 Hom.
443 2375 476 2416 O
510 2377 594 2416 323
634 2371 719 2415 ὥστ’
759 2373 805 2427 ἠὲ
842 2375 949 2428 βοῶν
986 2372 1130 2428 ἀγέλην
1167 2371 1194 2426 ἢ
1230 2378 1319 2413 πῶυ
1361 2368 1439 2426 μέγ’
1481 2372 1578 2414 οἰῶν
1615 2376 1716 2427 θῆρε
1754 2371 1837 2413 δύω

298 2434 487 2476 κλονέωσι
529 2435 716 2488 μελαίνης
756 2433 901 2483 νυκτὸς
940 2432 1106 2489 ἀμολγῷ
1142 2435 1183 2472 Λ
1216 2434 1300 2473 173
1345 2432 1393 2481 ἅς
1435 2447 1474 2473 τε
1519 2430 1619 2473 λέων
1665 2430 1838 2485 ἐφόβησε

302 2494 434 2548 μολὼν
465 2494 508 2535 ἐν
538 2493 681 2543 νυκτὸς
711 2493 869 2551 ἀμολγῷ
901 2489 1058 2549 (Eurip.
1085 2494 1225 2546 fragm.
1254 2493 1339 2532 104
1358 2487 1427 2547 N).

423 2551 534 2596 210.
577 2556 732 2595 Nonius
772 2569 809 2606 p.
837 2555 941 2600 455,
977 2555 1031 2592 14
1086 2550 1291 2593 ‘Rostrum
1332 2552 1505 2592 hominis
1661 2551 1839 2592 Lucilius

302 2618 528 2667 Satyrarum
565 2615 632 2655 lib.
652 2615 691 2653 V
729 2612 810 2653 “ne
937 2609 1151 2665 spectes''.'
1221 2611 1330 2659 Quae
1367 2613 1442 2652 hoc
1477 2613 1564 2652 loco
1602 2613 1840 2651 enarrantur

302 2675 410 2715 facta
442 2687 525 2715 esse
556 2677 722 2718 exeunte
753 2687 858 2714 anno
889 2686 1022 2713 mense
1053 2674 1134 2713 fere
1158 2672 1368 2712 Decembri
1400 2673 1568 2723 apparet
1599 2685 1619 2710 e
1644 2671 1839 2711 uocabulo

303 2736 505 2786 desiyrtati.
569 2734 802 2786 Comparari
831 2735 964 2785 potest
994 2732 1089 2773 Hor.
1109 2745 1223 2772 serm.
1243 2732 1264 2771 Ι
1291 2733 1335 2782 6,
1364 2733 1448 2772 120
1481 2729 1659 2782 ‘Marsya
1695 2732 1766 2782 qui
1798 2742 1839 2771 se

303 2795 459 2834 uoltum
490 2795 592 2834 ferre
622 2795 744 2847 negat
767 2794 992 2834 Nouiorum
1022 2804 1137 2844 posse
1161 2789 1353 2832 minoris'.
1412 2791 1490 2832 Cic.
1516 2791 1564 2830 de
1594 2792 1670 2843 leg.
1696 2803 1778 2843 agr.
1797 2789 1840 2830 Π

306 2855 360 2894 93
395 2852 498 2894 ‘Iam
527 2867 622 2894 uero
653 2854 810 2893 uultum
843 2852 1006 2894 Considi
1035 2853 1170 2892 uidere
1209 2852 1421 2892 ferundum
1451 2852 1521 2890 uix
1551 2847 1665 2890 erat’.
1727 2849 1841 2896 Quod

215 2919 220 2922 '
304 2916 477 2953 rostrum
507 2914 705 2965 pedesque
737 2914 1044 2965 componuntur,
1081 2913 1228 2951 mirum
1264 2911 1440 2951 uidetur:
1477 2911 1654 2962 praetori
1689 2911 1839 2949 rustico

307 2970 510 3013 ‘rusticius
553 2976 668 3013 tonso
710 2975 808 3026 toga
851 2972 1048 3012 defluebat
1090 2974 1131 3012 et
1172 2971 1276 3011 male
1319 2971 1433 3010 laxus
1472 2972 1515 3009 in
1551 2969 1650 3021 pede
1686 2970 1839 3009 calceus

305 3030 508 3074 haerebat'
543 3027 657 3086 (Hor.
677 3045 790 3072 serm.
810 3033 831 3072 I
858 3033 895 3078 3,
923 3027 1011 3087 31).
1073 3032 1287 3071 Hominem
1322 3032 1529 3082 praeterea
1564 3029 1839 3081 turpissimum
