<?xml version="1.0" encoding="UTF-8"?>
<!DOCTYPE html PUBLIC "-//W3C//DTD XHTML 1.0 Transitional//EN"
    "http://www.w3.org/TR/xhtml1/DTD/xhtml1-transitional.dtd">
<html xmlns="http://www.w3.org/1999/xhtml" xml:lang="en" lang="en">
 <head>
  <title>
</title>
<meta http-equiv="Content-Type" content="text/html;charset=utf-8" />
  <meta name='ocr-system' content='tesseract 3.04.00' />
  <meta name='ocr-capabilities' content='ocr_page ocr_carea ocr_par ocr_line ocrx_word'/>
</head>
<body>
  <div class='ocr_page' id='page_1' title='image "./carminumreliquia02luciuoft_0409.png"; bbox 0 0 2060 3444; ppageno 0'>
   <div class='ocr_carea' id='block_1_1' title="bbox 731 236 1799 282">
    <p class='ocr_par' dir='ltr' id='par_1_1' title="bbox 731 236 1799 282">
     <span class='ocr_line' id='line_1_1' title="bbox 731 236 1799 282; baseline 0.01 -10"><span class='ocrx_word' id='word_1_1' title='bbox 731 236 861 274; x_wconf 82' lang='lat' dir='ltr'><strong>incert.</strong></span> <span class='ocrx_word' id='word_1_2' title='bbox 890 238 966 275; x_wconf 87' lang='lat' dir='ltr'><strong>sed.</strong></span> <span class='ocrx_word' id='word_1_3' title='bbox 992 250 1028 273; x_wconf 92' lang='lat' dir='ltr'><strong>u.</strong></span> <span class='ocrx_word' id='word_1_4' title='bbox 1058 241 1305 274; x_wconf 81' lang='lat'><strong>1191—1193.</strong></span> <span class='ocrx_word' id='word_1_5' title='bbox 1713 239 1799 282; x_wconf 82' lang='lat'><strong>377</strong></span> 
     </span>
    </p>
   </div>
   <div class='ocr_carea' id='block_1_2' title="bbox 250 351 1803 707">
    <p class='ocr_par' dir='ltr' id='par_1_2' title="bbox 250 351 1803 707">
     <span class='ocr_line' id='line_1_2' title="bbox 250 351 1803 404; baseline 0.003 -15"><span class='ocrx_word' id='word_1_6' title='bbox 250 351 293 389; x_wconf 90' lang='lat' dir='ltr'><strong>in</strong></span> <span class='ocrx_word' id='word_1_7' title='bbox 321 363 395 390; x_wconf 87' lang='lat' dir='ltr'><strong>usu</strong></span> <span class='ocrx_word' id='word_1_8' title='bbox 420 351 564 391; x_wconf 85' lang='lat' dir='ltr'><strong>habuit</strong></span> <span class='ocrx_word' id='word_1_9' title='bbox 588 352 812 391; x_wconf 74' lang='lat' dir='ltr'><strong>non-modo</strong></span> <span class='ocrx_word' id='word_1_10' title='bbox 838 365 911 402; x_wconf 88' lang='lat' dir='ltr'><strong>pro</strong></span> <span class='ocrx_word' id='word_1_11' title='bbox 938 365 1028 392; x_wconf 86' lang='lat' dir='ltr'><strong>aere</strong></span> <span class='ocrx_word' id='word_1_12' title='bbox 1054 353 1301 403; x_wconf 88' lang='lat' dir='ltr'><strong>imperfecto,</strong></span> <span class='ocrx_word' id='word_1_13' title='bbox 1333 354 1380 392; x_wconf 91' lang='lat' dir='ltr'><strong>ut</strong></span> <span class='ocrx_word' id='word_1_14' title='bbox 1404 352 1596 404; x_wconf 84' lang='lat' dir='ltr'><strong>Lucilius,</strong></span> <span class='ocrx_word' id='word_1_15' title='bbox 1627 367 1717 394; x_wconf 90' lang='lat' dir='ltr'><strong>cum</strong></span> <span class='ocrx_word' id='word_1_16' title='bbox 1744 356 1803 393; x_wconf 87' lang='lat' dir='ltr'><strong>ait</strong></span> 
     </span>
     <span class='ocr_line' id='line_1_3' title="bbox 251 407 1802 467; baseline 0.003 -17"><span class='ocrx_word' id='word_1_17' title='bbox 251 407 440 462; x_wconf 16' lang='lat' dir='ltr'><strong>“‘plumbi</strong></span> <span class='ocrx_word' id='word_1_18' title='bbox 463 412 663 460; x_wconf 77' lang='lat' dir='ltr'><em>paxillum</em></span> <span class='ocrx_word' id='word_1_19' title='bbox 693 412 814 451; x_wconf 88' lang='lat' dir='ltr'><strong>rodus</strong></span> <span class='ocrx_word' id='word_1_20' title='bbox 846 413 998 463; x_wconf 90' lang='lat' dir='ltr'><strong>linique</strong></span> <span class='ocrx_word' id='word_1_21' title='bbox 1029 409 1274 462; x_wconf 70' lang='lat' dir='ltr'><strong>matexam”,</strong></span> <span class='ocrx_word' id='word_1_22' title='bbox 1306 413 1373 452; x_wconf 91' lang='lat' dir='ltr'><strong>sed</strong></span> <span class='ocrx_word' id='word_1_23' title='bbox 1406 414 1529 452; x_wconf 89' lang='lat' dir='ltr'><strong>etiam</strong></span> <span class='ocrx_word' id='word_1_24' title='bbox 1554 411 1802 467; x_wconf 85' lang='lat' dir='ltr'><strong>signato...’</strong></span> 
     </span>
     <span class='ocr_line' id='line_1_4' title="bbox 253 470 1800 526; baseline 0.003 -16"><span class='ocrx_word' id='word_1_25' title='bbox 253 470 466 522; x_wconf 81' lang='lat' dir='ltr'><strong>Scripsisse</strong></span> <span class='ocrx_word' id='word_1_26' title='bbox 509 472 671 511; x_wconf 86' lang='lat' dir='ltr'><strong>uidetur</strong></span> <span class='ocrx_word' id='word_1_27' title='bbox 711 472 891 512; x_wconf 87' lang='lat' dir='ltr'><strong>Isidorus</strong></span> <span class='ocrx_word' id='word_1_28' title='bbox 938 474 1175 522; x_wconf 71' lang='lat' dir='ltr'><strong>catapirates</strong></span> <span class='ocrx_word' id='word_1_29' title='bbox 1225 474 1336 512; x_wconf 88' lang='lat' dir='ltr'><strong>cuius</strong></span> <span class='ocrx_word' id='word_1_30' title='bbox 1387 474 1508 513; x_wconf 87' lang='lat' dir='ltr'><strong>codex</strong></span> <span class='ocrx_word' id='word_1_31' title='bbox 1559 475 1800 526; x_wconf 84' lang='lat' dir='ltr'><strong>archetypus</strong></span> 
     </span>
     <span class='ocr_line' id='line_1_5' title="bbox 251 531 1801 584; baseline 0.003 -14"><span class='ocrx_word' id='word_1_32' title='bbox 251 531 481 582; x_wconf 74' lang='lat' dir='ltr'><strong>praebuerit</strong></span> <span class='ocrx_word' id='word_1_33' title='bbox 510 533 553 571; x_wconf 88' lang='lat' dir='ltr'><strong>in</strong></span> <span class='ocrx_word' id='word_1_34' title='bbox 585 533 867 583; x_wconf 74' lang='lat' dir='ltr'><strong>explanatione</strong></span> <span class='ocrx_word' id='word_1_35' title='bbox 899 534 1177 582; x_wconf 71' lang='lat' dir='ltr'><strong>catapiorates,</strong></span> <span class='ocrx_word' id='word_1_36' title='bbox 1214 534 1257 571; x_wconf 89' lang='lat' dir='ltr'><strong>in</strong></span> <span class='ocrx_word' id='word_1_37' title='bbox 1289 547 1326 571; x_wconf 88' lang='lat' dir='ltr'><strong>u.</strong></span> <span class='ocrx_word' id='word_1_38' title='bbox 1358 532 1506 573; x_wconf 85' lang='lat' dir='ltr'><strong>Lucilii</strong></span> <span class='ocrx_word' id='word_1_39' title='bbox 1541 538 1801 584; x_wconf 76' lang='lat' dir='ltr'><strong>cataporates:</strong></span> 
     </span>
     <span class='ocr_line' id='line_1_6' title="bbox 251 593 1802 644; baseline 0.003 -14"><span class='ocrx_word' id='word_1_40' title='bbox 251 605 355 642; x_wconf 85' lang='lat' dir='ltr'><strong>quae</strong></span> <span class='ocrx_word' id='word_1_41' title='bbox 392 594 620 643; x_wconf 77' lang='lat' dir='ltr'><strong>corruptela</strong></span> <span class='ocrx_word' id='word_1_42' title='bbox 658 593 835 633; x_wconf 90' lang='lat' dir='ltr'><strong>eiusdem</strong></span> <span class='ocrx_word' id='word_1_43' title='bbox 871 593 1034 632; x_wconf 89' lang='lat' dir='ltr'><strong>uidetur</strong></span> <span class='ocrx_word' id='word_1_44' title='bbox 1077 606 1161 632; x_wconf 86' lang='lat' dir='ltr'><strong>esse</strong></span> <span class='ocrx_word' id='word_1_45' title='bbox 1204 594 1361 644; x_wconf 89' lang='lat' dir='ltr'><strong>generis</strong></span> <span class='ocrx_word' id='word_1_46' title='bbox 1405 595 1526 644; x_wconf 89' lang='lat' dir='ltr'><strong>atque</strong></span> <span class='ocrx_word' id='word_1_47' title='bbox 1570 596 1613 633; x_wconf 93' lang='lat' dir='ltr'><strong>in</strong></span> <span class='ocrx_word' id='word_1_48' title='bbox 1651 595 1802 634; x_wconf 87' lang='lat' dir='ltr'><strong>Vindo-</strong></span> 
     </span>
     <span class='ocr_line' id='line_1_7' title="bbox 250 649 1801 707; baseline 0.003 -17"><span class='ocrx_word' id='word_1_49' title='bbox 250 651 418 691; x_wconf 89' lang='lat' dir='ltr'><strong>bonensi</strong></span> <span class='ocrx_word' id='word_1_50' title='bbox 447 652 559 692; x_wconf 86' lang='lat' dir='ltr'><strong>Liuii</strong></span> <span class='ocrx_word' id='word_1_51' title='bbox 590 667 663 704; x_wconf 90' lang='lat' dir='ltr'><strong>pro</strong></span> <span class='ocrx_word' id='word_1_52' title='bbox 694 654 710 692; x_wconf 91' lang='lat' dir='ltr'><strong>i</strong></span> <span class='ocrx_word' id='word_1_53' title='bbox 741 655 906 704; x_wconf 88' lang='lat' dir='ltr'><strong>ponitur</strong></span> <span class='ocrx_word' id='word_1_54' title='bbox 930 655 973 692; x_wconf 91' lang='lat' dir='ltr'><strong>iu</strong></span> <span class='ocrx_word' id='word_1_55' title='bbox 1005 649 1336 707; x_wconf 85' lang='lat' dir='ltr'><strong>(Schuchhardtii</strong></span> <span class='ocrx_word' id='word_1_56' title='bbox 1374 653 1422 692; x_wconf 90' lang='lat' dir='ltr'><strong>de</strong></span> <span class='ocrx_word' id='word_1_57' title='bbox 1459 656 1679 694; x_wconf 89' lang='lat' dir='ltr'><strong>uocalismo</strong></span> <span class='ocrx_word' id='word_1_58' title='bbox 1704 656 1730 693; x_wconf 91' lang='lat' dir='ltr'><strong>l.</strong></span> <span class='ocrx_word' id='word_1_59' title='bbox 1758 656 1801 694; x_wconf 91' lang='lat' dir='ltr'><strong>L.</strong></span> 
     </span>
    </p>
   </div>
   <div class='ocr_carea' id='block_1_3' title="bbox 249 708 1872 768">
    <p class='ocr_par' dir='ltr' id='par_1_3' title="bbox 249 708 1872 768">
     <span class='ocr_line' id='line_1_8' title="bbox 249 708 1872 768; baseline 0.002 -17"><span class='ocrx_word' id='word_1_60' title='bbox 249 713 430 763; x_wconf 84' lang='lat' dir='ltr'><strong>uulgaris</strong></span> <span class='ocrx_word' id='word_1_61' title='bbox 455 712 496 751; x_wconf 92' lang='grc' dir='ltr'><strong><em>Π</em></strong></span> <span class='ocrx_word' id='word_1_62' title='bbox 520 727 559 764; x_wconf 93' lang='lat' dir='ltr'><strong>p.</strong></span> <span class='ocrx_word' id='word_1_63' title='bbox 588 708 694 768; x_wconf 89' lang='lat'><strong>218)</strong></span> <span class='ocrx_word' id='word_1_64' title='bbox 725 715 769 752; x_wconf 89' lang='lat' dir='ltr'><strong>in</strong></span> <span class='ocrx_word' id='word_1_65' title='bbox 800 714 924 753; x_wconf 88' lang='lat' dir='ltr'><strong>uerbo</strong></span> <span class='ocrx_word' id='word_1_66' title='bbox 956 714 1100 763; x_wconf 88' lang='lat' dir='ltr'><strong>medio,</strong></span> <span class='ocrx_word' id='word_1_67' title='bbox 1131 715 1174 752; x_wconf 88' lang='lat' dir='ltr'><strong>in</strong></span> <span class='ocrx_word' id='word_1_68' title='bbox 1207 715 1382 753; x_wconf 87' lang='lat' dir='ltr'><strong>extremo</strong></span> <span class='ocrx_word' id='word_1_69' title='bbox 1407 716 1445 753; x_wconf 73' lang='lat' dir='ltr'><strong>io</strong></span> <span class='ocrx_word' id='word_1_70' title='bbox 1470 728 1542 765; x_wconf 91' lang='lat' dir='ltr'><strong>pro</strong></span> <span class='ocrx_word' id='word_1_71' title='bbox 1567 717 1801 755; x_wconf 60' lang='lat' dir='ltr'><strong>i‘nonnum-</strong></span> <span class='ocrx_word' id='word_1_72' title='bbox 1865 730 1872 737; x_wconf 92' lang='lat'><strong>·</strong></span> 
     </span>
    </p>
   </div>
   <div class='ocr_carea' id='block_1_4' title="bbox 233 770 1827 3053">
    <p class='ocr_par' dir='ltr' id='par_1_4' title="bbox 233 770 1827 2499">
     <span class='ocr_line' id='line_1_9' title="bbox 251 770 1800 829; baseline 0.003 -18"><span class='ocrx_word' id='word_1_73' title='bbox 251 785 374 823; x_wconf 86' lang='lat' dir='ltr'><strong>quam</strong></span> <span class='ocrx_word' id='word_1_74' title='bbox 399 774 486 812; x_wconf 87' lang='lat' dir='ltr'><strong>erat</strong></span> <span class='ocrx_word' id='word_1_75' title='bbox 511 775 554 812; x_wconf 92' lang='lat' dir='ltr'><strong>in</strong></span> <span class='ocrx_word' id='word_1_76' title='bbox 580 773 798 824; x_wconf 81' lang='lat' dir='ltr'><strong>archetypo</strong></span> <span class='ocrx_word' id='word_1_77' title='bbox 824 774 925 814; x_wconf 90' lang='lat' dir='ltr'><strong>codd</strong></span> <span class='ocrx_word' id='word_1_78' title='bbox 950 775 1172 814; x_wconf 86' lang='lat' dir='ltr'><strong>rhetoricae</strong></span> <span class='ocrx_word' id='word_1_79' title='bbox 1202 774 1252 813; x_wconf 90' lang='lat' dir='ltr'><strong>ad</strong></span> <span class='ocrx_word' id='word_1_80' title='bbox 1278 773 1526 814; x_wconf 88' lang='lat' dir='ltr'><strong>Herennium</strong></span> <span class='ocrx_word' id='word_1_81' title='bbox 1554 770 1634 829; x_wconf 90' lang='lat' dir='ltr'><strong>(III</strong></span> <span class='ocrx_word' id='word_1_82' title='bbox 1657 778 1724 826; x_wconf 88' lang='grc'><strong>19,</strong></span> <span class='ocrx_word' id='word_1_83' title='bbox 1746 778 1800 816; x_wconf 89' lang='grc'><strong>32</strong></span> 
     </span>
     <span class='ocr_line' id='line_1_10' title="bbox 250 829 1802 889; baseline 0.003 -17"><span class='ocrx_word' id='word_1_84' title='bbox 250 833 351 872; x_wconf 86' lang='lat' dir='ltr'><strong>med.</strong></span> <span class='ocrx_word' id='word_1_85' title='bbox 378 832 438 872; x_wconf 92' lang='lat' dir='ltr'><strong>IV</strong></span> <span class='ocrx_word' id='word_1_86' title='bbox 466 834 538 884; x_wconf 89' lang='lat'><strong>18,</strong></span> <span class='ocrx_word' id='word_1_87' title='bbox 572 835 640 873; x_wconf 86' lang='lat'><strong>26.</strong></span> <span class='ocrx_word' id='word_1_88' title='bbox 689 837 762 884; x_wconf 86' lang='lat'><strong>19,</strong></span> <span class='ocrx_word' id='word_1_89' title='bbox 802 829 896 889; x_wconf 84' lang='lat'>27):</span> <span class='ocrx_word' id='word_1_90' title='bbox 943 836 1201 884; x_wconf 68' lang='lat' dir='ltr'><strong>catapeirates</strong></span> <span class='ocrx_word' id='word_1_91' title='bbox 1253 834 1481 875; x_wconf 86' lang='lat' dir='ltr'><strong>Muellerus.</strong></span> <span class='ocrx_word' id='word_1_92' title='bbox 1551 836 1802 876; x_wconf 83' lang='lat' dir='ltr'><strong>Vocabulum</strong></span> 
     </span>
     <span class='ocr_line' id='line_1_11' title="bbox 251 893 1803 949; baseline 0.003 -17"><span class='ocrx_word' id='word_1_93' title='bbox 251 893 349 932; x_wconf 83' lang='lat' dir='ltr'><strong>alibi</strong></span> <span class='ocrx_word' id='word_1_94' title='bbox 379 907 459 933; x_wconf 92' lang='lat' dir='ltr'><strong>non</strong></span> <span class='ocrx_word' id='word_1_95' title='bbox 490 895 713 933; x_wconf 84' lang='lat' dir='ltr'><strong>inuenitur:</strong></span> <span class='ocrx_word' id='word_1_96' title='bbox 752 908 831 945; x_wconf 86' lang='lat' dir='ltr'><strong>quo</strong></span> <span class='ocrx_word' id='word_1_97' title='bbox 864 895 1114 948; x_wconf 86' lang='lat' dir='ltr'><strong>significatur</strong></span> <span class='ocrx_word' id='word_1_98' title='bbox 1145 893 1257 947; x_wconf 83' lang='grc' dir='ltr'><strong><em>βολίς</em></strong></span> <span class='ocrx_word' id='word_1_99' title='bbox 1290 907 1412 945; x_wconf 82' lang='lat' dir='ltr'><strong>quam</strong></span> <span class='ocrx_word' id='word_1_100' title='bbox 1443 897 1803 949; x_wconf 80' lang='grc' dir='ltr'><em>καταπειρητηρίην</em></span> 
     </span>
     <span class='ocr_line' id='line_1_12' title="bbox 250 954 1802 1008; baseline 0.003 -16"><span class='ocrx_word' id='word_1_101' title='bbox 250 955 433 992; x_wconf 87' lang='lat' dir='ltr'><strong>nominat</strong></span> <span class='ocrx_word' id='word_1_102' title='bbox 456 954 602 994; x_wconf 85' lang='lat' dir='ltr'><strong>Herod.</strong></span> <span class='ocrx_word' id='word_1_103' title='bbox 628 955 671 994; x_wconf 89' lang='grc' dir='ltr'>Π</span> <span class='ocrx_word' id='word_1_104' title='bbox 697 956 721 994; x_wconf 89' lang='grc'><strong>5</strong></span> <span class='ocrx_word' id='word_1_105' title='bbox 767 954 897 1004; x_wconf 78' lang='grc' dir='ltr'><strong><em>κατεὶς</em></strong></span> <span class='ocrx_word' id='word_1_106' title='bbox 944 955 1308 1008; x_wconf 81' lang='grc' dir='ltr'><em>καταπειρητηρίην</em></span> <span class='ocrx_word' id='word_1_107' title='bbox 1358 954 1488 1007; x_wconf 81' lang='grc' dir='ltr'><em>πηλόν</em></span> <span class='ocrx_word' id='word_1_108' title='bbox 1536 971 1575 996; x_wconf 87' lang='grc' dir='ltr'><strong>τε</strong></span> <span class='ocrx_word' id='word_1_109' title='bbox 1628 955 1802 1005; x_wconf 79' lang='grc' dir='ltr'><em>ἀνοίσεις</em></span> 
     </span>
     <span class='ocr_line' id='line_1_13' title="bbox 253 1013 1803 1069; baseline 0.003 -17"><span class='ocrx_word' id='word_1_110' title='bbox 253 1015 307 1052; x_wconf 90' lang='grc'><strong>28</strong></span> <span class='ocrx_word' id='word_1_111' title='bbox 323 1016 420 1053; x_wconf 83' lang='lat' dir='ltr'><strong>extr.</strong></span> <span class='ocrx_word' id='word_1_112' title='bbox 454 1013 508 1066; x_wconf 80' lang='grc' dir='ltr'><strong>μὴ</strong></span> <span class='ocrx_word' id='word_1_113' title='bbox 541 1014 745 1054; x_wconf 80' lang='grc' dir='ltr'><em>δύνασθαι</em></span> <span class='ocrx_word' id='word_1_114' title='bbox 775 1013 1009 1068; x_wconf 82' lang='grc' dir='ltr'><em>κατιεμένην</em></span> <span class='ocrx_word' id='word_1_115' title='bbox 1040 1015 1403 1068; x_wconf 81' lang='grc' dir='ltr'><em>καταπειρητηρίην</em></span> <span class='ocrx_word' id='word_1_116' title='bbox 1434 1014 1474 1064; x_wconf 82' lang='grc' dir='ltr'><strong>ἐς</strong></span> <span class='ocrx_word' id='word_1_117' title='bbox 1511 1016 1663 1069; x_wconf 88' lang='grc' dir='ltr'><em>βυσσὸν</em></span> <span class='ocrx_word' id='word_1_118' title='bbox 1702 1015 1803 1057; x_wconf 84' lang='grc' dir='ltr'><em>ἰέναι</em></span> 
     </span>
     <span class='ocr_line' id='line_1_14' title="bbox 233 1068 1803 1131; baseline 0.003 -18"><span class='ocrx_word' id='word_1_119' title='bbox 233 1068 428 1127; x_wconf 77' lang='lat' dir='ltr'><strong>(Gallim.</strong></span> <span class='ocrx_word' id='word_1_120' title='bbox 460 1075 603 1126; x_wconf 84' lang='lat' dir='ltr'><strong>fragm.</strong></span> <span class='ocrx_word' id='word_1_121' title='bbox 634 1076 717 1115; x_wconf 87' lang='grc'>159</span> <span class='ocrx_word' id='word_1_122' title='bbox 757 1074 977 1128; x_wconf 85' lang='grc' dir='ltr'><em>καθιεμένη</em></span> <span class='ocrx_word' id='word_1_123' title='bbox 1015 1090 1054 1115; x_wconf 88' lang='grc' dir='ltr'><strong>τε</strong></span> <span class='ocrx_word' id='word_1_124' title='bbox 1093 1075 1286 1128; x_wconf 83' lang='grc' dir='ltr'><em>μολυβδίς</em></span> <span class='ocrx_word' id='word_1_125' title='bbox 1323 1075 1395 1131; x_wconf 84' lang='lat' dir='ltr'><strong>ubi</strong></span> <span class='ocrx_word' id='word_1_126' title='bbox 1438 1077 1530 1116; x_wconf 89' lang='lat' dir='ltr'><strong>uide</strong></span> <span class='ocrx_word' id='word_1_127' title='bbox 1569 1077 1803 1117; x_wconf 79' lang='lat' dir='ltr'><strong>Schneideri</strong></span> 
     </span>
     <span class='ocr_line' id='line_1_15' title="bbox 250 1130 1802 1189; baseline 0.003 -16"><span class='ocrx_word' id='word_1_128' title='bbox 250 1130 468 1189; x_wconf 88' lang='lat' dir='ltr'><strong>adnotat.):</strong></span> <span class='ocrx_word' id='word_1_129' title='bbox 513 1136 608 1174; x_wconf 88' lang='lat' dir='ltr'><strong>conf</strong></span> <span class='ocrx_word' id='word_1_130' title='bbox 641 1135 812 1187; x_wconf 87' lang='lat' dir='ltr'><strong>Hesych.</strong></span> <span class='ocrx_word' id='word_1_131' title='bbox 845 1149 875 1176; x_wconf 89' lang='lat' dir='ltr'><strong>s.</strong></span> <span class='ocrx_word' id='word_1_132' title='bbox 907 1150 945 1176; x_wconf 91' lang='lat' dir='ltr'><strong>u.</strong></span> <span class='ocrx_word' id='word_1_133' title='bbox 990 1138 1120 1176; x_wconf 80' lang='lat' dir='ltr'><strong>eodem</strong></span> <span class='ocrx_word' id='word_1_134' title='bbox 1161 1135 1389 1187; x_wconf 81' lang='lat' dir='ltr'><strong>disyllabon</strong></span> <span class='ocrx_word' id='word_1_135' title='bbox 1431 1139 1525 1188; x_wconf 87' lang='lat' dir='ltr'><strong>post</strong></span> <span class='ocrx_word' id='word_1_136' title='bbox 1568 1150 1802 1178; x_wconf 83' lang='lat' dir='ltr'><strong>consonam:</strong></span> 
     </span>
     <span class='ocr_line' id='line_1_16' title="bbox 249 1194 1803 1247; baseline 0.003 -14"><span class='ocrx_word' id='word_1_137' title='bbox 249 1194 342 1233; x_wconf 91' lang='lat' dir='ltr'><strong>uide</strong></span> <span class='ocrx_word' id='word_1_138' title='bbox 385 1195 505 1234; x_wconf 84' lang='lat' dir='ltr'><strong>indic.</strong></span> <span class='ocrx_word' id='word_1_139' title='bbox 537 1209 704 1247; x_wconf 87' lang='lat' dir='ltr'><strong>gramm.</strong></span> <span class='ocrx_word' id='word_1_140' title='bbox 737 1209 767 1236; x_wconf 89' lang='lat' dir='ltr'><strong>s.</strong></span> <span class='ocrx_word' id='word_1_141' title='bbox 799 1211 837 1236; x_wconf 90' lang='lat' dir='ltr'><strong>u.</strong></span> <span class='ocrx_word' id='word_1_142' title='bbox 869 1198 1058 1247; x_wconf 69' lang='lat' dir='ltr'><strong>synizesis</strong></span> <span class='ocrx_word' id='word_1_143' title='bbox 1095 1196 1140 1236; x_wconf 90' lang='lat' dir='ltr'><strong>L.</strong></span> <span class='ocrx_word' id='word_1_144' title='bbox 1166 1196 1352 1235; x_wconf 86' lang='lat' dir='ltr'><strong>Muelleri</strong></span> <span class='ocrx_word' id='word_1_145' title='bbox 1386 1197 1434 1236; x_wconf 89' lang='lat' dir='ltr'><strong>de</strong></span> <span class='ocrx_word' id='word_1_146' title='bbox 1466 1211 1509 1237; x_wconf 91' lang='lat' dir='ltr'><strong>re</strong></span> <span class='ocrx_word' id='word_1_147' title='bbox 1540 1201 1654 1237; x_wconf 88' lang='lat' dir='ltr'><strong>metr.</strong></span> <span class='ocrx_word' id='word_1_148' title='bbox 1687 1199 1735 1238; x_wconf 91' lang='lat' dir='ltr'><strong>ed</strong></span> <span class='ocrx_word' id='word_1_149' title='bbox 1760 1199 1803 1238; x_wconf 89' lang='lat' dir='ltr'>H</span> 
     </span>
     <span class='ocr_line' id='line_1_17' title="bbox 250 1255 1801 1308; baseline 0.003 -15"><span class='ocrx_word' id='word_1_150' title='bbox 250 1269 288 1306; x_wconf 88' lang='lat' dir='ltr'><strong>p.</strong></span> <span class='ocrx_word' id='word_1_151' title='bbox 317 1255 414 1294; x_wconf 88' lang='lat'><strong>322.</strong></span> <span class='ocrx_word' id='word_1_152' title='bbox 448 1256 546 1295; x_wconf 88' lang='lat'><strong>323.</strong></span> <span class='ocrx_word' id='word_1_153' title='bbox 608 1259 768 1296; x_wconf 71' lang='lat' dir='ltr'><strong>umatum</strong></span> <span class='ocrx_word' id='word_1_154' title='bbox 804 1259 912 1297; x_wconf 89' lang='lat' dir='ltr'><strong>recte</strong></span> <span class='ocrx_word' id='word_1_155' title='bbox 949 1258 1125 1308; x_wconf 86' lang='lat' dir='ltr'><strong>explicat</strong></span> <span class='ocrx_word' id='word_1_156' title='bbox 1157 1256 1347 1296; x_wconf 83' lang='lat' dir='ltr'><strong>Cruceius</strong></span> <span class='ocrx_word' id='word_1_157' title='bbox 1386 1270 1505 1307; x_wconf 86' lang='lat' dir='ltr'><strong>quem</strong></span> <span class='ocrx_word' id='word_1_158' title='bbox 1543 1258 1675 1298; x_wconf 87' lang='lat' dir='ltr'><strong>adfert</strong></span> <span class='ocrx_word' id='word_1_159' title='bbox 1706 1258 1801 1298; x_wconf 86' lang='lat' dir='ltr'><strong>Ger-</strong></span> 
     </span>
     <span class='ocr_line' id='line_1_18' title="bbox 249 1315 1801 1370; baseline 0.003 -16"><span class='ocrx_word' id='word_1_160' title='bbox 249 1315 403 1355; x_wconf 85' lang='lat' dir='ltr'><strong>lachius</strong></span> <span class='ocrx_word' id='word_1_161' title='bbox 442 1316 490 1355; x_wconf 90' lang='lat' dir='ltr'><strong>de</strong></span> <span class='ocrx_word' id='word_1_162' title='bbox 528 1316 646 1367; x_wconf 88' lang='lat' dir='ltr'><strong>adipe</strong></span> <span class='ocrx_word' id='word_1_163' title='bbox 683 1318 750 1356; x_wconf 89' lang='lat' dir='ltr'><strong>uel</strong></span> <span class='ocrx_word' id='word_1_164' title='bbox 792 1317 884 1357; x_wconf 91' lang='lat' dir='ltr'><strong>sebo</strong></span> <span class='ocrx_word' id='word_1_165' title='bbox 928 1331 1005 1368; x_wconf 93' lang='lat' dir='ltr'><strong>quo</strong></span> <span class='ocrx_word' id='word_1_166' title='bbox 1049 1318 1218 1357; x_wconf 84' lang='lat' dir='ltr'><strong>illinunt</strong></span> <span class='ocrx_word' id='word_1_167' title='bbox 1261 1319 1408 1356; x_wconf 87' lang='lat' dir='ltr'><strong>nautae</strong></span> <span class='ocrx_word' id='word_1_168' title='bbox 1451 1319 1678 1369; x_wconf 90' lang='lat' dir='ltr'><strong>plumbum,</strong></span> <span class='ocrx_word' id='word_1_169' title='bbox 1723 1333 1801 1370; x_wconf 92' lang='lat' dir='ltr'><strong>quo</strong></span> 
     </span>
     <span class='ocr_line' id='line_1_19' title="bbox 250 1377 1800 1428; baseline 0.003 -13"><span class='ocrx_word' id='word_1_170' title='bbox 250 1377 380 1428; x_wconf 88' lang='lat' dir='ltr'><strong>magis</strong></span> <span class='ocrx_word' id='word_1_171' title='bbox 411 1389 532 1415; x_wconf 88' lang='lat' dir='ltr'><strong>arena</strong></span> <span class='ocrx_word' id='word_1_172' title='bbox 563 1378 686 1417; x_wconf 88' lang='lat' dir='ltr'><strong>maris</strong></span> <span class='ocrx_word' id='word_1_173' title='bbox 723 1378 888 1428; x_wconf 87' lang='lat' dir='ltr'><strong>plumbo</strong></span> <span class='ocrx_word' id='word_1_174' title='bbox 926 1378 978 1418; x_wconf 90' lang='lat' dir='ltr'><strong>ad</strong></span> <span class='ocrx_word' id='word_1_175' title='bbox 1015 1377 1186 1417; x_wconf 88' lang='lat' dir='ltr'><strong>fundum</strong></span> <span class='ocrx_word' id='word_1_176' title='bbox 1222 1378 1402 1418; x_wconf 84' lang='lat' dir='ltr'><strong>demerso</strong></span> <span class='ocrx_word' id='word_1_177' title='bbox 1441 1379 1710 1419; x_wconf 87' lang='lat' dir='ltr'><strong>adhaerescat.</strong></span> <span class='ocrx_word' id='word_1_178' title='bbox 1744 1402 1800 1406; x_wconf 92' lang='lat'><strong>——</strong></span> 
     </span>
     <span class='ocr_line' id='line_1_20' title="bbox 249 1434 1802 1489; baseline 0.003 -14"><span class='ocrx_word' id='word_1_179' title='bbox 249 1438 454 1476; x_wconf 76' lang='lat' dir='ltr'><strong>mataxam</strong></span> <span class='ocrx_word' id='word_1_180' title='bbox 490 1437 638 1476; x_wconf 87' lang='lat' dir='ltr'><strong>Isidori</strong></span> <span class='ocrx_word' id='word_1_181' title='bbox 675 1437 792 1488; x_wconf 88' lang='lat' dir='ltr'><strong>codd,</strong></span> <span class='ocrx_word' id='word_1_182' title='bbox 830 1440 955 1488; x_wconf 82' lang='lat' dir='ltr'><strong>recte,</strong></span> <span class='ocrx_word' id='word_1_183' title='bbox 994 1439 1115 1489; x_wconf 82' lang='lat' dir='ltr'><strong>quil.</strong></span> <span class='ocrx_word' id='word_1_184' title='bbox 1142 1451 1172 1477; x_wconf 86' lang='lat' dir='ltr'><strong>s.</strong></span> <span class='ocrx_word' id='word_1_185' title='bbox 1201 1439 1270 1487; x_wconf 90' lang='lat'><strong>29,</strong></span> <span class='ocrx_word' id='word_1_186' title='bbox 1298 1439 1322 1477; x_wconf 88' lang='grc'>6</span> <span class='ocrx_word' id='word_1_187' title='bbox 1363 1434 1542 1479; x_wconf 75' lang='lat' dir='ltr'><strong>‘mataxa</strong></span> <span class='ocrx_word' id='word_1_188' title='bbox 1573 1453 1597 1478; x_wconf 89' lang='lat' dir='ltr'><strong>a</strong></span> <span class='ocrx_word' id='word_1_189' title='bbox 1632 1442 1802 1479; x_wconf 89' lang='lat' dir='ltr'><strong>circuitu</strong></span> 
     </span>
     <span class='ocr_line' id='line_1_21' title="bbox 250 1496 1801 1551; baseline 0.003 -16"><span class='ocrx_word' id='word_1_190' title='bbox 250 1496 403 1536; x_wconf 85' lang='lat' dir='ltr'><strong>scilicet</strong></span> <span class='ocrx_word' id='word_1_191' title='bbox 431 1496 603 1547; x_wconf 85' lang='lat' dir='ltr'><strong>filorum,</strong></span> <span class='ocrx_word' id='word_1_192' title='bbox 634 1511 728 1537; x_wconf 88' lang='lat' dir='ltr'><strong>nam</strong></span> <span class='ocrx_word' id='word_1_193' title='bbox 759 1500 869 1538; x_wconf 88' lang='lat' dir='ltr'><strong>meta</strong></span> <span class='ocrx_word' id='word_1_194' title='bbox 900 1498 1104 1548; x_wconf 85' lang='lat' dir='ltr'><strong>circuitus,</strong></span> <span class='ocrx_word' id='word_1_195' title='bbox 1136 1499 1202 1537; x_wconf 90' lang='lat' dir='ltr'><strong>uel</strong></span> <span class='ocrx_word' id='word_1_196' title='bbox 1234 1498 1341 1548; x_wconf 91' lang='lat' dir='ltr'><strong>quod</strong></span> <span class='ocrx_word' id='word_1_197' title='bbox 1371 1497 1672 1551; x_wconf 80' lang='lat' dir='ltr'><strong>transferatur’3</strong></span> <span class='ocrx_word' id='word_1_198' title='bbox 1710 1513 1801 1539; x_wconf 89' lang='lat' dir='ltr'><strong>con-</strong></span> 
     </span>
     <span class='ocr_line' id='line_1_22' title="bbox 250 1555 1802 1614; baseline 0.003 -19"><span class='ocrx_word' id='word_1_199' title='bbox 250 1557 413 1596; x_wconf 89' lang='lat' dir='ltr'><strong>firmant</strong></span> <span class='ocrx_word' id='word_1_200' title='bbox 442 1557 547 1597; x_wconf 87' lang='lat' dir='ltr'><strong>hanc</strong></span> <span class='ocrx_word' id='word_1_201' title='bbox 578 1559 820 1609; x_wconf 88' lang='lat' dir='ltr'><strong>scripturam</strong></span> <span class='ocrx_word' id='word_1_202' title='bbox 851 1559 1014 1610; x_wconf 85' lang='lat' dir='ltr'><strong>linguae</strong></span> <span class='ocrx_word' id='word_1_203' title='bbox 1045 1559 1335 1608; x_wconf 84' lang='lat' dir='ltr'><strong>Romanenses,</strong></span> <span class='ocrx_word' id='word_1_204' title='bbox 1367 1560 1525 1610; x_wconf 87' lang='lat' dir='ltr'><strong>glossae</strong></span> <span class='ocrx_word' id='word_1_205' title='bbox 1558 1555 1669 1614; x_wconf 87' lang='lat' dir='ltr'><strong>(uide</strong></span> <span class='ocrx_word' id='word_1_206' title='bbox 1701 1561 1802 1600; x_wconf 88' lang='lat' dir='ltr'><strong>The-</strong></span> 
     </span>
     <span class='ocr_line' id='line_1_23' title="bbox 251 1612 1802 1670; baseline 0.003 -14"><span class='ocrx_word' id='word_1_207' title='bbox 251 1629 411 1656; x_wconf 86' lang='lat' dir='ltr'><strong>saurum</strong></span> <span class='ocrx_word' id='word_1_208' title='bbox 438 1617 492 1669; x_wconf 89' lang='lat' dir='ltr'><strong>gl.</strong></span> <span class='ocrx_word' id='word_1_209' title='bbox 519 1630 592 1656; x_wconf 90' lang='lat' dir='ltr'><strong>em.</strong></span> <span class='ocrx_word' id='word_1_210' title='bbox 619 1631 648 1657; x_wconf 92' lang='lat' dir='ltr'><strong>s.</strong></span> <span class='ocrx_word' id='word_1_211' title='bbox 674 1612 732 1670; x_wconf 86' lang='lat' dir='ltr'><strong>u.)</strong></span> <span class='ocrx_word' id='word_1_212' title='bbox 766 1618 866 1658; x_wconf 92' lang='lat' dir='ltr'><strong>codd</strong></span> <span class='ocrx_word' id='word_1_213' title='bbox 896 1619 1080 1658; x_wconf 81' lang='lat' dir='ltr'><strong>Vitruuii</strong></span> <span class='ocrx_word' id='word_1_214' title='bbox 1103 1619 1185 1658; x_wconf 87' lang='lat' dir='ltr'><strong>VH</strong></span> <span class='ocrx_word' id='word_1_215' title='bbox 1212 1621 1250 1668; x_wconf 89' lang='lat'><strong>3,</strong></span> <span class='ocrx_word' id='word_1_216' title='bbox 1279 1620 1315 1657; x_wconf 92' lang='grc'><strong>2.</strong></span> <span class='ocrx_word' id='word_1_217' title='bbox 1371 1619 1515 1670; x_wconf 89' lang='lat' dir='ltr'><strong>Itaque</strong></span> <span class='ocrx_word' id='word_1_218' title='bbox 1541 1621 1614 1660; x_wconf 76' lang='lat' dir='ltr'><strong>lim·</strong></span> <span class='ocrx_word' id='word_1_219' title='bbox 1638 1623 1802 1661; x_wconf 70' lang='lat' dir='ltr'><strong>mataxa</strong></span> 
     </span>
     <span class='ocr_line' id='line_1_24' title="bbox 250 1677 1802 1732; baseline 0.002 -15"><span class='ocrx_word' id='word_1_220' title='bbox 250 1679 352 1717; x_wconf 89' lang='lat' dir='ltr'><strong>teste</strong></span> <span class='ocrx_word' id='word_1_221' title='bbox 388 1677 544 1717; x_wconf 86' lang='lat' dir='ltr'><strong>Isidoro</strong></span> <span class='ocrx_word' id='word_1_222' title='bbox 582 1678 761 1729; x_wconf 88' lang='lat' dir='ltr'><strong>glomum</strong></span> <span class='ocrx_word' id='word_1_223' title='bbox 797 1680 873 1718; x_wconf 90' lang='lat' dir='ltr'><strong>lini</strong></span> <span class='ocrx_word' id='word_1_224' title='bbox 910 1679 1128 1732; x_wconf 86' lang='lat' dir='ltr'><strong>significat,</strong></span> <span class='ocrx_word' id='word_1_225' title='bbox 1173 1691 1253 1718; x_wconf 91' lang='lat' dir='ltr'><strong>non</strong></span> <span class='ocrx_word' id='word_1_226' title='bbox 1290 1679 1413 1718; x_wconf 90' lang='lat' dir='ltr'><strong>filum.</strong></span> <span class='ocrx_word' id='word_1_227' title='bbox 1478 1680 1620 1720; x_wconf 88' lang='lat' dir='ltr'><strong>Graeci</strong></span> <span class='ocrx_word' id='word_1_228' title='bbox 1658 1679 1802 1732; x_wconf 80' lang='grc' dir='ltr'><em>μέταξα</em></span> 
     </span>
     <span class='ocr_line' id='line_1_25' title="bbox 251 1737 1802 1792; baseline 0.003 -16"><span class='ocrx_word' id='word_1_229' title='bbox 251 1738 299 1777; x_wconf 89' lang='lat' dir='ltr'><strong>de</strong></span> <span class='ocrx_word' id='word_1_230' title='bbox 330 1737 459 1776; x_wconf 86' lang='lat' dir='ltr'><strong>blatta</strong></span> <span class='ocrx_word' id='word_1_231' title='bbox 491 1738 633 1778; x_wconf 87' lang='lat' dir='ltr'><strong>serica:</strong></span> <span class='ocrx_word' id='word_1_232' title='bbox 665 1738 954 1792; x_wconf 77' lang='grc' dir='ltr'><em>μεταξαβλάττη</em></span> <span class='ocrx_word' id='word_1_233' title='bbox 986 1740 1134 1792; x_wconf 89' lang='lat' dir='ltr'><strong>legitur</strong></span> <span class='ocrx_word' id='word_1_234' title='bbox 1164 1741 1207 1778; x_wconf 92' lang='lat' dir='ltr'><strong>in</strong></span> <span class='ocrx_word' id='word_1_235' title='bbox 1239 1739 1297 1778; x_wconf 88' lang='lat' dir='ltr'><strong>ed.</strong></span> <span class='ocrx_word' id='word_1_236' title='bbox 1324 1740 1493 1779; x_wconf 86' lang='lat' dir='ltr'><strong>Dioclet.</strong></span> <span class='ocrx_word' id='word_1_237' title='bbox 1520 1741 1653 1779; x_wconf 89' lang='lat' dir='ltr'><strong>XXIV</strong></span> <span class='ocrx_word' id='word_1_238' title='bbox 1682 1745 1702 1780; x_wconf 93' lang='lat'>1</span> <span class='ocrx_word' id='word_1_239' title='bbox 1732 1742 1802 1780; x_wconf 90' lang='lat' dir='ltr'><strong>ubi</strong></span> 
     </span>
     <span class='ocr_line' id='line_1_26' title="bbox 250 1798 1800 1842; baseline 0.003 -5"><span class='ocrx_word' id='word_1_240' title='bbox 250 1798 343 1837; x_wconf 90' lang='lat' dir='ltr'><strong>uide</strong></span> <span class='ocrx_word' id='word_1_241' title='bbox 380 1798 610 1838; x_wconf 91' lang='lat' dir='ltr'><strong>Bluemneri</strong></span> <span class='ocrx_word' id='word_1_242' title='bbox 648 1799 781 1839; x_wconf 88' lang='lat' dir='ltr'><strong>adnot.</strong></span> <span class='ocrx_word' id='word_1_243' title='bbox 815 1801 856 1839; x_wconf 90' lang='lat' dir='ltr'><strong>et</strong></span> <span class='ocrx_word' id='word_1_244' title='bbox 890 1801 1066 1839; x_wconf 87' lang='lat' dir='ltr'><strong>eiusdem</strong></span> <span class='ocrx_word' id='word_1_245' title='bbox 1103 1800 1283 1840; x_wconf 87' lang='lat' dir='ltr'><strong>scholion</strong></span> <span class='ocrx_word' id='word_1_246' title='bbox 1321 1801 1372 1839; x_wconf 89' lang='lat' dir='ltr'><strong>ad</strong></span> <span class='ocrx_word' id='word_1_247' title='bbox 1409 1801 1546 1840; x_wconf 83' lang='lat' dir='ltr'><strong>XXHI</strong></span> <span class='ocrx_word' id='word_1_248' title='bbox 1574 1803 1610 1840; x_wconf 89' lang='lat'><strong>1.</strong></span> <span class='ocrx_word' id='word_1_249' title='bbox 1673 1802 1800 1842; x_wconf 88' lang='lat' dir='ltr'><strong>Voca-</strong></span> 
     </span>
     <span class='ocr_line' id='line_1_27' title="bbox 250 1858 1801 1913; baseline 0.003 -17"><span class='ocrx_word' id='word_1_250' title='bbox 250 1858 389 1897; x_wconf 90' lang='lat' dir='ltr'><strong>bulum</strong></span> <span class='ocrx_word' id='word_1_251' title='bbox 427 1860 656 1898; x_wconf 84' lang='lat' dir='ltr'><strong>etiamnunc</strong></span> <span class='ocrx_word' id='word_1_252' title='bbox 694 1861 828 1899; x_wconf 82' lang='lat' dir='ltr'><strong>extare</strong></span> <span class='ocrx_word' id='word_1_253' title='bbox 864 1860 906 1899; x_wconf 87' lang='lat' dir='ltr'><strong>in</strong></span> <span class='ocrx_word' id='word_1_254' title='bbox 943 1861 1083 1913; x_wconf 86' lang='lat' dir='ltr'><strong>lingua</strong></span> <span class='ocrx_word' id='word_1_255' title='bbox 1113 1860 1387 1911; x_wconf 87' lang='lat' dir='ltr'><strong>Hispanorum</strong></span> <span class='ocrx_word' id='word_1_256' title='bbox 1426 1863 1466 1900; x_wconf 89' lang='lat' dir='ltr'><strong>et</strong></span> <span class='ocrx_word' id='word_1_257' title='bbox 1503 1861 1801 1912; x_wconf 85' lang='lat' dir='ltr'><strong>Aquitanorum</strong></span> 
     </span>
     <span class='ocr_line' id='line_1_28' title="bbox 251 1918 1800 1972; baseline 0.003 -15"><span class='ocrx_word' id='word_1_258' title='bbox 251 1918 420 1958; x_wconf 87' lang='lat' dir='ltr'><strong>adnotat</strong></span> <span class='ocrx_word' id='word_1_259' title='bbox 456 1919 610 1959; x_wconf 89' lang='lat' dir='ltr'><strong>Dousa:</strong></span> <span class='ocrx_word' id='word_1_260' title='bbox 647 1919 740 1959; x_wconf 89' lang='lat' dir='ltr'><strong>uide</strong></span> <span class='ocrx_word' id='word_1_261' title='bbox 776 1920 1004 1972; x_wconf 83' lang='lat' dir='ltr'><strong>Koertingii</strong></span> <span class='ocrx_word' id='word_1_262' title='bbox 1041 1921 1196 1960; x_wconf 81' lang='lat' dir='ltr'><strong>lexicon</strong></span> <span class='ocrx_word' id='word_1_263' title='bbox 1222 1932 1251 1959; x_wconf 92' lang='lat' dir='ltr'><strong>s.</strong></span> <span class='ocrx_word' id='word_1_264' title='bbox 1276 1934 1315 1958; x_wconf 93' lang='lat' dir='ltr'><strong>u.</strong></span> <span class='ocrx_word' id='word_1_265' title='bbox 1343 1924 1507 1960; x_wconf 74' lang='lat' dir='ltr'><strong>mataxa</strong></span> <span class='ocrx_word' id='word_1_266' title='bbox 1550 1923 1591 1961; x_wconf 89' lang='lat' dir='ltr'><strong>et</strong></span> <span class='ocrx_word' id='word_1_267' title='bbox 1633 1925 1800 1962; x_wconf 74' lang='lat' dir='ltr'><strong>metaxa.</strong></span> 
     </span>
     <span class='ocr_line' id='line_1_29' title="bbox 251 1979 1801 2033; baseline 0.003 -16"><span class='ocrx_word' id='word_1_268' title='bbox 251 1979 352 2018; x_wconf 87' lang='lat' dir='ltr'><strong>Tam</strong></span> <span class='ocrx_word' id='word_1_269' title='bbox 383 1981 567 2018; x_wconf 86' lang='lat' dir='ltr'><strong>accurate</strong></span> <span class='ocrx_word' id='word_1_270' title='bbox 599 1992 690 2019; x_wconf 90' lang='lat' dir='ltr'><strong>cum</strong></span> <span class='ocrx_word' id='word_1_271' title='bbox 720 1980 969 2020; x_wconf 87' lang='lat' dir='ltr'><strong>describatur</strong></span> <span class='ocrx_word' id='word_1_272' title='bbox 998 1982 1314 2021; x_wconf 87' lang='lat' dir='ltr'><strong>instrumentum</strong></span> <span class='ocrx_word' id='word_1_273' title='bbox 1346 1995 1369 2020; x_wconf 85' lang='lat' dir='ltr'><strong>a</strong></span> <span class='ocrx_word' id='word_1_274' title='bbox 1394 1983 1526 2033; x_wconf 88' lang='lat' dir='ltr'><strong>poeta,</strong></span> <span class='ocrx_word' id='word_1_275' title='bbox 1557 1995 1695 2022; x_wconf 88' lang='lat' dir='ltr'><strong>uersus</strong></span> <span class='ocrx_word' id='word_1_276' title='bbox 1721 1996 1801 2022; x_wconf 91' lang='lat' dir='ltr'><strong>non</strong></span> 
     </span>
     <span class='ocr_line' id='line_1_30' title="bbox 251 2039 1827 2095; baseline 0.003 -17"><span class='ocrx_word' id='word_1_277' title='bbox 251 2051 335 2078; x_wconf 89' lang='lat' dir='ltr'><strong>esse</strong></span> <span class='ocrx_word' id='word_1_278' title='bbox 366 2041 517 2090; x_wconf 86' lang='lat' dir='ltr'><strong>sumpti</strong></span> <span class='ocrx_word' id='word_1_279' title='bbox 546 2039 735 2079; x_wconf 89' lang='lat' dir='ltr'><strong>uidentur</strong></span> <span class='ocrx_word' id='word_1_280' title='bbox 767 2054 787 2079; x_wconf 92' lang='lat' dir='ltr'><strong>e</strong></span> <span class='ocrx_word' id='word_1_281' title='bbox 819 2042 1049 2081; x_wconf 82' lang='lat' dir='ltr'><strong>narratione</strong></span> <span class='ocrx_word' id='word_1_282' title='bbox 1081 2042 1168 2091; x_wconf 87' lang='lat' dir='ltr'><strong>tali,</strong></span> <span class='ocrx_word' id='word_1_283' title='bbox 1202 2042 1315 2091; x_wconf 91' lang='lat' dir='ltr'><strong>quali</strong></span> <span class='ocrx_word' id='word_1_284' title='bbox 1345 2042 1480 2093; x_wconf 86' lang='lat' dir='ltr'><strong>ipsum</strong></span> <span class='ocrx_word' id='word_1_285' title='bbox 1503 2042 1605 2081; x_wconf 89' lang='lat' dir='ltr'><strong>illud</strong></span> <span class='ocrx_word' id='word_1_286' title='bbox 1631 2042 1827 2095; x_wconf 43' lang='lat' dir='ltr'><strong>ssoh&#39;ss&#39;ew‘</strong></span> 
     </span>
     <span class='ocr_line' id='line_1_31' title="bbox 252 2095 1798 2157; baseline 0.003 -19"><span class='ocrx_word' id='word_1_287' title='bbox 252 2099 357 2150; x_wconf 92' lang='lat' dir='ltr'><strong>quod</strong></span> <span class='ocrx_word' id='word_1_288' title='bbox 370 2099 571 2139; x_wconf 85' lang='lat' dir='ltr'><strong>faciebant</strong></span> <span class='ocrx_word' id='word_1_289' title='bbox 586 2102 716 2140; x_wconf 87' lang='lat' dir='ltr'><strong>terrae</strong></span> <span class='ocrx_word' id='word_1_290' title='bbox 730 2103 878 2142; x_wconf 87' lang='lat' dir='ltr'><strong>nautae</strong></span> <span class='ocrx_word' id='word_1_291' title='bbox 891 2096 1262 2154; x_wconf 85' lang='lat' dir='ltr'><strong>appropinquantes</strong></span> <span class='ocrx_word' id='word_1_292' title='bbox 1277 2095 1385 2156; x_wconf 86' lang='lat' dir='ltr'><strong>(Act.</strong></span> <span class='ocrx_word' id='word_1_293' title='bbox 1399 2102 1540 2153; x_wconf 90' lang='lat' dir='ltr'><strong>Apost.</strong></span> <span class='ocrx_word' id='word_1_294' title='bbox 1554 2103 1708 2142; x_wconf 93' lang='lat' dir='ltr'><strong>XXVII</strong></span> <span class='ocrx_word' id='word_1_295' title='bbox 1725 2097 1798 2157; x_wconf 84' lang='lat'><strong>28)</strong></span> 
     </span>
     <span class='ocr_line' id='line_1_32' title="bbox 251 2161 1800 2214; baseline 0.003 -16"><span class='ocrx_word' id='word_1_296' title='bbox 251 2161 338 2199; x_wconf 85' lang='lat' dir='ltr'><strong>erat</strong></span> <span class='ocrx_word' id='word_1_297' title='bbox 375 2173 614 2210; x_wconf 87' lang='lat' dir='ltr'><strong>expressum.</strong></span> <span class='ocrx_word' id='word_1_298' title='bbox 675 2161 910 2212; x_wconf 88' lang='lat' dir='ltr'><strong>Apparatur</strong></span> <span class='ocrx_word' id='word_1_299' title='bbox 946 2163 1081 2214; x_wconf 90' lang='lat' dir='ltr'><strong>potius</strong></span> <span class='ocrx_word' id='word_1_300' title='bbox 1118 2162 1235 2202; x_wconf 88' lang='lat' dir='ltr'><strong>nauis</strong></span> <span class='ocrx_word' id='word_1_301' title='bbox 1273 2164 1314 2201; x_wconf 89' lang='lat' dir='ltr'><strong>et</strong></span> <span class='ocrx_word' id='word_1_302' title='bbox 1344 2163 1576 2202; x_wconf 82' lang='lat' dir='ltr'><strong>instruitur:</strong></span> <span class='ocrx_word' id='word_1_303' title='bbox 1614 2163 1800 2203; x_wconf 86' lang='lat' dir='ltr'><strong>dominus</strong></span> 
     </span>
     <span class='ocr_line' id='line_1_33' title="bbox 251 2220 1800 2274; baseline 0.003 -16"><span class='ocrx_word' id='word_1_304' title='bbox 251 2221 367 2259; x_wconf 88' lang='lat' dir='ltr'><strong>nauis</strong></span> <span class='ocrx_word' id='word_1_305' title='bbox 398 2220 527 2271; x_wconf 90' lang='lat' dir='ltr'><strong>digito</strong></span> <span class='ocrx_word' id='word_1_306' title='bbox 558 2223 757 2260; x_wconf 86' lang='lat' dir='ltr'><strong>monstrat</strong></span> <span class='ocrx_word' id='word_1_307' title='bbox 786 2222 890 2262; x_wconf 77' lang='lat' dir='ltr'><strong>hwnc</strong></span> <span class='ocrx_word' id='word_1_308' title='bbox 920 2224 1185 2274; x_wconf 87' lang='lat' dir='ltr'><strong>catapiratem</strong></span> <span class='ocrx_word' id='word_1_309' title='bbox 1222 2222 1412 2273; x_wconf 89' lang='lat' dir='ltr'><strong>iubetque</strong></span> <span class='ocrx_word' id='word_1_310' title='bbox 1445 2237 1535 2262; x_wconf 88' lang='lat' dir='ltr'><strong>eum</strong></span> <span class='ocrx_word' id='word_1_311' title='bbox 1574 2224 1720 2262; x_wconf 89' lang='lat' dir='ltr'><strong>deferri</strong></span> <span class='ocrx_word' id='word_1_312' title='bbox 1749 2225 1800 2262; x_wconf 82' lang='lat' dir='ltr'><strong>-in</strong></span> 
     </span>
     <span class='ocr_line' id='line_1_34' title="bbox 251 2280 1801 2333; baseline 0.003 -15"><span class='ocrx_word' id='word_1_313' title='bbox 251 2280 420 2318; x_wconf 89' lang='lat' dir='ltr'><strong>eundem</strong></span> <span class='ocrx_word' id='word_1_314' title='bbox 457 2280 588 2319; x_wconf 89' lang='lat' dir='ltr'><strong>locum</strong></span> <span class='ocrx_word' id='word_1_315' title='bbox 625 2292 650 2319; x_wconf 88' lang='lat' dir='ltr'><strong>a</strong></span> <span class='ocrx_word' id='word_1_316' title='bbox 686 2294 810 2332; x_wconf 87' lang='lat' dir='ltr'><strong>puero</strong></span> <span class='ocrx_word' id='word_1_317' title='bbox 849 2295 928 2332; x_wconf 93' lang='lat' dir='ltr'><strong>quo</strong></span> <span class='ocrx_word' id='word_1_318' title='bbox 969 2283 1126 2333; x_wconf 84' lang='lat' dir='ltr'><strong>reliqua</strong></span> <span class='ocrx_word' id='word_1_319' title='bbox 1168 2283 1436 2322; x_wconf 86' lang='lat' dir='ltr'><strong>instrumenta</strong></span> <span class='ocrx_word' id='word_1_320' title='bbox 1479 2284 1642 2323; x_wconf 87' lang='lat' dir='ltr'><strong>nautica</strong></span> <span class='ocrx_word' id='word_1_321' title='bbox 1686 2286 1801 2322; x_wconf 89' lang='lat' dir='ltr'><strong>erant</strong></span> 
     </span>
     <span class='ocr_line' id='line_1_35' title="bbox 251 2340 1801 2392; baseline 0.003 -14"><span class='ocrx_word' id='word_1_322' title='bbox 251 2340 444 2390; x_wconf 83' lang='lat' dir='ltr'><strong>seposita3</strong></span> <span class='ocrx_word' id='word_1_323' title='bbox 474 2353 559 2379; x_wconf 90' lang='lat' dir='ltr'><strong>rem</strong></span> <span class='ocrx_word' id='word_1_324' title='bbox 588 2353 688 2391; x_wconf 90' lang='lat' dir='ltr'><strong>puer</strong></span> <span class='ocrx_word' id='word_1_325' title='bbox 718 2354 767 2380; x_wconf 88' lang='lat' dir='ltr'><strong>ne</strong></span> <span class='ocrx_word' id='word_1_326' title='bbox 793 2342 1013 2382; x_wconf 85' lang='lat' dir='ltr'><strong>confundat</strong></span> <span class='ocrx_word' id='word_1_327' title='bbox 1037 2355 1127 2381; x_wconf 88' lang='lat' dir='ltr'><strong>cum</strong></span> <span class='ocrx_word' id='word_1_328' title='bbox 1152 2343 1256 2392; x_wconf 90' lang='lat' dir='ltr'><strong>aliis,</strong></span> <span class='ocrx_word' id='word_1_329' title='bbox 1288 2345 1472 2382; x_wconf 83' lang='lat' dir='ltr'><strong>accurate</strong></span> <span class='ocrx_word' id='word_1_330' title='bbox 1498 2356 1587 2382; x_wconf 89' lang='lat' dir='ltr'><strong>eam</strong></span> <span class='ocrx_word' id='word_1_331' title='bbox 1612 2344 1801 2383; x_wconf 90' lang='lat' dir='ltr'><strong>describit</strong></span> 
     </span>
     <span class='ocr_line' id='line_1_36' title="bbox 250 2399 1798 2455; baseline 0.003 -17"><span class='ocrx_word' id='word_1_332' title='bbox 250 2413 369 2439; x_wconf 87' lang='lat' dir='ltr'><strong>uersu</strong></span> <span class='ocrx_word' id='word_1_333' title='bbox 406 2401 599 2450; x_wconf 86' lang='lat' dir='ltr'><strong>sequenti.</strong></span> <span class='ocrx_word' id='word_1_334' title='bbox 643 2399 764 2440; x_wconf 89' lang='lat' dir='ltr'><strong>Libro</strong></span> <span class='ocrx_word' id='word_1_335' title='bbox 788 2401 853 2441; x_wconf 89' lang='lat' dir='ltr'><strong>HI</strong></span> <span class='ocrx_word' id='word_1_336' title='bbox 883 2403 1156 2442; x_wconf 86' lang='lat' dir='ltr'><strong>attribuerunt</strong></span> <span class='ocrx_word' id='word_1_337' title='bbox 1186 2402 1404 2455; x_wconf 88' lang='lat' dir='ltr'><strong>Vargesius</strong></span> <span class='ocrx_word' id='word_1_338' title='bbox 1438 2402 1635 2454; x_wconf 84' lang='lat' dir='ltr'><strong>Oorpetus</strong></span> <span class='ocrx_word' id='word_1_339' title='bbox 1672 2403 1798 2444; x_wconf 87' lang='lat' dir='ltr'><strong>Lach—</strong></span> 
     </span>
     <span class='ocr_line' id='line_1_37' title="bbox 252 2461 537 2499; baseline 0.004 -1"><span class='ocrx_word' id='word_1_340' title='bbox 252 2473 423 2499; x_wconf 86' lang='lat' dir='ltr'><strong>mannus</strong></span> <span class='ocrx_word' id='word_1_341' title='bbox 456 2461 537 2499; x_wconf 85' lang='lat' dir='ltr'><strong>alii.</strong></span> 
     </span>
    </p>

    <p class='ocr_par' dir='ltr' id='par_1_5' title="bbox 251 2515 1801 3053">
     <span class='ocr_line' id='line_1_38' title="bbox 375 2515 1799 2575; baseline 0.003 -16"><span class='ocrx_word' id='word_1_342' title='bbox 375 2515 517 2560; x_wconf 84' lang='grc'>1193.</span> <span class='ocrx_word' id='word_1_343' title='bbox 551 2517 754 2575; x_wconf 85' lang='lat' dir='ltr'><strong>[Sergius]</strong></span> <span class='ocrx_word' id='word_1_344' title='bbox 787 2523 832 2561; x_wconf 90' lang='lat' dir='ltr'><strong>in</strong></span> <span class='ocrx_word' id='word_1_345' title='bbox 861 2522 1008 2562; x_wconf 90' lang='lat' dir='ltr'><strong>Donat.</strong></span> <span class='ocrx_word' id='word_1_346' title='bbox 1036 2521 1106 2562; x_wconf 83' lang='lat' dir='ltr'><strong>GL</strong></span> <span class='ocrx_word' id='word_1_347' title='bbox 1131 2523 1190 2562; x_wconf 91' lang='lat' dir='ltr'><strong>IV</strong></span> <span class='ocrx_word' id='word_1_348' title='bbox 1215 2537 1252 2574; x_wconf 91' lang='lat' dir='ltr'><strong>p.</strong></span> <span class='ocrx_word' id='word_1_349' title='bbox 1282 2523 1380 2574; x_wconf 84' lang='lat'><strong>564,</strong></span> <span class='ocrx_word' id='word_1_350' title='bbox 1410 2523 1516 2562; x_wconf 87' lang='lat' dir='ltr'><strong>14K</strong></span> <span class='ocrx_word' id='word_1_351' title='bbox 1555 2520 1648 2563; x_wconf 82' lang='lat' dir='ltr'><strong>‘Per</strong></span> <span class='ocrx_word' id='word_1_352' title='bbox 1683 2537 1799 2575; x_wconf 89' lang='lat' dir='ltr'><strong>prae-</strong></span> 
     </span>
     <span class='ocr_line' id='line_1_39' title="bbox 251 2581 1801 2635; baseline 0.003 -16"><span class='ocrx_word' id='word_1_353' title='bbox 251 2581 469 2632; x_wconf 88' lang='lat' dir='ltr'><strong>positiones</strong></span> <span class='ocrx_word' id='word_1_354' title='bbox 501 2582 557 2621; x_wconf 89' lang='lat' dir='ltr'><strong>sic</strong></span> <span class='ocrx_word' id='word_1_355' title='bbox 587 2582 690 2622; x_wconf 87' lang='lat' dir='ltr'><strong>fiunt</strong></span> <span class='ocrx_word' id='word_1_356' title='bbox 719 2583 954 2633; x_wconf 89' lang='lat' dir='ltr'><strong>soloecismi,</strong></span> <span class='ocrx_word' id='word_1_357' title='bbox 986 2596 1076 2623; x_wconf 91' lang='lat' dir='ltr'><strong>cum</strong></span> <span class='ocrx_word' id='word_1_358' title='bbox 1107 2583 1189 2623; x_wconf 89' lang='lat' dir='ltr'><strong>alia</strong></span> <span class='ocrx_word' id='word_1_359' title='bbox 1219 2596 1292 2634; x_wconf 88' lang='lat' dir='ltr'><strong>pro</strong></span> <span class='ocrx_word' id='word_1_360' title='bbox 1325 2583 1416 2634; x_wconf 89' lang='lat' dir='ltr'><strong>alia,</strong></span> <span class='ocrx_word' id='word_1_361' title='bbox 1449 2585 1520 2623; x_wconf 88' lang='lat' dir='ltr'><strong>aut</strong></span> <span class='ocrx_word' id='word_1_362' title='bbox 1550 2596 1801 2635; x_wconf 88' lang='lat' dir='ltr'><strong>superuacua</strong></span> 
     </span>
     <span class='ocr_line' id='line_1_40' title="bbox 251 2641 1799 2695; baseline 0.003 -16"><span class='ocrx_word' id='word_1_363' title='bbox 251 2642 433 2691; x_wconf 87' lang='lat' dir='ltr'><strong>ponitur,</strong></span> <span class='ocrx_word' id='word_1_364' title='bbox 471 2643 542 2680; x_wconf 89' lang='lat' dir='ltr'><strong>aut</strong></span> <span class='ocrx_word' id='word_1_365' title='bbox 578 2643 801 2682; x_wconf 85' lang='lat' dir='ltr'><strong>necessaria</strong></span> <span class='ocrx_word' id='word_1_366' title='bbox 833 2643 1102 2694; x_wconf 68' lang='lat' dir='ltr'><strong>subtrahitur,</strong></span> <span class='ocrx_word' id='word_1_367' title='bbox 1139 2645 1186 2682; x_wconf 90' lang='lat' dir='ltr'><strong>ut</strong></span> <span class='ocrx_word' id='word_1_368' title='bbox 1223 2644 1332 2694; x_wconf 86' lang='lat' dir='ltr'><strong>apud</strong></span> <span class='ocrx_word' id='word_1_369' title='bbox 1361 2643 1561 2683; x_wconf 88' lang='lat' dir='ltr'><strong>Lucilium</strong></span> <span class='ocrx_word' id='word_1_370' title='bbox 1595 2641 1799 2695; x_wconf 81' lang='lat' dir='ltr'><strong>“Hymnis</strong></span> 
     </span>
     <span class='ocr_line' id='line_1_41' title="bbox 252 2700 1799 2755; baseline 0.003 -16"><span class='ocrx_word' id='word_1_371' title='bbox 252 2701 451 2740; x_wconf 86' lang='lat' dir='ltr'><strong>cantando</strong></span> <span class='ocrx_word' id='word_1_372' title='bbox 489 2714 601 2750; x_wconf 76' lang='lat' dir='ltr'><strong>quem</strong></span> <span class='ocrx_word' id='word_1_373' title='bbox 645 2702 864 2742; x_wconf 85' lang='lat' dir='ltr'><strong>adseruisse</strong></span> <span class='ocrx_word' id='word_1_374' title='bbox 908 2704 968 2743; x_wconf 87' lang='lat' dir='ltr'><strong>ait</strong></span> <span class='ocrx_word' id='word_1_375' title='bbox 1013 2703 1065 2743; x_wconf 89' lang='lat' dir='ltr'><strong>ad</strong></span> <span class='ocrx_word' id='word_1_376' title='bbox 1108 2700 1180 2744; x_wconf 89' lang='lat' dir='ltr'><strong>se&#39;&#39;</strong></span> <span class='ocrx_word' id='word_1_377' title='bbox 1226 2717 1299 2754; x_wconf 91' lang='lat' dir='ltr'><strong>pro</strong></span> <span class='ocrx_word' id='word_1_378' title='bbox 1344 2704 1451 2755; x_wconf 82' lang='lat' dir='ltr'><strong>apud</strong></span> <span class='ocrx_word' id='word_1_379' title='bbox 1495 2701 1564 2744; x_wconf 89' lang='lat' dir='ltr'><strong>se’.</strong></span> <span class='ocrx_word' id='word_1_380' title='bbox 1631 2704 1799 2743; x_wconf 89' lang='lat' dir='ltr'><strong>Numeri</strong></span> 
     </span>
     <span class='ocr_line' id='line_1_42' title="bbox 254 2761 1798 2812; baseline 0.003 -13"><span class='ocrx_word' id='word_1_381' title='bbox 254 2763 389 2810; x_wconf 85' lang='lat' dir='ltr'><strong>aperte</strong></span> <span class='ocrx_word' id='word_1_382' title='bbox 415 2763 509 2800; x_wconf 91' lang='lat' dir='ltr'><strong>sunt</strong></span> <span class='ocrx_word' id='word_1_383' title='bbox 533 2761 734 2812; x_wconf 85' lang='lat' dir='ltr'><strong>dactylici.</strong></span> <span class='ocrx_word' id='word_1_384' title='bbox 775 2763 964 2803; x_wconf 86' lang='lat' dir='ltr'><strong>Verterat</strong></span> <span class='ocrx_word' id='word_1_385' title='bbox 989 2762 1160 2803; x_wconf 85' lang='lat' dir='ltr'><strong>Graecas</strong></span> <span class='ocrx_word' id='word_1_386' title='bbox 1186 2762 1361 2803; x_wconf 84' lang='lat' dir='ltr'><strong>Graecae</strong></span> <span class='ocrx_word' id='word_1_387' title='bbox 1386 2764 1606 2803; x_wconf 89' lang='lat' dir='ltr'><strong>meretricis</strong></span> <span class='ocrx_word' id='word_1_388' title='bbox 1632 2765 1798 2804; x_wconf 86' lang='lat' dir='ltr'><strong>facetias</strong></span> 
     </span>
     <span class='ocr_line' id='line_1_43' title="bbox 253 2822 1798 2875; baseline 0.003 -17"><span class='ocrx_word' id='word_1_389' title='bbox 253 2822 373 2870; x_wconf 86' lang='lat' dir='ltr'><strong>poeta</strong></span> <span class='ocrx_word' id='word_1_390' title='bbox 416 2833 518 2870; x_wconf 88' lang='lat' dir='ltr'><strong>quae</strong></span> <span class='ocrx_word' id='word_1_391' title='bbox 562 2822 716 2860; x_wconf 86' lang='lat' dir='ltr'><strong>dixerat</strong></span> <span class='ocrx_word' id='word_1_392' title='bbox 758 2834 843 2861; x_wconf 91' lang='lat' dir='ltr'><strong>sese</strong></span> <span class='ocrx_word' id='word_1_393' title='bbox 879 2822 1086 2873; x_wconf 85' lang='lat' dir='ltr'><strong>Hymnida</strong></span> <span class='ocrx_word' id='word_1_394' title='bbox 1121 2822 1330 2875; x_wconf 83' lang='grc' dir='ltr'><em>ὑμνοῦσαν</em></span> <span class='ocrx_word' id='word_1_395' title='bbox 1373 2824 1578 2863; x_wconf 87' lang='lat' dir='ltr'><strong>induxisse</strong></span> <span class='ocrx_word' id='word_1_396' title='bbox 1622 2837 1712 2862; x_wconf 91' lang='lat' dir='ltr'><strong>eum</strong></span> <span class='ocrx_word' id='word_1_397' title='bbox 1755 2824 1798 2862; x_wconf 90' lang='lat' dir='ltr'><strong>in</strong></span> 
     </span>
     <span class='ocr_line' id='line_1_44' title="bbox 255 2880 1797 2933; baseline 0.003 -15"><span class='ocrx_word' id='word_1_398' title='bbox 255 2892 429 2919; x_wconf 90' lang='lat' dir='ltr'><strong>amorem</strong></span> <span class='ocrx_word' id='word_1_399' title='bbox 461 2880 570 2919; x_wconf 77' lang='lat' dir='ltr'><strong>domi</strong></span> <span class='ocrx_word' id='word_1_400' title='bbox 600 2893 705 2920; x_wconf 86' lang='lat' dir='ltr'><strong>suae.</strong></span> <span class='ocrx_word' id='word_1_401' title='bbox 755 2894 855 2930; x_wconf 76' lang='lat' dir='ltr'><strong>quac</strong></span> <span class='ocrx_word' id='word_1_402' title='bbox 884 2895 945 2921; x_wconf 88' lang='lat' dir='ltr'><strong>me</strong></span> <span class='ocrx_word' id='word_1_403' title='bbox 970 2883 1123 2933; x_wconf 85' lang='lat' dir='ltr'><strong>scripsi,</strong></span> <span class='ocrx_word' id='word_1_404' title='bbox 1155 2893 1381 2932; x_wconf 76' lang='lat' dir='ltr'><strong>quemquem</strong></span> <span class='ocrx_word' id='word_1_405' title='bbox 1405 2883 1682 2922; x_wconf 88' lang='lat' dir='ltr'><strong>Baehrensius.</strong></span> <span class='ocrx_word' id='word_1_406' title='bbox 1728 2885 1797 2922; x_wconf 79' lang='lat' dir='ltr'><strong>ad-</strong></span> 
     </span>
     <span class='ocr_line' id='line_1_45' title="bbox 253 2939 1796 2993; baseline 0.003 -15"><span class='ocrx_word' id='word_1_407' title='bbox 253 2941 420 2979; x_wconf 77' lang='lat' dir='ltr'><strong>seruisse</strong></span> <span class='ocrx_word' id='word_1_408' title='bbox 445 2939 568 2979; x_wconf 87' lang='lat' dir='ltr'><strong>simili</strong></span> <span class='ocrx_word' id='word_1_409' title='bbox 593 2941 710 2980; x_wconf 90' lang='lat' dir='ltr'><strong>modo</strong></span> <span class='ocrx_word' id='word_1_410' title='bbox 735 2941 912 2992; x_wconf 90' lang='lat' dir='ltr'><strong>positum</strong></span> <span class='ocrx_word' id='word_1_411' title='bbox 937 2943 980 2980; x_wconf 90' lang='lat' dir='ltr'><strong>in</strong></span> <span class='ocrx_word' id='word_1_412' title='bbox 1004 2955 1046 2981; x_wconf 93' lang='lat' dir='ltr'><strong>re</strong></span> <span class='ocrx_word' id='word_1_413' title='bbox 1068 2942 1266 2981; x_wconf 86' lang='lat' dir='ltr'><strong>amatoria</strong></span> <span class='ocrx_word' id='word_1_414' title='bbox 1286 2955 1347 2992; x_wconf 87' lang='lat' dir='ltr'><strong>ap.</strong></span> <span class='ocrx_word' id='word_1_415' title='bbox 1369 2941 1485 2981; x_wconf 84' lang='lat' dir='ltr'><strong>Ouid.</strong></span> <span class='ocrx_word' id='word_1_416' title='bbox 1507 2956 1582 2981; x_wconf 90' lang='lat' dir='ltr'><strong>am.</strong></span> <span class='ocrx_word' id='word_1_417' title='bbox 1602 2943 1666 2982; x_wconf 86' lang='lat' dir='ltr'><strong>HI</strong></span> <span class='ocrx_word' id='word_1_418' title='bbox 1689 2945 1756 2993; x_wconf 91' lang='lat'><strong>11,</strong></span> <span class='ocrx_word' id='word_1_419' title='bbox 1771 2945 1796 2983; x_wconf 86' lang='lat'><strong>3</strong></span> 
     </span>
     <span class='ocr_line' id='line_1_46' title="bbox 256 2996 1797 3053; baseline 0.003 -15"><span class='ocrx_word' id='word_1_420' title='bbox 256 2996 424 3039; x_wconf 80' lang='lat' dir='ltr'><strong>‘scilicet</strong></span> <span class='ocrx_word' id='word_1_421' title='bbox 454 2999 613 3039; x_wconf 83' lang='lat' dir='ltr'><strong>adserui</strong></span> <span class='ocrx_word' id='word_1_422' title='bbox 642 3000 724 3040; x_wconf 86' lang='lat' dir='ltr'><strong>iam</strong></span> <span class='ocrx_word' id='word_1_423' title='bbox 754 3015 817 3040; x_wconf 90' lang='lat' dir='ltr'><strong>me</strong></span> <span class='ocrx_word' id='word_1_424' title='bbox 847 3002 1019 3053; x_wconf 90' lang='lat' dir='ltr'><strong>rupique</strong></span> <span class='ocrx_word' id='word_1_425' title='bbox 1050 2999 1225 3043; x_wconf 84' lang='lat' dir='ltr'><strong>catenas&#39;</strong></span> <span class='ocrx_word' id='word_1_426' title='bbox 1259 3004 1351 3042; x_wconf 86' lang='lat' dir='ltr'><strong>met.</strong></span> <span class='ocrx_word' id='word_1_427' title='bbox 1377 3002 1399 3043; x_wconf 92' lang='lat' dir='ltr'><strong>I</strong></span> <span class='ocrx_word' id='word_1_428' title='bbox 1424 3003 1509 3042; x_wconf 82' lang='lat'><strong>462</strong></span> <span class='ocrx_word' id='word_1_429' title='bbox 1545 3000 1632 3043; x_wconf 87' lang='lat' dir='ltr'><strong>‘nec</strong></span> <span class='ocrx_word' id='word_1_430' title='bbox 1658 3004 1797 3048; x_wconf 88' lang='lat' dir='ltr'><strong>laudes</strong></span> 
     </span>
    </p>
   </div>
  </div>
 </body>
</html>
