2060 3444
271 242 357 285 124
859 240 909 275 lx
934 252 969 275 u.
999 243 1196 275 321—326.

266 370 362 406 μιοι,
400 353 467 401 τὰς
507 351 548 393 δὲ
588 353 735 400 νύκτας
772 352 827 400 εἴς
865 366 952 392 τινα
990 350 1281 405 παρακειμένην
1320 351 1436 392 πόλιν
1480 349 1803 392 ἀπαλλάττονται·

266 415 301 450 V
330 416 398 463 56,
427 416 449 452 7
486 411 539 460 ὡς
571 412 833 464 σκοτωμάτων
865 418 984 451 τινῶν
1015 411 1339 466 ἐπιπεπτωκότων
1370 415 1421 466 τῷ
1447 412 1604 463 βασιλεῖ
1629 410 1702 462 τὴν
1734 408 1805 462 μὲν

269 472 483 526 θεραπείαν
515 470 715 512 ἀπέλυσαν
746 470 813 511 ἐπί
841 487 951 519 τινας
982 469 1133 524 ἡμέρας
1164 469 1229 510 καὶ
1259 469 1352 518 τοὺς
1382 469 1634 522 εἰθισμένους
1659 484 1804 522 παρευ-
1879 482 1881 485 ·

266 535 430 572 τακτεῐν.
505 532 654 578 Quibus
698 532 795 571 locis
840 534 1118 584 παρευτακτεῖν
1160 531 1265 570 idem
1309 543 1393 570 esse
1437 533 1557 581 atque
1601 531 1805 579 stationes,

270 592 432 644 uigilias
465 606 582 644 agere
615 594 783 642 apparet
814 605 934 642 quam
965 591 1333 642 interpretationem
1368 590 1573 630 Ernestius
1605 590 1727 629 sensit
1762 587 1805 629 ἐκ

268 658 346 691 τῶν
378 650 736 704 συμφραζομένων,
773 651 956 691 Reiskius
989 654 1028 690 et
1060 651 1456 702 Schweighaeuserus
1494 650 1603 690 cuius
1641 650 1806 689 adnota-

265 712 414 751 tionem
446 713 624 751 conferas
656 711 707 750 ad
732 711 768 748 V
796 712 865 761 56,
894 713 916 750 7
951 711 1158 762 paululum
1189 712 1404 750 mutarunt.

386 767 497 812 322.
528 772 682 810 Nonius
708 785 745 822 p.
776 772 849 820 18,
876 773 929 810 22
971 768 1156 810 ‘Rutrum
1195 770 1345 809 dictum
1384 772 1444 809 est
1481 783 1503 808 a
1541 769 1716 808 radendo
1760 763 1806 822 (a

265 833 413 871 ruendo
456 825 687 885 Mercerus).
723 863 729 869 .
759 862 765 869 .
796 863 802 869 .
840 830 1018 870 Lucilius
1069 832 1293 881 satyrarum
1337 829 1403 868 lib.
1430 829 1550 867 VIIII
1602 825 1805 868 “frumen-

267 892 392 931 tarius
415 923 421 930 .
444 923 450 929 .
475 923 481 930 .
504 893 623 941 atque
644 888 790 944 (adque
809 890 841 928 L
861 904 912 930 m.
936 885 980 944 1)
1007 891 1222 929 etrutellum
1247 884 1379 943 (atque
1403 889 1584 928 rutellum
1602 882 1806 942 impressi)

265 964 387 995 unam
418 946 562 1004 (unum
592 951 643 999 L,
686 962 768 989 una
807 951 903 989 olim
943 944 1144 1004 impressi)
1189 949 1318 988 adfert
1362 943 1439 1002 (ita
1463 949 1495 987 L
1522 962 1571 986 m.
1603 951 1646 998 1,
1690 949 1806 996 affert

269 1005 496 1063 reliqui)”.’
548 1010 816 1049 Frmuentarii
847 1009 925 1048 duo
954 1010 1051 1048 haec
1077 1010 1342 1048 instrumenta
1367 1007 1552 1047 exhibent
1578 1007 1806 1059 anaglypha

268 1071 316 1109 de
349 1070 492 1120 quibus
525 1070 608 1122 egit
638 1070 783 1109 Brizior
802 1070 959 1109 Notizie
992 1069 1097 1121 degli
1131 1069 1249 1107 Scaui
1278 1069 1390 1108 1898
1418 1081 1454 1118 p.
1483 1069 1579 1107 477.
1608 1068 1704 1106 478.
1762 1066 1806 1106 Si

268 1131 551 1170 frumentarius
584 1131 655 1179 est,
687 1129 847 1168 artificii
878 1130 1143 1169 instrumenta
1175 1141 1305 1168 secum
1337 1128 1438 1167 solet
1469 1127 1624 1167 habere.

389 1185 498 1230 3⁶24.
530 1190 685 1229 Nonius
716 1203 753 1240 p.
781 1190 880 1238 445,
906 1191 960 1229 22
988 1202 1033 1228 ex
1060 1189 1320 1240 grammatico
1348 1184 1578 1226 ‘Acerosum
1609 1189 1649 1226 et
1673 1199 1804 1226 acera-

266 1252 353 1288 tum
384 1251 598 1299 utrumque
623 1261 724 1288 noue
750 1249 936 1299 positum,
966 1248 1035 1288 sed
1060 1248 1225 1288 distanti
1251 1248 1495 1298 proprietate
1521 1248 1732 1298 signatum.
1750 1277 1756 1283 ,
1774 1277 1804 1284 ..

267 1304 378 1362 (uide
403 1309 470 1348 lib.
497 1309 570 1348 XV
595 1322 631 1347 u.
660 1303 765 1362 502)
788 1340 794 1347 .
818 1340 824 1346 .
847 1340 854 1347 .
875 1311 1073 1347 accratum
1102 1320 1197 1347 uero
1230 1309 1291 1346 est
1314 1306 1443 1345 lutum
1468 1306 1593 1356 paleis
1619 1307 1803 1355 mixtum,

267 1371 312 1407 ut
342 1368 542 1408 laterariis
573 1381 666 1408 usus
699 1370 768 1407 est.
819 1368 996 1408 Lucilius
1027 1367 1095 1406 lib.
1122 1367 1243 1405 VIIII
1276 1363 1426 1406 “latere
1457 1365 1525 1416 qui
1551 1366 1662 1405 ducit
1685 1365 1806 1404 habet

268 1428 367 1467 nihil
406 1428 579 1479 amplius
617 1440 711 1468 nam
754 1440 875 1478 quam
918 1440 1110 1467 conmune
1154 1422 1232 1480 (ita
1257 1426 1295 1464 L
1319 1438 1369 1464 m.
1398 1428 1422 1464 1
1449 1421 1572 1479 solus)
1613 1425 1743 1464 lutum
1780 1437 1804 1463 a

267 1488 395 1538 paleis
439 1501 658 1538 conumque
703 1484 918 1527 aceroso”.’
990 1487 1139 1526 Paulus
1183 1499 1229 1525 ex
1267 1486 1384 1524 Festo
1422 1499 1458 1535 p.
1487 1487 1543 1524 20
1588 1482 1805 1524 ‘aceratum

267 1549 398 1587 lutum
425 1560 512 1587 cum
533 1548 659 1598 paleis
679 1544 879 1596 mixtum'3
904 1561 941 1598 p.
965 1549 1046 1586 187
1071 1543 1296 1586 ‘obacerare
1317 1544 1481 1595 obloqui
1501 1546 1620 1595 atque
1641 1544 1805 1583 alterius

267 1620 488 1647 sermonem
530 1607 695 1647 moleste
739 1607 929 1658 inpedire.
999 1606 1105 1656 quod
1149 1607 1353 1656 sumptum
1396 1604 1558 1643 uidetur
1601 1616 1625 1642 a
1668 1603 1805 1654 paleis,

268 1681 368 1718 quas
400 1667 540 1707 Graeci
577 1665 703 1719 ἄχυρα
741 1669 896 1706 uocant.
959 1666 1100 1716 Itaque
1140 1667 1180 1705 et
1218 1665 1459 1704 frumentum
1498 1665 1538 1702 et
1574 1663 1689 1714 panis
1726 1676 1805 1702 non

266 1729 351 1767 sine
382 1728 510 1778 paleis
536 1739 718 1767 acerosus
744 1726 899 1766 dicitur.
949 1727 1046 1765 item
1071 1726 1201 1765 lutum
1229 1726 1429 1764 aceratum
1456 1724 1582 1775 paleis
1607 1720 1804 1762 mixtum'.

266 1788 358 1827 Non
383 1790 489 1827 recte
515 1787 822 1839 grammaticum
847 1787 967 1826 istam
993 1786 1258 1824 differentiam
1284 1783 1460 1835 posuisse
1490 1783 1623 1835 glossa
1649 1781 1804 1830 GGLVV

267 1861 304 1897 p.
335 1849 372 1896 7,
399 1848 453 1886 39
489 1844 664 1886 ‘acerata
695 1846 816 1886 offula
851 1847 1076 1885 furfuraceo
1112 1841 1230 1896 pane'
1271 1844 1526 1883 demonstrat.
1588 1842 1686 1882 Post
1721 1843 1805 1880 fru-

267 1907 507 1946 mentarium
539 1906 586 1945 de
617 1906 806 1946 laterario
840 1906 923 1957 egit
953 1905 1132 1944 Lucilius
1164 1904 1227 1944 cui
1259 1903 1409 1942 Catone
1441 1904 1600 1942 auctore
1633 1902 1681 1941 de
1719 1914 1802 1952 agr.

268 1967 360 2005 cult.
391 1968 458 2015 14,
486 1968 510 2005 3
548 1966 714 2016 praebet
751 1965 932 2004 dominus
971 1962 1135 2014 ‘aquam
1172 1964 1308 2014 paleas
1346 1965 1494 2001 terram
1531 1961 1634 2000 unde
1674 1961 1803 2000 lutum

270 2023 366 2065 fiat’:
400 2026 494 2065 conf
514 2026 644 2065 Plaut.
672 2025 771 2063 Rud.
802 2026 886 2063 100
913 2021 1013 2063 ‘luto
1039 2026 1152 2063 usust
1176 2023 1314 2071 multo,
1343 2022 1512 2060 multam
1537 2023 1687 2060 terram
1712 2033 1801 2060 con—

267 2082 383 2125 fode’.
459 2086 536 2124 Pro
579 2086 658 2123 luto
701 2087 854 2124 aceralo
898 2084 1049 2122 Pallad.
1076 2083 1132 2121 IV
1161 2084 1198 2132 8,
1227 2084 1250 2120 2
1297 2078 1397 2120 ‘luto
1441 2081 1600 2130 paleato
1646 2079 1804 2119 curabis

269 2145 448 2185 occulere
481 2139 611 2199 (πηλῷ
651 2147 703 2199 τῷ
736 2138 783 2183 δι’
824 2141 980 2195 ἀχύρων
1012 2142 1184 2193 Geopon.
1210 2142 1267 2180 IX
1295 2143 1362 2190 10,
1389 2135 1463 2194 4)'.
1525 2140 1635 2179 Idem
1673 2139 1802 2179 simile

267 2205 466 2243 Plutarch.
499 2204 546 2243 de
578 2205 738 2243 fortuna
768 2217 805 2254 p.
835 2203 939 2242 99D
977 2200 1074 2241 ἀλλὰ
1111 2208 1187 2254 γῆν
1231 2199 1302 2253 μὲν
1339 2198 1470 2247 οὐδεὶς
1507 2198 1621 2251 ὕδατι
1661 2197 1803 2245 δεύσας

268 2262 425 2316 ἀφῆκεν
456 2261 510 2311 ὡς
540 2261 618 2303 ἀπὸ
650 2262 768 2315 τύχης
799 2260 863 2301 καὶ
895 2261 1124 2313 αὐτομάτως
1154 2260 1337 2300 πλίνθων
1367 2257 1565 2311 ἐσομένων
1595 2253 1683 2298 οὐδ’
1718 2256 1803 2308 ἔρια

269 2322 334 2363 καὶ
359 2322 481 2375 σκύτη
513 2323 755 2374 κτησάμενος
785 2321 953 2373 κάθηται
983 2325 1031 2377 τῇ
1062 2321 1157 2376 τύχῃ
1185 2318 1497 2373 προσευχόμενος
1522 2317 1677 2370 ἱμάτιον
1702 2316 1806 2372 αὐτῷ

268 2381 334 2422 καὶ
365 2381 600 2434 ὑποδήματα
629 2380 826 2435 γενέσθαι.

389 2438 499 2483 326.
533 2441 736 2481 Charisius
763 2440 829 2480 GL
855 2441 875 2479 I
900 2455 937 2492 p.
967 2443 1063 2490 100,
1090 2440 1167 2479 51<
1200 2437 1318 2478 ‘Lora
1350 2439 1533 2488 correpta
1564 2436 1693 2488 prima
1723 2436 1802 2487 syl-

270 2502 363 2541 laba
392 2504 434 2541 et
463 2501 654 2540 feminino
685 2514 825 2553 genere
858 2500 1024 2539 dicenda
1062 2502 1123 2539 est
1149 2530 1156 2537 .
1178 2529 1185 2537 .
1207 2529 1215 2538 .
1241 2498 1435 2549 producta
1473 2498 1606 2536 autem
1643 2497 1803 2535 neutra-

267 2562 360 2601 liter
391 2575 411 2600 e
443 2562 549 2601 corio
587 2561 764 2610 uincula,
802 2563 848 2599 ut
886 2562 926 2599 et
959 2559 1137 2598 Lucilius
1174 2559 1215 2597 in
1241 2558 1360 2597 VIII]
1393 2551 1509 2609 (Vm
1543 2549 1800 2608 Coloniensi-3)

270 2619 390 2672 “ipsa
420 2622 456 2660 si
484 2633 525 2661 se
562 2621 672 2660 corio·
706 2620 839 2659 omnia
875 2616 1021 2658 l6ra''.'
1085 2617 1308 2657 Adhibetur
1343 2615 1601 2667 prouerbium
1639 2614 1802 2665 aliquod

270 2681 388 2731 quale
412 2680 648 2719 Plutarchus
674 2679 795 2718 habet
819 2679 947 2718 simile
973 2691 1052 2717 non
1077 2691 1191 2728 posse
1217 2690 1327 2715 suau.
1346 2675 1429 2716 uiu.
1449 2688 1522 2714 sec.
1544 2674 1653 2725 Epic.
1675 2686 1758 2724 cap.
1775 2675 1799 2712 6

269 2755 306 2790 p.
329 2740 489 2779 1090F
514 2738 580 2778 καὶ
604 2744 720 2779 τοῦτο
746 2738 796 2790 δὴ
822 2737 864 2778 τὸ
890 2737 1125 2789 παιζόμενον
1150 2735 1193 2776 ἐκ
1211 2742 1282 2775 τοῦ
1301 2734 1395 2787 βοὸς
1414 2733 1505 2782 τοὺς
1525 2733 1689 2785 ἱμάντας
1708 2735 1801 2784 λαμ-

269 2799 447 2851 βάνουσα
478 2797 547 2846 τὰς
577 2797 800 2851 ἀλγηδόνας
831 2796 873 2838 ἐκ
903 2802 974 2837 τοῦ
1011 2796 1201 2848 σώματος.
1261 2795 1405 2834 Adfert
1442 2793 1493 2833 ad
1529 2793 1633 2831 hunc
1670 2793 1801 2831 locum

237 2852 243 2856 ’
269 2859 442 2898 Kockius
469 2858 570 2897 GAF
595 2859 656 2897 Π]
681 2872 717 2908 p.
746 2859 829 2896 496
851 2857 1017 2896 Macarii
1047 2855 1303 2907 prouerbium
1336 2855 1374 2903 3,
1395 2854 1448 2892 69
1482 2851 1525 2892 ἐκ
1555 2858 1624 2891 τοῦ
1655 2850 1749 2903 βοὸς
1774 2848 1799 2902 ἡ

270 2918 422 2969 μάστιξ·
454 2917 575 2957 λείπει
605 2915 671 2956 καὶ
702 2917 803 2968 βοῦν
835 2914 947 2968 δέρει.
1005 2916 1119 2954 Alius
1151 2915 1306 2967 generis
1331 2914 1425 2952 sunt
1447 2912 1658 2963 prouerbia
1684 2911 1802 2961 quale

270 2979 330 3016 est
360 2978 558 3017 Martialis
583 2977 645 3016 ΠΙ
672 2977 738 3026 16,
766 2978 789 3014 3
825 2973 971 3014 ‘ebrius
998 2988 1055 3015 es:
1086 2988 1213 3025 neque
1244 2974 1347 3012 enim
1373 2972 1522 3011 faceres
1548 2972 1621 3010 hoc
1646 2969 1800 3010 sobrius
