2060 3444
678 271 762 309 XIX
787 284 822 308 u.
851 274 1050 309 see-56⁷.
1101 269 1168 307 xx
1194 283 1228 307 u.
1257 271 1337 307 568.
1687 267 1771 312 211

351 383 461 428 566.
505 386 662 426 Nonius
711 401 748 437 p.
783 387 857 436 56,
897 387 921 425 5
975 383 1128 425 ‘Infans
1178 398 1202 424 a
1242 398 1319 424 non
1364 384 1485 425 fando
1528 384 1659 424 dictus
1704 386 1774 424 est.

229 476 302 492 0..
326 450 460 488 cun'us
487 447 555 486 lib.
581 446 739 486 XVHH
767 443 844 485 “ut
872 478 879 485 .
901 478 908 485 .
931 478 938 485 .
964 442 1233 486 honestam'’.’
1302 446 1419 496 pueri
1455 445 1647 495 infantes,
1683 443 1775 483 uide

230 508 281 548 ad
312 507 379 548 lib.
399 507 473 547 XV
498 521 535 546 u.
569 507 666 546 486.
723 507 999 546 mulierculam
1036 505 1328 544 deminutiuum
1366 506 1502 555 posuit
1533 506 1628 555 quia
1662 516 1775 544 casus

232 568 417 619 obliquos
448 566 634 606 uocabuli
664 567 806 606 mulier
836 568 1008 605 mein-um
1039 578 1119 605 non
1151 565 1270 615 capit.

351 622 460 668 567.
485 627 714 666 Priscianus
741 625 814 666 GL
839 626 881 665 H
908 627 1006 675 542,
1035 627 1088 664 26
1104 625 1141 664 Κ
1168 621 1278 663 ‘Alia
1304 637 1399 663 uero
1425 625 1468 663 in
1494 626 1528 664 si
1552 624 1777 664 desinentia

229 701 352 741 supra
382 687 530 727 dictam
556 687 737 739 regulam
763 688 937 736 seruant,
963 686 1004 725 id
1032 687 1092 725 est
1116 685 1343 738 generalem
1368 685 1410 723 in
1437 685 1470 724 si
1496 684 1776 732 desinentium,

231 749 336 789 sensi
367 760 543 797 sensum,
579 748 689 786 rausi
728 759 902 786 rausum.
965 746 1069 785 unde
1100 744 1280 784 Lucilius
1312 745 1354 783 in
1384 743 1544 783 XVIIII
1577 741 1775 784 “rausuro

325 805 539 848 orestae''.'
603 807 752 859 Agitur
790 807 838 846 de
868 805 1079 858 tragoedo,
1118 805 1186 856 qui
1225 806 1404 845 carmina
1443 804 1592 855 perdit:
1624 805 1775 856 Vergil.

229 869 352 921 eclog.
371 868 434 907 HI
462 869 515 907 26
545 865 639 907 ‘non
664 869 710 907 tu
734 868 777 906 in
802 867 948 917 triuiis,
984 866 1156 916 indocte,
1188 865 1343 906 solebas
1370 864 1556 904 stridenti
1586 866 1776 905 miserum

230 929 379 980 stipula
419 928 645 979 disperdere
687 924 894 967 carmen?
927 970 929 972 ,
967 926 1146 978 Pr0pert.
1178 926 1221 965 H
1253 927 1327 976 33,
1361 927 1385 964 9
1430 922 1535 964 ‘cum
1576 927 1616 964 te
1660 925 1778 965 iussit

229 989 375 1029 habere
405 988 582 1039 puellam
613 1000 761 1028 cornua
791 987 892 1026 Iuno
924 988 964 1026 et
994 988 1148 1038 pecoris
1180 986 1279 1026 duro
1310 985 1474 1036 perdere
1506 985 1630 1024 uerba
1663 982 1775 1024 sono'

230 1049 433 1089 Demosth.
466 1049 514 1088 de
546 1061 624 1088 cor.
654 1049 738 1087 180
776 1046 1040 1101 Κρεσφόντην
1076 1044 1103 1099 ἢ
1144 1045 1320 1100 Κρέοντα
1356 1043 1383 1098 ἢ
1421 1041 1469 1085 ὃν
1506 1043 1550 1085 ἐν
1587 1047 1776 1101 Κολλυτῷ

231 1123 324 1149 ποτε
359 1107 563 1160 Οἰνόμαον
593 1114 724 1156 κακῶς
749 1105 981 1161 ἑπέτριψας;
1006 1107 1210 1146 Plutarch.
1237 1107 1284 1146 de
1309 1107 1381 1145 uit.
1407 1105 1502 1156 pud.
1530 1107 1554 1145 6
1587 1119 1626 1156 p.
1642 1106 1725 1145 531
1742 1106 1776 1144 B

229 1165 316 1209 οἷον
346 1167 390 1209 ἕν
421 1168 628 1225 συμποσίῳ
660 1168 781 1219 φίλου
811 1166 1041 1224 κιθαρῳδὸς
1073 1164 1159 1223 ᾅδει
1189 1172 1321 1214 κακῶς
1352 1163 1378 1217 ἢ
1409 1167 1558 1206 πολλοῦ
1583 1164 1775 1222 κωμῳδὸς

229 1227 454 1281 ἐωνημένος
503 1227 691 1282 ἐπιτρίβει
744 1226 1002 1282 Μένανδρον.
1085 1226 1282 1278 Suppleas
1331 1227 1459 1278 igitur
1507 1228 1666 1276 oportet
1717 1222 1778 1265 ‘ut

229 1289 362 1329 ludius
400 1289 494 1328 olim
533 1301 700 1328 rausuro
737 1289 914 1341 tragicus
953 1288 1022 1339 qui
1060 1287 1239 1327 carmina
1276 1286 1409 1336 perdit
1446 1283 1621 1326 Oreste’:
1666 1287 1778 1326 actor

231 1351 406 1402 tragicus
431 1348 519 1387 Liu.
545 1349 678 1387 XXIV
699 1350 767 1399 24,
789 1350 826 1387 2.
883 1349 1070 1387 Rausuro
1099 1347 1230 1387 Oreste
1256 1347 1458 1387 ablatiuus
1485 1348 1546 1386 est
1571 1346 1777 1386 absolutus

229 1405 346 1464 (conf
372 1410 565 1461 Draegeri
596 1411 701 1461 synt.
732 1409 824 1448 hist.
850 1409 875 1447 l.
902 1408 990 1448 Lat.
1017 1408 1057 1447 H
1083 1407 1132 1447 ed
1162 1408 1205 1446 H
1236 1406 1262 1457 ξ
1290 1407 1376 1447 580
1414 1407 1583 1459 Reisigii
1621 1407 1777 1445 scholas

229 1470 279 1510 de
316 1470 476 1521 syntaxi
511 1470 539 1509 1.
572 1468 616 1509 L.
662 1482 765 1509 anno
813 1469 926 1508 1888
966 1468 1094 1508 editas
1131 1482 1169 1519 p.
1199 1468 1282 1507 765
1322 1461 1495 1521 adnot.):
1537 1468 1649 1507 cuius
1686 1479 1776 1506 con-

229 1530 461 1570 structionis
510 1530 585 1570 hoc
633 1530 721 1570 loco
771 1531 832 1569 est
885 1530 1160 1568 testimonium
1209 1528 1537 1578 antiquissimum
1586 1528 1776 1567 omnium.

229 1589 378 1641 Lepide
409 1590 539 1629 herois
570 1602 782 1640 personam
814 1589 864 1628 ab
895 1589 1089 1629 histrione
1121 1589 1311 1628 discernit
1341 1589 1473 1638 poeta,
1513 1600 1602 1627 cum
1633 1587 1777 1626 histrio

229 1650 299 1689 ille
331 1648 482 1689 Orestis
518 1651 654 1701 partes
691 1651 828 1702 egerit.
892 1649 970 1688 Cic.
1002 1649 1050 1688 de
1082 1661 1136 1687 or.
1163 1648 1183 1687 I
1210 1648 1295 1687 259
1337 1645 1495 1698 ‘Itaque
1533 1660 1605 1686 nos
1637 1659 1778 1686 raucos

230 1723 348 1761 saepe
397 1710 664 1750 attentissime
712 1710 844 1749 audiri
892 1709 1009 1748 uideo
1046 1739 1054 1747 .
1081 1739 1090 1748 .
1117 1739 1126 1748 .
1162 1711 1206 1748 at
1253 1708 1477 1759 Aesopum,
1527 1709 1561 1746 si
1610 1707 1776 1758 paulum

230 1771 451 1819 irrauserit,
483 1767 667 1821 explodi'.
730 1769 795 1808 Ad
830 1768 997 1808 Pacuuii
1034 1769 1287 1808 Dulorestem
1318 1767 1587 1818 Latinumque
1618 1770 1776 1819 tragoe-

230 1830 327 1870 dum
363 1831 563 1881 pertinere
599 1830 704 1869 hunc
742 1843 778 1868 u.
806 1829 936 1869 uoluit
976 1842 1055 1868 van
1085 1828 1293 1868 Heusdeus
1331 1828 1436 1867 stud.
1462 1829 1549 1867 crit.
1576 1828 1618 1866 in
1648 1827 1775 1866 Lucil.

231 1904 268 1942 p.
297 1891 381 1930 305
422 1889 616 1941 Corpetus
659 1890 711 1929 ad
747 1890 785 1928 h.
817 1904 873 1939 u.,
918 1891 988 1940 qui
1030 1890 1158 1928 secuti
1201 1891 1294 1928 sunt
1330 1888 1530 1927 Naekium
1573 1883 1726 1942 (opusc.
1759 1887 1778 1925 I

230 1965 268 2002 p.
292 1945 415 2004 105);
446 1952 604 2000 rectius,
636 1952 789 2001 opinor,
821 1950 869 1989 de
901 1948 1053 1989 Graeca
1084 1950 1222 1999 aliqua
1252 1948 1401 1988 fabella
1433 1950 1473 1987 et
1498 1948 1546 1987 de
1571 1947 1777 1998 Euripidis

233 2009 373 2050 Oreste
416 2011 612 2063 cogitauit
654 2009 933 2050 Lachmannus
978 2022 1041 2061 ap.
1073 2009 1318 2048 Meinekium
1354 2007 1472 2047 FOG
1503 2008 1540 2046 V
1580 2011 1599 2046 1
1641 2021 1680 2058 p.
1710 2008 1778 2057 53,

231 2072 302 2122 qui
333 2070 542 2110 Strattidis
573 2072 826 2122 comparauit
855 2083 993 2109 uersus
1019 2064 1154 2124 (GAF
1180 2069 1200 2107 Ι
1231 2082 1269 2119 p.
1292 2071 1374 2108 711
1391 2063 1467 2123 K):
1499 2067 1565 2108 καὶ
1595 2073 1674 2107 τῶν
1706 2065 1778 2119 μὲν

230 2128 360 2170 ἄλλων
404 2129 478 2170 οὐκ
521 2128 682 2183 ἐμέλησέ
726 2145 792 2183 μοι
837 2132 981 2182 μελῶν·
1027 2128 1254 2183 Εὐριπίδου
1292 2126 1335 2168 δὲ
1373 2128 1505 2181 δρᾶμα
1543 2127 1777 2176 δεξιώτατον

231 2185 419 2230 διέκναισ’
449 2186 646 2243 Ὀρέστην,
666 2185 877 2244 Ἡγέλοχον
903 2189 971 2230 τὸν
996 2189 1215 2243 Κυννάρου
1241 2188 1547 2241 μισθωσάμενος
1571 2186 1619 2227 τὰ
1643 2193 1779 2240 πρῶτα

230 2257 310 2291 τῶν
353 2248 461 2290 ἐπῶν
505 2248 640 2304 λέγειν.
700 2250 806 2290 Nam
851 2251 1030 2296 omnium
1072 2249 1301 2288 fabularum
1341 2251 1382 2288 et
1430 2249 1504 2288 illa
1547 2248 1696 2287 Lucilii
1739 2250 1780 2286 et

231 2311 340 2350 omni
384 2312 515 2350 aetate
558 2311 602 2350 in
645 2323 788 2351 scaena
831 2311 1055 2350 clarissima
1091 2311 1179 2349 erat
1216 2307 1392 2349 Orestes:
1433 2309 1540 2359 quod
1579 2310 1780 2348 testantur

231 2371 344 2410 tituli
367 2370 665 2424 Dittcnbergeri
690 2371 778 2422 syll.
803 2372 920 2410 inser.
947 2369 1014 2409 Gr.
1034 2369 1093 2409 ed.
1114 2370 1183 2408 alt.
1212 2370 1311 2419 696,
1339 2370 1406 2408 19.
1436 2370 1534 2420 700,
1564 2369 1595 2419 Ι,
1628 2368 1778 2408 scholia

233 2432 276 2469 in
308 2428 488 2470 Orestem
520 2424 582 2484 (H
606 2445 643 2482 p.
670 2432 756 2471 406
788 2431 1001 2470 SchwartZ.
1029 2443 1056 2470 s.
1084 2444 1121 2468 u.
1147 2424 1358 2482 scaenica),
1388 2441 1566 2479 papyrus
1598 2430 1779 2467 scaenica

234 2490 553 2530 Vindobonensis
603 2486 745 2546 (Ianus
782 2491 882 2530 Mus.
920 2491 1003 2530 Ser.
1038 2489 1104 2529 Gr.
1137 2490 1330 2540 supplem.
1363 2489 1470 2540 Lips.
1508 2489 1620 2527 1899
1654 2503 1691 2539 p.
1720 2483 1779 2542 6),

234 2550 400 2601 Dionys.
427 2550 556 2591 Halic.
583 2551 631 2590 de
662 2564 834 2602 compos.
861 2550 968 2590 uerb.
995 2563 1080 2601 cap.
1111 2552 1162 2588 11
1198 2550 1290 2588 alia.

946 2866 1069 2921 XX.

357 2966 469 3012 568.
500 2969 728 3010 Priscianus
754 2969 822 3009 GL
847 2970 887 3009 H
914 2984 951 3021 p.
979 2971 1078 3020 485,
1107 2970 1211 3009 19Κ
1242 2966 1420 3022 ‘Tergeo,
1451 2970 1560 3008 tersi.
1595 3001 1603 3009 .
1630 3001 1638 3008 .
1667 3001 1674 3008 .
1701 2967 1779 3008 Lu-

238 3032 355 3070 cilius
399 3031 440 3070 in
484 3030 554 3069 XX
600 3028 831 3086 “purpureo
875 3032 991 3070 tersit
1040 3032 1135 3069 tunc
1184 3030 1288 3069 latas
1335 3042 1511 3081 gausape
1560 3025 1778 3068 mensas”.’

1425 3096 1492 3130 14*
