2060 3444
297 243 384 285 290
864 241 981 276 XXIX
1006 253 1042 277 u.
1069 244 1268 284 sae-444.

296 368 466 394 narrare.
528 354 634 392 Num
665 354 737 392 hoc
768 353 870 392 libro
903 353 950 392 de
982 353 1117 392 eadem
1150 353 1323 392 eiusdem
1364 352 1502 392 domus
1534 354 1824 404 expugnatione

294 416 438 453 iterum
469 416 576 465 agat,
606 427 684 453 non
717 416 900 465 apparet:
934 412 1074 452 Granii
1104 426 1241 452 cenam
1271 412 1332 452 bis
1363 413 1554 452 narrauit.

415 468 523 513 840.
550 474 703 512 Nonius
723 487 759 523 p.
777 474 874 521 245,
890 474 944 511 10
966 470 1149 523 ‘Anceps,
1169 473 1322 524 duplex.
1354 472 1531 511 Lucilius
1550 471 1617 511 lib.
1632 472 1824 513 XXVHH

296 531 441 572 “nemo
470 564 476 571 .
500 565 505 571 .
529 565 535 571 .
563 529 801 572 cardines''.'
853 531 1080 582 Respondet
1105 532 1360 571 domnaedius
1390 545 1410 571 e
1434 531 1627 571 fenestris.
1677 531 1823 571 Parum

293 593 490 632 intellexit
532 592 726 631 tumidam
770 592 909 631 militis
947 592 1190 633 orationem:
1228 604 1350 642 quare
1389 604 1461 642 pro
1506 588 1682 640 ‘ancipiti
1718 592 1823 631 ferro

294 653 478 703 effringat
527 649 719 691 cardines’
770 651 982 702 respondet
1033 652 1199 691 ridicule
1244 649 1446 700 ‘ancipites
1488 651 1592 690 ferro
1638 650 1824 702 effringat

294 709 498 751 cardines'.
533 734 588 739 ———
621 713 782 760 ancipiti
813 711 971 762 scripsit
998 711 1200 750 Bentlei-us
1225 713 1364 750 contra
1387 710 1510 749 Nonii
1533 711 1822 750 testimonium:

246 784 249 787 ⁴
294 772 340 813 de
373 771 597 811 cardinibus
630 771 720 809 uide
753 771 804 809 ad
835 770 902 810 lib.
922 771 1095 809 XXVIII
1119 784 1156 809 u.
1181 771 1275 809 773.
1786 815 1790 818 q

413 825 524 872 841.
548 831 700 870 Nonius
727 844 763 881 p.
787 831 883 880 288,
904 832 960 869 30
988 827 1165 870 ‘Deicere
1191 830 1337 870 dicitur
1360 830 1530 869 mittere.
1559 861 1565 867 .
1588 861 1594 868 .
1618 861 1624 868 .
1645 829 1821 869 Lucilius

266 889 269 891 ’
293 892 359 930 lib.
382 891 562 930 XXVII
591 887 693 929 “has
726 893 760 928 (i
787 891 979 938 fenestras
1010 884 1207 943 (fenestris
1237 890 1443 936 Leidensis
1481 888 1652 929 secunda
1682 884 1822 943 manu)

291 952 333 989 in
365 953 485 1000 caput
516 951 682 989 deiciunt
713 944 896 1002 (deiciam
921 950 992 988 alii
1016 950 1112 989 codd
1138 953 1171 987 et
1196 947 1302 1000 editt)
1332 950 1401 1000 qui
1426 961 1548 1000 prope
1574 948 1625 987 ad
1649 947 1822 988 hostium

293 1006 615 1061 aspirauerint'’.'
680 1009 822 1049 Adfert
856 1009 1010 1048 Nonius
1048 1011 1087 1048 et
1124 1011 1215 1048 ante
1258 1009 1331 1048 hoc
1364 1009 1632 1060 fragmentum
1663 1010 1703 1047 et
1732 1010 1824 1059 post

291 1070 364 1109 hoc
408 1070 674 1120 fragmentum
710 1081 846 1108 uersus
884 1082 903 1107 e
940 1069 1042 1107 libro
1082 1068 1275 1107 XXVIIII
1313 1063 1416 1122 (897
1457 1070 1497 1107 et
1535 1063 1658 1122 825):
1703 1080 1823 1119 quare

291 1131 394 1168 recte
433 1131 598 1180 egerunt
635 1129 702 1178 qui
739 1128 840 1167 libro
878 1128 1003 1167 eidem
1042 1128 1321 1167 attribuerunt.
1368 1149 1415 1154 —
1457 1128 1546 1174 has,
1585 1127 1696 1166 aulas
1734 1139 1820 1167 cum

275 1190 459 1234 ,stercore
498 1189 563 1227 uel
600 1188 764 1227 similia:
806 1189 900 1227 conf
927 1187 1222 1239 Dittenbergeri
1255 1186 1404 1239 Syllog.
1430 1187 1552 1226 Inscr.
1579 1185 1642 1226 Gr.
1670 1186 1761 1226 edit.
1781 1187 1823 1226 II

293 1249 390 1297 356,
419 1249 470 1286 17
499 1248 566 1286 ubi
593 1247 733 1286 similis
760 1247 914 1286 aedium
942 1247 1114 1286 obsessio
1140 1247 1376 1286 describitur
1405 1245 1495 1294 τοὺς
1527 1243 1569 1286 δὲ
1601 1251 1670 1298 τῆς
1695 1245 1823 1294 οἰκίας

291 1306 479 1354 δεσπότας
611 1305 912 1360 προστεταχότας
950 1305 1009 1346 ἒνὶ
1046 1312 1123 1346 τῶν
1161 1306 1320 1346 οἰκετῶν
1447 1304 1620 1357 ἀνεῖρξαι
1657 1303 1821 1355 ἀνασκε-

292 1366 464 1406 δάσαντα
496 1365 539 1405 τὰ
570 1364 713 1419 κόπρια
745 1364 886 1405 αὐτῶν.
948 1364 1016 1405 τὸν
1048 1363 1090 1405 δὲ
1122 1364 1276 1418 οἰκέτην
1309 1364 1382 1405 σὺν
1413 1367 1496 1413 τοῖς
1525 1363 1822 1417 καταχεομένοις

367 1424 527 1476 ἀφεῖναι
551 1424 623 1477 τὴν
648 1425 819 1478 γάστραν
846 1421 929 1465 ὥστ’
958 1423 1170 1477 Εὔβουλον
1190 1424 1417 1464 ὑποπεσεῖν·
1445 1420 1667 1478 (Demosth.
1686 1424 1778 1464 LIV
1793 1426 1818 1464 4

290 1486 366 1524 Dio
410 1485 518 1524 Prus.
546 1485 586 1523 II
617 1499 654 1535 p.
678 1486 751 1535 27,
780 1487 803 1523 9
830 1480 957 1538 Aru).
998 1507 1051 1511 —
1096 1497 1114 1523 e
1155 1486 1335 1533 fenestris
1376 1487 1482 1524 recte
1526 1484 1820 1527 Lachmannus:

289 1545 455 1595 pluralis
481 1544 587 1595 apud
613 1543 781 1584 Graecos
808 1545 980 1584 usitatus
1006 1544 1133 1583 ueluti
1158 1544 1374 1583 Praxillam
1393 1542 1508 1582 PLG
1534 1543 1596 1582 III
1615 1557 1653 1594 p.
1677 1545 1772 1594 567,
1794 1546 1818 1582 5

289 1599 319 1643 ὦ
363 1603 427 1643 διὰ
471 1610 548 1643 τῶν
592 1604 773 1657 θυρίδων
815 1602 934 1644 καλὸν
978 1601 1212 1656 ἕμβλέποισα
1255 1601 1429 1656 παρθένε
1489 1602 1593 1642 Plut.
1618 1603 1735 1643 Dion.
1763 1604 1816 1642 57

289 1661 411 1716 ὀρέγει
439 1695 474 1702 ..
499 1696 504 1701 .
533 1661 597 1702 διὰ
634 1669 703 1716 τῆς
741 1663 910 1716 θυρίδος
946 1661 1195 1716 ἐγχειρίδιον,
1235 1663 1304 1702 ubi
1334 1663 1432 1714 Nep.
1459 1663 1575 1703 Dion.
1605 1664 1648 1713 9,
1676 1663 1700 1701 6
1735 1659 1821 1714 ‘per

288 1724 479 1762 fenestras
511 1722 689 1775 gladium
722 1719 858 1762 dedit'.
892 1745 947 1750 —
979 1723 1164 1763 Fortasse
1198 1723 1366 1762 deiciant
1395 1722 1656 1772 scribendum,
1688 1724 1820 1775 agitur

287 1783 334 1821 de
366 1784 502 1822 seruis.
546 1805 599 1809 —
642 1783 708 1831 qui
730 1795 856 1832 prope
887 1784 939 1822 ad
969 1784 1111 1822 ostium
1142 1778 1426 1835 aspirauerint]
1458 1782 1672 1821 relatiuum
1698 1795 1819 1821 enun-

286 1844 431 1882 tiatum
468 1842 588 1882 habet
625 1843 860 1882 sententiam
901 1842 1229 1892 condicionalem,
1265 1844 1312 1881 ut
1350 1841 1480 1882 Plaut.
1506 1838 1707 1893 Amphitr.
1733 1842 1816 1881 652

289 1899 436 1941 ‘omnia
468 1902 614 1941 adsunt
643 1902 746 1941 bona
778 1915 893 1953 quem
926 1904 1065 1952 penest
1095 1899 1239 1940 uirtus'
1267 1902 1360 1941 conf
1381 1901 1572 1953 Draegeri
1597 1903 1700 1952 synt.
1726 1901 1817 1941 hist.

286 1962 310 2000 l.
330 1962 418 2000 Lat.
444 1962 486 2000 Π
516 1962 564 2000 ed
588 1961 630 2000 II
653 1974 692 2011 p.
721 1962 805 2001 540
832 1960 857 2011 ἓ
884 1962 981 2001 493.

405 2015 516 2061 843.
559 2021 712 2060 Nonius
749 2035 787 2072 p.
816 2022 919 2070 272,
954 2023 1004 2059 11
1054 2018 1258 2070 ‘Caedere,
1302 2022 1493 2073 frangere.
1539 2051 1547 2059 .
1640 2019 1816 2060 Lucilius

283 2079 352 2119 lib.
373 2080 566 2119 XXVIIII
599 2077 749 2120 “caede
779 2081 953 2120 hostium
982 2084 1094 2130 yrato
1127 2082 1382 2133 urgereislam
1406 2076 1643 2129 pcrimus''.’
1706 2079 1817 2120 Idem

285 2153 322 2189 p.
345 2142 442 2190 417,
470 2142 523 2179 32
559 2137 762 2191 ‘Urguere,
793 2142 985 2179 insistere.
1047 2140 1225 2180 Lucilius
1257 2140 1325 2179 lib.
1347 2140 1555 2180 XXVIII
1583 2136 1733 2179 “caede

277 2196 515 2247 perimus''.’
566 2212 688 2249 uryue
712 2202 880 2250 utroque
906 2201 991 2242 loco
1011 2199 1215 2239 Leidensis
1235 2213 1284 2241 m.
1309 2202 1344 2238 1.
1396 2199 1588 2239 Gnatonis
1606 2211 1815 2250 personam

285 2260 396 2298 cuius
422 2260 580 2298 nomine
605 2272 763 2298 seruum
789 2272 903 2309 suum
928 2259 1088 2298 uidetur
1103 2259 1340 2310 appellasse,
1363 2272 1411 2298 ex
1429 2259 1605 2298 Terentii
1624 2258 1815 2299 Eunucho

285 2320 455 2368 sumpsit
478 2320 607 2368 poeta.
634 2341 691 2345 --
717 2322 864 2358 restant
886 2321 991 2358 recte
1016 2321 1201 2358 resistunt
1226 2319 1398 2370 explicat
1415 2318 1550 2358 Dousa
1575 2319 1645 2369 qui
1664 2318 1816 2358 confert

285 2377 461 2428 Propert.
492 2378 555 2416 III
587 2379 631 2427 8,
664 2380 716 2426 31
759 2375 868 2417 ‘dum
911 2379 1079 2418 uincunt
1120 2378 1269 2428 Danai,
1319 2378 1414 2426 dum
1455 2379 1582 2417 restat
1622 2378 1814 2422 barbarus

266 2434 444 2485 ⁴Hector'
497 2436 612 2476 Ouid.
645 2439 735 2477 fast.
766 2439 807 2477 II
841 2439 923 2477 749
974 2435 1235 2487 ‘melioribus‚
1282 2437 1432 2486 Ardea,
1480 2433 1634 2477 restas'.
1704 2436 1814 2478 Adde

284 2497 439 2540 Terent.
476 2497 620 2536 Heaut.
647 2499 766 2548 ,1009
815 2495 871 2537 ‘in
920 2511 1000 2548 qua
1047 2511 1090 2537 re
1133 2511 1237 2537 nunc
1279 2499 1364 2536 tam
1407 2496 1647 2536 confidenter
1687 2498 1813 2536 restas

284 2553 434 2596 stulta'.
467 2579 520 2584 —
559 2554 734 2596 ‘caedere
765 2559 926 2596 ianuam
964 2554 1083 2596 saxis’
1124 2556 1202 2596 Cic.
1227 2558 1270 2595 in
1294 2556 1406 2595 Verr.
1433 2558 1508 2596 act.
1533 2556 1575 2602 II
1606 2555 1672 2594 lib.
1698 2556 1719 2595 I
1745 2557 1813 2605 27,

285 2617 351 2654 69.
384 2638 442 2643 -
465 2618 644 2664 perimus
685 2616 842 2655 librarii
885 2617 1014 2656 solent
1056 2617 1224 2668 scribere
1266 2628 1339 2666 pro
1374 2617 1588 2664 periimus:
1629 2615 1722 2654 uide
1763 2615 1813 2654 ad

264 2675 350 2713 lib.
370 2675 522 2714 XXVII
546 2689 582 2713 u.
607 2677 690 2715 710
716 2676 752 2725 V
774 2677 868 2715 184.
943 2677 991 2715 In
1040 2678 1148 2715 exitu
1196 2688 1332 2715 uersus
1374 2675 1550 2726 positum
1594 2676 1634 2713 et
1676 2674 1813 2713 eodem

214 2745 219 2749 ’
282 2735 398 2773 modo
430 2735 621 2785 scriptum
654 2737 714 2774 est
743 2736 785 2773 in
816 2735 916 2774 codd
946 2735 1076 2774 Plaut.
1102 2736 1218 2774 Most.
1246 2735 1342 2774 364.

403 2788 512 2834 844.
536 2794 692 2842 Nonius
718 2809 753 2845 p.
770 2796 867 2844 358,
888 2796 943 2833 24
972 2792 1192 2834 ‘Offendere
1218 2796 1278 2833 est
1301 2795 1515 2844 percutere.
1549 2824 1556 2831 .
1579 2824 1586 2831 .
1608 2824 1616 2831 .
1635 2792 1811 2832 Lucilius

282 2853 349 2891 lib.
369 2853 561 2902 XXVIIII
582 2851 702 2901 “crus
729 2885 736 2892 .
758 2885 765 2892 .
788 2885 795 2892 .
822 2851 1089 2893 offenderit”.’
1144 2854 1221 2892 Pro
1239 2853 1338 2893 nihil
1356 2855 1428 2892 est:
1445 2853 1556 2891 miles
1574 2852 1811 2891 Ribbeckius

282 2912 380 2950 Mus.
406 2912 529 2950 Rhen.
561 2913 689 2951 XXIX
737 2915 849 2952 1874
887 2927 924 2963 p.
955 2915 1055 2952 125:
1099 2916 1141 2952 at
1183 2914 1332 2953 locutio
1375 2913 1575 2952 sollemnis
1617 2910 1715 2950 nihil
1758 2914 1812 2950 est

284 2984 361 3019 qua
398 2971 444 3008 de
483 2971 577 3010 conf
610 2973 846 3022 interpretes
885 2973 935 3011 ad
972 2973 1100 3011 Plaut.
1134 2972 1245 3023 Capt.
1280 2973 1364 3010 344
1403 2972 1562 3021 Terent..
1590 2970 1690 3009 Eun.
1725 2971 1807 3009 638
