<?xml version="1.0" encoding="UTF-8"?>
<!DOCTYPE html PUBLIC "-//W3C//DTD XHTML 1.0 Transitional//EN"
    "http://www.w3.org/TR/xhtml1/DTD/xhtml1-transitional.dtd">
<html xmlns="http://www.w3.org/1999/xhtml" xml:lang="en" lang="en">
 <head>
  <title>
</title>
<meta http-equiv="Content-Type" content="text/html;charset=utf-8" />
  <meta name='ocr-system' content='tesseract 3.04.00' />
  <meta name='ocr-capabilities' content='ocr_page ocr_carea ocr_par ocr_line ocrx_word'/>
</head>
<body>
  <div class='ocr_page' id='page_1' title='image "./carminumreliquia02luciuoft_0141.png"; bbox 0 0 2060 3444; ppageno 0'>
   <div class='ocr_carea' id='block_1_1' title="bbox 789 262 1761 307">
    <p class='ocr_par' dir='ltr' id='par_1_1' title="bbox 789 262 1761 307">
     <span class='ocr_line' id='line_1_1' title="bbox 789 262 1761 307; baseline 0.005 -5"><span class='ocrx_word' id='word_1_1' title='bbox 789 262 857 302; x_wconf 84' lang='lat' dir='ltr'>v11</span> <span class='ocrx_word' id='word_1_2' title='bbox 881 277 917 303; x_wconf 84' lang='lat' dir='ltr'>u.</span> <span class='ocrx_word' id='word_1_3' title='bbox 945 267 1146 303; x_wconf 70' lang='lat' dir='ltr'>ess-291.</span> <span class='ocrx_word' id='word_1_4' title='bbox 1677 262 1761 307; x_wconf 90' lang='lat'>109</span> 
     </span>
    </p>
   </div>
   <div class='ocr_carea' id='block_1_2' title="bbox 183 379 1762 3079">
    <p class='ocr_par' dir='ltr' id='par_1_2' title="bbox 211 379 1762 1158">
     <span class='ocr_line' id='line_1_2' title="bbox 212 379 1761 435; baseline -0.003 -12"><span class='ocrx_word' id='word_1_5' title='bbox 212 382 462 435; x_wconf 83' lang='lat' dir='ltr'>intellegitur</span> <span class='ocrx_word' id='word_1_6' title='bbox 493 379 540 421; x_wconf 88' lang='lat' dir='ltr'>de</span> <span class='ocrx_word' id='word_1_7' title='bbox 565 381 795 422; x_wconf 86' lang='lat' dir='ltr'>hominibus</span> <span class='ocrx_word' id='word_1_8' title='bbox 821 382 1011 433; x_wconf 89' lang='lat' dir='ltr'>temporis</span> <span class='ocrx_word' id='word_1_9' title='bbox 1039 382 1120 420; x_wconf 88' lang='lat' dir='ltr'>acti</span> <span class='ocrx_word' id='word_1_10' title='bbox 1143 379 1218 420; x_wconf 90' lang='lat' dir='ltr'>hoc</span> <span class='ocrx_word' id='word_1_11' title='bbox 1243 392 1364 419; x_wconf 89' lang='lat' dir='ltr'>uersu</span> <span class='ocrx_word' id='word_1_12' title='bbox 1394 380 1561 420; x_wconf 87' lang='lat' dir='ltr'>narrari.</span> <span class='ocrx_word' id='word_1_13' title='bbox 1617 380 1761 432; x_wconf 88' lang='lat' dir='ltr'>Itaque</span> 
     </span>
     <span class='ocr_line' id='line_1_3' title="bbox 213 440 1762 493; baseline -0.001 -10"><span class='ocrx_word' id='word_1_14' title='bbox 213 443 263 484; x_wconf 88' lang='lat' dir='ltr'>de</span> <span class='ocrx_word' id='word_1_15' title='bbox 293 443 498 483; x_wconf 84' lang='lat' dir='ltr'>Lusitanis</span> <span class='ocrx_word' id='word_1_16' title='bbox 537 455 637 493; x_wconf 91' lang='lat' dir='ltr'>quos</span> <span class='ocrx_word' id='word_1_17' title='bbox 674 442 780 482; x_wconf 90' lang='lat' dir='ltr'>bello</span> <span class='ocrx_word' id='word_1_18' title='bbox 811 442 1061 481; x_wconf 88' lang='lat' dir='ltr'>Numantino</span> <span class='ocrx_word' id='word_1_19' title='bbox 1099 441 1303 480; x_wconf 88' lang='lat' dir='ltr'>deleuerat</span> <span class='ocrx_word' id='word_1_20' title='bbox 1343 440 1478 492; x_wconf 78' lang='lat' dir='ltr'>Scipio</span> <span class='ocrx_word' id='word_1_21' title='bbox 1510 441 1762 481; x_wconf 81' lang='lat' dir='ltr'><strong>Aemilianus</strong></span> 
     </span>
     <span class='ocr_line' id='line_1_4' title="bbox 213 501 1762 554; baseline -0.002 -11"><span class='ocrx_word' id='word_1_22' title='bbox 213 504 286 544; x_wconf 90' lang='lat' dir='ltr'>hos</span> <span class='ocrx_word' id='word_1_23' title='bbox 316 516 457 544; x_wconf 89' lang='lat' dir='ltr'>uersus</span> <span class='ocrx_word' id='word_1_24' title='bbox 489 504 711 554; x_wconf 80' lang='lat' dir='ltr'>acceperim</span> <span class='ocrx_word' id='word_1_25' title='bbox 742 502 790 542; x_wconf 90' lang='lat' dir='ltr'>de</span> <span class='ocrx_word' id='word_1_26' title='bbox 823 502 968 553; x_wconf 87' lang='lat' dir='ltr'>quibus</span> <span class='ocrx_word' id='word_1_27' title='bbox 994 501 1166 552; x_wconf 91' lang='lat' dir='ltr'>Appian.</span> <span class='ocrx_word' id='word_1_28' title='bbox 1194 501 1294 540; x_wconf 92' lang='lat' dir='ltr'>Iber.</span> <span class='ocrx_word' id='word_1_29' title='bbox 1322 513 1407 552; x_wconf 87' lang='lat' dir='ltr'>cap.</span> <span class='ocrx_word' id='word_1_30' title='bbox 1431 502 1484 540; x_wconf 85' lang='lat'>67</span> <span class='ocrx_word' id='word_1_31' title='bbox 1512 501 1611 541; x_wconf 86' lang='lat' dir='ltr'>haec</span> <span class='ocrx_word' id='word_1_32' title='bbox 1635 502 1762 541; x_wconf 79' lang='lat' dir='ltr'>tradit</span> 
     </span>
     <span class='ocr_line' id='line_1_5' title="bbox 211 559 1762 617; baseline -0.001 -13"><span class='ocrx_word' id='word_1_33' title='bbox 211 562 280 605; x_wconf 70' lang='grc' dir='ltr'><strong><em>καὶ</em></strong></span> <span class='ocrx_word' id='word_1_34' title='bbox 304 563 373 604; x_wconf 87' lang='grc' dir='ltr'>τὸν</span> <span class='ocrx_word' id='word_1_35' title='bbox 396 561 644 617; x_wconf 81' lang='grc' dir='ltr'><strong><em>Οὐιρίατθον</em></strong></span> <span class='ocrx_word' id='word_1_36' title='bbox 668 561 940 615; x_wconf 76' lang='grc' dir='ltr'><strong><em>ἑξακισχιλίοις</em></strong></span> <span class='ocrx_word' id='word_1_37' title='bbox 962 560 1155 615; x_wconf 80' lang='grc' dir='ltr'><strong><em>ἀνδράσιν</em></strong></span> <span class='ocrx_word' id='word_1_38' title='bbox 1174 559 1335 601; x_wconf 78' lang='grc' dir='ltr'><strong><em>ἐπιόντα</em></strong></span> <span class='ocrx_word' id='word_1_39' title='bbox 1355 561 1397 601; x_wconf 82' lang='grc' dir='ltr'>οῖ</span> <span class='ocrx_word' id='word_1_40' title='bbox 1415 561 1508 613; x_wconf 80' lang='grc' dir='ltr'><strong><em>μετά</em></strong></span> <span class='ocrx_word' id='word_1_41' title='bbox 1527 576 1567 601; x_wconf 86' lang='grc' dir='ltr'>τε</span> <span class='ocrx_word' id='word_1_42' title='bbox 1584 568 1762 616; x_wconf 75' lang='grc' dir='ltr'><strong><em>κραυγῆς</em></strong></span> 
     </span>
     <span class='ocr_line' id='line_1_6' title="bbox 211 619 1761 677; baseline -0.002 -13"><span class='ocrx_word' id='word_1_43' title='bbox 211 622 280 664; x_wconf 84' lang='grc' dir='ltr'><strong><em>και</em></strong></span> <span class='ocrx_word' id='word_1_44' title='bbox 309 623 494 677; x_wconf 80' lang='grc' dir='ltr'><em>θορύβου</em></span> <span class='ocrx_word' id='word_1_45' title='bbox 522 623 768 677; x_wconf 80' lang='grc' dir='ltr'><strong><em>βαρβαρικοῦ</em></strong></span> <span class='ocrx_word' id='word_1_46' title='bbox 794 621 860 662; x_wconf 78' lang='grc' dir='ltr'><strong><em>καὶ</em></strong></span> <span class='ocrx_word' id='word_1_47' title='bbox 885 621 1012 674; x_wconf 82' lang='grc' dir='ltr'><strong><em>κόμης</em></strong></span> <span class='ocrx_word' id='word_1_48' title='bbox 1037 627 1189 675; x_wconf 85' lang='grc' dir='ltr'><strong><em>μακρᾶς</em></strong></span> <span class='ocrx_word' id='word_1_49' title='bbox 1212 619 1265 673; x_wconf 75' lang='grc' dir='ltr'>ἣν</span> <span class='ocrx_word' id='word_1_50' title='bbox 1291 619 1334 660; x_wconf 83' lang='grc' dir='ltr'>έν</span> <span class='ocrx_word' id='word_1_51' title='bbox 1359 624 1442 669; x_wconf 85' lang='grc' dir='ltr'><strong><em>τοῖς</em></strong></span> <span class='ocrx_word' id='word_1_52' title='bbox 1466 620 1652 674; x_wconf 80' lang='grc' dir='ltr'><strong><em>πολέμοις</em></strong></span> <span class='ocrx_word' id='word_1_53' title='bbox 1677 621 1761 661; x_wconf 79' lang='grc' dir='ltr'><strong><em>ἐπι-</em></strong></span> 
     </span>
     <span class='ocr_line' id='line_1_7' title="bbox 213 680 1762 737; baseline -0.002 -13"><span class='ocrx_word' id='word_1_54' title='bbox 213 684 363 724; x_wconf 87' lang='grc' dir='ltr'><strong><em>σείουσι</em></strong></span> <span class='ocrx_word' id='word_1_55' title='bbox 375 686 458 732; x_wconf 87' lang='grc' dir='ltr'>τοῖς</span> <span class='ocrx_word' id='word_1_56' title='bbox 471 682 644 737; x_wconf 80' lang='grc' dir='ltr'><strong><em>ἐχθροῖς,</em></strong></span> <span class='ocrx_word' id='word_1_57' title='bbox 658 680 777 723; x_wconf 82' lang='grc' dir='ltr'><strong><em>οὐδὲν</em></strong></span> <span class='ocrx_word' id='word_1_58' title='bbox 791 681 1021 734; x_wconf 80' lang='grc' dir='ltr'><strong><em>ὑποπτήξας</em></strong></span> <span class='ocrx_word' id='word_1_59' title='bbox 1034 680 1183 734; x_wconf 81' lang='grc' dir='ltr'><strong><em>ὑπέστη</em></strong></span> <span class='ocrx_word' id='word_1_60' title='bbox 1197 695 1235 721; x_wconf 85' lang='grc' dir='ltr'>τε</span> <span class='ocrx_word' id='word_1_61' title='bbox 1247 681 1440 735; x_wconf 78' lang='grc' dir='ltr'><strong><em>γενναίως</em></strong></span> <span class='ocrx_word' id='word_1_62' title='bbox 1453 685 1532 722; x_wconf 83' lang='grc' dir='ltr'><strong>κτλ.</strong></span> <span class='ocrx_word' id='word_1_63' title='bbox 1548 704 1604 709; x_wconf 92' lang='grc'>-</span> <span class='ocrx_word' id='word_1_64' title='bbox 1618 683 1762 722; x_wconf 88' lang='grc'><strong>1301311</strong></span> 
     </span>
     <span class='ocr_line' id='line_1_8' title="bbox 213 738 1761 796; baseline -0.001 -12"><span class='ocrx_word' id='word_1_65' title='bbox 213 747 336 796; x_wconf 88' lang='lat' dir='ltr'>caput</span> <span class='ocrx_word' id='word_1_66' title='bbox 367 746 488 795; x_wconf 88' lang='lat' dir='ltr'>atque</span> <span class='ocrx_word' id='word_1_67' title='bbox 526 756 659 783; x_wconf 89' lang='lat' dir='ltr'>comas</span> <span class='ocrx_word' id='word_1_68' title='bbox 691 756 723 782; x_wconf 92' lang='lat' dir='ltr'>e.</span> <span class='ocrx_word' id='word_1_69' title='bbox 744 757 781 794; x_wconf 91' lang='lat' dir='ltr'>q.</span> <span class='ocrx_word' id='word_1_70' title='bbox 802 755 850 794; x_wconf 89' lang='lat' dir='ltr'>s.‚</span> <span class='ocrx_word' id='word_1_71' title='bbox 888 742 1049 782; x_wconf 87' lang='grc' dir='ltr'><strong><em>σείουσα</em></strong></span> <span class='ocrx_word' id='word_1_72' title='bbox 1085 741 1224 795; x_wconf 79' lang='grc' dir='ltr'><strong><em>χαίτην</em></strong></span> <span class='ocrx_word' id='word_1_73' title='bbox 1255 741 1378 794; x_wconf 82' lang='grc' dir='ltr'><strong><em>κρᾶτά</em></strong></span> <span class='ocrx_word' id='word_1_74' title='bbox 1409 738 1437 781; x_wconf 90' lang='grc' dir='ltr'>τ’</span> <span class='ocrx_word' id='word_1_75' title='bbox 1465 738 1589 782; x_wconf 76' lang='grc' dir='ltr'><strong><em>ἄλλοτ’</em></strong></span> <span class='ocrx_word' id='word_1_76' title='bbox 1623 741 1761 783; x_wconf 74' lang='grc' dir='ltr'><strong><em>ἄλλοσε</em></strong></span> 
     </span>
     <span class='ocr_line' id='line_1_9' title="bbox 212 797 1700 858; baseline -0.002 -14"><span class='ocrx_word' id='word_1_77' title='bbox 212 804 486 856; x_wconf 80' lang='grc' dir='ltr'><strong>Ε111111.Μο(1.</strong></span> <span class='ocrx_word' id='word_1_78' title='bbox 523 806 648 845; x_wconf 90' lang='grc'><strong>1191.</strong></span> <span class='ocrx_word' id='word_1_79' title='bbox 691 825 741 831; x_wconf 92' lang='grc'>--</span> <span class='ocrx_word' id='word_1_80' title='bbox 782 799 906 856; x_wconf 89' lang='lat' dir='ltr'>altas]</span> <span class='ocrx_word' id='word_1_81' title='bbox 950 803 1046 842; x_wconf 85' lang='lat' dir='ltr'>conf</span> <span class='ocrx_word' id='word_1_82' title='bbox 1078 802 1182 841; x_wconf 89' lang='lat' dir='ltr'>Plin.</span> <span class='ocrx_word' id='word_1_83' title='bbox 1213 802 1347 841; x_wconf 92' lang='lat' dir='ltr'>XXIV</span> <span class='ocrx_word' id='word_1_84' title='bbox 1382 803 1466 841; x_wconf 90' lang='lat'>140</span> <span class='ocrx_word' id='word_1_85' title='bbox 1507 797 1700 858; x_wconf 79' lang='lat' dir='ltr'>‘(folia).</span> 
     </span>
     <span class='ocr_line' id='line_1_10' title="bbox 212 860 1761 917; baseline 0 -14"><span class='ocrx_word' id='word_1_86' title='bbox 212 865 435 904; x_wconf 85' lang='lat' dir='ltr'>infantibus</span> <span class='ocrx_word' id='word_1_87' title='bbox 475 865 595 904; x_wconf 90' lang='lat' dir='ltr'>inlita</span> <span class='ocrx_word' id='word_1_88' title='bbox 631 864 823 915; x_wconf 80' lang='lat' dir='ltr'>capillum</span> <span class='ocrx_word' id='word_1_89' title='bbox 868 860 997 902; x_wconf 88' lang='lat' dir='ltr'>alunt&#39;</span> <span class='ocrx_word' id='word_1_90' title='bbox 1043 862 1231 913; x_wconf 88' lang='lat' dir='ltr'>Diphilus</span> <span class='ocrx_word' id='word_1_91' title='bbox 1268 862 1294 901; x_wconf 95' lang='lat' dir='ltr'>l.</span> <span class='ocrx_word' id='word_1_92' title='bbox 1321 875 1350 901; x_wconf 91' lang='lat' dir='ltr'>s.</span> <span class='ocrx_word' id='word_1_93' title='bbox 1376 875 1405 902; x_wconf 92' lang='lat' dir='ltr'>s.</span> <span class='ocrx_word' id='word_1_94' title='bbox 1437 861 1568 915; x_wconf 83' lang='grc' dir='ltr'><strong><em>κόμην</em></strong></span> <span class='ocrx_word' id='word_1_95' title='bbox 1605 862 1761 917; x_wconf 84' lang='grc' dir='ltr'><strong><em>τρέφων</em></strong></span> 
     </span>
     <span class='ocr_line' id='line_1_11' title="bbox 213 917 1761 977; baseline -0.002 -12"><span class='ocrx_word' id='word_1_96' title='bbox 213 927 354 965; x_wconf 74' lang='lat' dir='ltr'>arietes</span> <span class='ocrx_word' id='word_1_97' title='bbox 403 926 610 965; x_wconf 76' lang='lat' dir='ltr'>altilwneos</span> <span class='ocrx_word' id='word_1_98' title='bbox 659 926 720 963; x_wconf 88' lang='lat' dir='ltr'>est</span> <span class='ocrx_word' id='word_1_99' title='bbox 767 925 810 963; x_wconf 88' lang='lat' dir='ltr'>in</span> <span class='ocrx_word' id='word_1_100' title='bbox 861 925 959 963; x_wconf 88' lang='lat' dir='ltr'>actis</span> <span class='ocrx_word' id='word_1_101' title='bbox 1009 923 1181 962; x_wconf 75' lang='lat' dir='ltr'>fratrum</span> <span class='ocrx_word' id='word_1_102' title='bbox 1224 922 1438 961; x_wconf 85' lang='lat' dir='ltr'>Arualium</span> <span class='ocrx_word' id='word_1_103' title='bbox 1483 917 1761 977; x_wconf 88' lang='lat' dir='ltr'>(Wilmannsii</span> 
     </span>
     <span class='ocr_line' id='line_1_12' title="bbox 213 979 1757 1039; baseline -0.001 -14"><span class='ocrx_word' id='word_1_104' title='bbox 213 987 333 1025; x_wconf 86' lang='lat' dir='ltr'>inser.</span> <span class='ocrx_word' id='word_1_105' title='bbox 362 986 490 1036; x_wconf 84' lang='lat'>2884,</span> <span class='ocrx_word' id='word_1_106' title='bbox 517 980 575 1039; x_wconf 90' lang='grc'>6).</span> <span class='ocrx_word' id='word_1_107' title='bbox 604 1006 658 1012; x_wconf 89' lang='grc'>-</span> <span class='ocrx_word' id='word_1_108' title='bbox 686 983 885 1024; x_wconf 91' lang='lat' dir='ltr'>frontibus</span> <span class='ocrx_word' id='word_1_109' title='bbox 910 979 1115 1036; x_wconf 89' lang='lat' dir='ltr'>inmissas]</span> <span class='ocrx_word' id='word_1_110' title='bbox 1141 983 1236 1022; x_wconf 86' lang='lat' dir='ltr'>uide</span> <span class='ocrx_word' id='word_1_111' title='bbox 1268 982 1336 1022; x_wconf 91' lang='lat' dir='ltr'>lib.</span> <span class='ocrx_word' id='word_1_112' title='bbox 1356 983 1467 1022; x_wconf 91' lang='lat' dir='ltr'>XXX</span> <span class='ocrx_word' id='word_1_113' title='bbox 1491 997 1530 1022; x_wconf 94' lang='lat' dir='ltr'>u.</span> <span class='ocrx_word' id='word_1_114' title='bbox 1554 985 1680 1023; x_wconf 84' lang='lat'>1007.</span> <span class='ocrx_word' id='word_1_115' title='bbox 1704 1006 1757 1011; x_wconf 91' lang='lat'>-—</span> 
     </span>
     <span class='ocr_line' id='line_1_13' title="bbox 214 1043 1761 1097; baseline -0.001 -12"><span class='ocrx_word' id='word_1_116' title='bbox 214 1045 395 1097; x_wconf 88' lang='lat' dir='ltr'>Sumpsit</span> <span class='ocrx_word' id='word_1_117' title='bbox 430 1047 568 1096; x_wconf 88' lang='lat' dir='ltr'>itaque</span> <span class='ocrx_word' id='word_1_118' title='bbox 605 1045 783 1084; x_wconf 80' lang='lat' dir='ltr'>Lucilius</span> <span class='ocrx_word' id='word_1_119' title='bbox 820 1055 1016 1093; x_wconf 78' lang='lat' dir='ltr'>capronae</span> <span class='ocrx_word' id='word_1_120' title='bbox 1052 1043 1293 1083; x_wconf 88' lang='lat' dir='ltr'>uocabulum</span> <span class='ocrx_word' id='word_1_121' title='bbox 1331 1056 1378 1082; x_wconf 87' lang='lat' dir='ltr'>ex</span> <span class='ocrx_word' id='word_1_122' title='bbox 1409 1045 1589 1094; x_wconf 89' lang='lat' dir='ltr'>equitum</span> <span class='ocrx_word' id='word_1_123' title='bbox 1621 1045 1761 1096; x_wconf 88' lang='lat' dir='ltr'>lingua</span> 
     </span>
     <span class='ocr_line' id='line_1_14' title="bbox 213 1103 1585 1158; baseline -0.001 -13"><span class='ocrx_word' id='word_1_124' title='bbox 213 1119 333 1157; x_wconf 89' lang='lat' dir='ltr'>eques</span> <span class='ocrx_word' id='word_1_125' title='bbox 366 1107 414 1145; x_wconf 89' lang='lat' dir='ltr'>ut</span> <span class='ocrx_word' id='word_1_126' title='bbox 443 1105 572 1144; x_wconf 87' lang='lat' dir='ltr'>multa</span> <span class='ocrx_word' id='word_1_127' title='bbox 603 1106 696 1156; x_wconf 87' lang='lat' dir='ltr'>alia,</span> <span class='ocrx_word' id='word_1_128' title='bbox 727 1104 926 1158; x_wconf 85' lang='grc' dir='ltr'><strong><em>προκόμια</em></strong></span> <span class='ocrx_word' id='word_1_129' title='bbox 956 1105 1134 1155; x_wconf 88' lang='lat' dir='ltr'>Xenoph.</span> <span class='ocrx_word' id='word_1_130' title='bbox 1162 1104 1210 1143; x_wconf 88' lang='lat' dir='ltr'>de</span> <span class='ocrx_word' id='word_1_131' title='bbox 1234 1117 1278 1142; x_wconf 93' lang='lat' dir='ltr'>re</span> <span class='ocrx_word' id='word_1_132' title='bbox 1310 1117 1397 1155; x_wconf 87' lang='lat' dir='ltr'>equ.</span> <span class='ocrx_word' id='word_1_133' title='bbox 1417 1103 1453 1141; x_wconf 93' lang='lat' dir='ltr'>V</span> <span class='ocrx_word' id='word_1_134' title='bbox 1481 1105 1519 1143; x_wconf 89' lang='lat'>6.</span> <span class='ocrx_word' id='word_1_135' title='bbox 1547 1105 1585 1143; x_wconf 90' lang='grc'>8.</span> 
     </span>
    </p>

    <p class='ocr_par' dir='ltr' id='par_1_3' title="bbox 183 1161 1761 2948">
     <span class='ocr_line' id='line_1_15' title="bbox 334 1161 1758 1216; baseline -0.001 -11"><span class='ocrx_word' id='word_1_136' title='bbox 334 1161 445 1207; x_wconf 75' lang='grc'><strong>290.</strong></span> <span class='ocrx_word' id='word_1_137' title='bbox 483 1165 637 1205; x_wconf 89' lang='lat' dir='ltr'>Nonius</span> <span class='ocrx_word' id='word_1_138' title='bbox 668 1179 706 1216; x_wconf 93' lang='lat' dir='ltr'>p.</span> <span class='ocrx_word' id='word_1_139' title='bbox 729 1165 833 1215; x_wconf 87' lang='lat'>553,</span> <span class='ocrx_word' id='word_1_140' title='bbox 860 1166 884 1203; x_wconf 88' lang='lat'><strong>2</strong></span> <span class='ocrx_word' id='word_1_141' title='bbox 926 1161 1101 1204; x_wconf 81' lang='lat' dir='ltr'>‘Rorarii</span> <span class='ocrx_word' id='word_1_142' title='bbox 1139 1163 1449 1215; x_wconf 77' lang='lat' dir='ltr'>appellabantur</span> <span class='ocrx_word' id='word_1_143' title='bbox 1484 1165 1633 1205; x_wconf 83' lang='lat' dir='ltr'>milites</span> <span class='ocrx_word' id='word_1_144' title='bbox 1674 1162 1758 1216; x_wconf 90' lang='lat' dir='ltr'>qui&#39;</span> 
     </span>
     <span class='ocr_line' id='line_1_16' title="bbox 213 1221 1760 1277; baseline 0 -12"><span class='ocrx_word' id='word_1_145' title='bbox 213 1239 246 1266; x_wconf 89' lang='lat' dir='ltr'>e.</span> <span class='ocrx_word' id='word_1_146' title='bbox 266 1239 303 1277; x_wconf 92' lang='lat' dir='ltr'>q.</span> <span class='ocrx_word' id='word_1_147' title='bbox 324 1239 353 1265; x_wconf 92' lang='lat' dir='ltr'>s.</span> <span class='ocrx_word' id='word_1_148' title='bbox 396 1223 589 1266; x_wconf 76' lang='lat' dir='ltr'>‘Lucilius</span> <span class='ocrx_word' id='word_1_149' title='bbox 627 1227 854 1276; x_wconf 83' lang='lat' dir='ltr'>satyrarum</span> <span class='ocrx_word' id='word_1_150' title='bbox 890 1225 958 1264; x_wconf 88' lang='lat' dir='ltr'>lib.</span> <span class='ocrx_word' id='word_1_151' title='bbox 985 1225 1066 1263; x_wconf 93' lang='lat' dir='ltr'>VH</span> <span class='ocrx_word' id='word_1_152' title='bbox 1104 1222 1313 1276; x_wconf 81' lang='lat' dir='ltr'>“quinque</span> <span class='ocrx_word' id='word_1_153' title='bbox 1447 1221 1607 1264; x_wconf 80' lang='lat' dir='ltr'>aelis&#39;’.’</span> <span class='ocrx_word' id='word_1_154' title='bbox 1666 1225 1760 1265; x_wconf 89' lang='lat' dir='ltr'>Sen-</span> 
     </span>
     <span class='ocr_line' id='line_1_17' title="bbox 212 1285 1761 1337; baseline -0.001 -11"><span class='ocrx_word' id='word_1_155' title='bbox 212 1288 383 1326; x_wconf 79' lang='lat' dir='ltr'>tentiam</span> <span class='ocrx_word' id='word_1_156' title='bbox 425 1299 506 1325; x_wconf 92' lang='lat' dir='ltr'>non</span> <span class='ocrx_word' id='word_1_157' title='bbox 549 1298 671 1325; x_wconf 89' lang='lat' dir='ltr'>unam</span> <span class='ocrx_word' id='word_1_158' title='bbox 713 1299 793 1325; x_wconf 93' lang='lat' dir='ltr'>uno</span> <span class='ocrx_word' id='word_1_159' title='bbox 836 1298 955 1325; x_wconf 90' lang='lat' dir='ltr'>uersu</span> <span class='ocrx_word' id='word_1_160' title='bbox 999 1285 1280 1336; x_wconf 87' lang='lat' dir='ltr'>comprehendi</span> <span class='ocrx_word' id='word_1_161' title='bbox 1316 1285 1409 1324; x_wconf 89' lang='lat' dir='ltr'>inde</span> <span class='ocrx_word' id='word_1_162' title='bbox 1447 1288 1616 1336; x_wconf 87' lang='lat' dir='ltr'>apparet</span> <span class='ocrx_word' id='word_1_163' title='bbox 1652 1286 1761 1337; x_wconf 84' lang='lat' dir='ltr'>quod</span> 
     </span>
     <span class='ocr_line' id='line_1_18' title="bbox 211 1346 1759 1386; baseline -0.001 0"><span class='ocrx_word' id='word_1_164' title='bbox 211 1346 292 1386; x_wconf 83' lang='lat' dir='ltr'>duo</span> <span class='ocrx_word' id='word_1_165' title='bbox 347 1346 590 1386; x_wconf 88' lang='lat' dir='ltr'>nominatiui</span> <span class='ocrx_word' id='word_1_166' title='bbox 642 1347 778 1386; x_wconf 80' lang='lat' dir='ltr'>hastae</span> <span class='ocrx_word' id='word_1_167' title='bbox 836 1348 877 1385; x_wconf 90' lang='lat' dir='ltr'>et</span> <span class='ocrx_word' id='word_1_168' title='bbox 925 1347 1107 1385; x_wconf 74' lang='lat' dir='ltr'>rorarius</span> <span class='ocrx_word' id='word_1_169' title='bbox 1157 1346 1259 1386; x_wconf 87' lang='lat' dir='ltr'>alter</span> <span class='ocrx_word' id='word_1_170' title='bbox 1308 1346 1481 1384; x_wconf 88' lang='lat' dir='ltr'>alterum</span> <span class='ocrx_word' id='word_1_171' title='bbox 1530 1346 1759 1385; x_wconf 85' lang='lat' dir='ltr'>extrudunt.</span> 
     </span>
     <span class='ocr_line' id='line_1_19' title="bbox 211 1405 1760 1459; baseline 0.001 -14"><span class='ocrx_word' id='word_1_172' title='bbox 211 1406 360 1447; x_wconf 88' lang='lat' dir='ltr'>Versus</span> <span class='ocrx_word' id='word_1_173' title='bbox 391 1408 477 1458; x_wconf 89' lang='lat' dir='ltr'>ipse</span> <span class='ocrx_word' id='word_1_174' title='bbox 509 1408 715 1459; x_wconf 87' lang='lat' dir='ltr'>egregium</span> <span class='ocrx_word' id='word_1_175' title='bbox 746 1408 807 1446; x_wconf 90' lang='lat' dir='ltr'>est</span> <span class='ocrx_word' id='word_1_176' title='bbox 837 1407 1113 1446; x_wconf 88' lang='lat' dir='ltr'>testimonium</span> <span class='ocrx_word' id='word_1_177' title='bbox 1142 1405 1337 1445; x_wconf 88' lang='lat' dir='ltr'>donorum</span> <span class='ocrx_word' id='word_1_178' title='bbox 1362 1406 1602 1445; x_wconf 88' lang='lat' dir='ltr'>militarium</span> <span class='ocrx_word' id='word_1_179' title='bbox 1628 1409 1760 1446; x_wconf 87' lang='lat' dir='ltr'>aetate</span> 
     </span>
     <span class='ocr_line' id='line_1_20' title="bbox 213 1466 1759 1519; baseline 0 -13"><span class='ocrx_word' id='word_1_180' title='bbox 213 1466 412 1519; x_wconf 86' lang='lat' dir='ltr'>Scipionis</span> <span class='ocrx_word' id='word_1_181' title='bbox 451 1467 671 1506; x_wconf 87' lang='lat' dir='ltr'>Aemiliani</span> <span class='ocrx_word' id='word_1_182' title='bbox 708 1467 847 1518; x_wconf 86' lang='lat' dir='ltr'>qualia</span> <span class='ocrx_word' id='word_1_183' title='bbox 882 1467 1044 1505; x_wconf 83' lang='lat' dir='ltr'>fuerint.</span> <span class='ocrx_word' id='word_1_184' title='bbox 1107 1466 1269 1505; x_wconf 82' lang='lat' dir='ltr'>Etenim</span> <span class='ocrx_word' id='word_1_185' title='bbox 1309 1466 1414 1506; x_wconf 88' lang='lat' dir='ltr'>dona</span> <span class='ocrx_word' id='word_1_186' title='bbox 1453 1467 1649 1506; x_wconf 84' lang='lat' dir='ltr'>militaria</span> <span class='ocrx_word' id='word_1_187' title='bbox 1680 1469 1706 1506; x_wconf 92' lang='lat' dir='ltr'>i.</span> <span class='ocrx_word' id='word_1_188' title='bbox 1727 1481 1759 1506; x_wconf 87' lang='lat' dir='ltr'>e.</span> 
     </span>
     <span class='ocr_line' id='line_1_21' title="bbox 210 1527 1761 1579; baseline 0 -13"><span class='ocrx_word' id='word_1_189' title='bbox 210 1528 348 1568; x_wconf 89' lang='lat' dir='ltr'>hastas</span> <span class='ocrx_word' id='word_1_190' title='bbox 399 1529 573 1579; x_wconf 88' lang='lat' dir='ltr'>quinque</span> <span class='ocrx_word' id='word_1_191' title='bbox 623 1540 746 1579; x_wconf 86' lang='lat' dir='ltr'>puras</span> <span class='ocrx_word' id='word_1_192' title='bbox 796 1529 837 1566; x_wconf 93' lang='lat' dir='ltr'>et</span> <span class='ocrx_word' id='word_1_193' title='bbox 879 1539 1043 1566; x_wconf 81' lang='lat' dir='ltr'>auream</span> <span class='ocrx_word' id='word_1_194' title='bbox 1087 1539 1274 1566; x_wconf 90' lang='lat' dir='ltr'>coronam</span> <span class='ocrx_word' id='word_1_195' title='bbox 1317 1527 1392 1565; x_wconf 92' lang='lat' dir='ltr'>hoc</span> <span class='ocrx_word' id='word_1_196' title='bbox 1435 1540 1554 1566; x_wconf 91' lang='lat' dir='ltr'>uersu</span> <span class='ocrx_word' id='word_1_197' title='bbox 1598 1530 1761 1579; x_wconf 87' lang='lat' dir='ltr'>agnosci</span> 
     </span>
     <span class='ocr_line' id='line_1_22' title="bbox 211 1586 1760 1638; baseline 0 -11"><span class='ocrx_word' id='word_1_198' title='bbox 211 1588 353 1627; x_wconf 86' lang='lat' dir='ltr'>debere</span> <span class='ocrx_word' id='word_1_199' title='bbox 385 1588 682 1627; x_wconf 82' lang='lat' dir='ltr'>demonstratur</span> <span class='ocrx_word' id='word_1_200' title='bbox 712 1589 972 1638; x_wconf 84' lang='lat' dir='ltr'>inscriptione</span> <span class='ocrx_word' id='word_1_201' title='bbox 999 1586 1083 1625; x_wconf 82' lang='lat' dir='ltr'>CIL</span> <span class='ocrx_word' id='word_1_202' title='bbox 1109 1586 1172 1624; x_wconf 89' lang='grc' dir='ltr'>ΙΠ</span> <span class='ocrx_word' id='word_1_203' title='bbox 1192 1587 1279 1625; x_wconf 88' lang='grc'>454</span> <span class='ocrx_word' id='word_1_204' title='bbox 1299 1587 1428 1638; x_wconf 87' lang='lat' dir='ltr'>suppl.</span> <span class='ocrx_word' id='word_1_205' title='bbox 1458 1588 1573 1626; x_wconf 87' lang='lat'>6984</span> <span class='ocrx_word' id='word_1_206' title='bbox 1606 1587 1654 1626; x_wconf 87' lang='lat' dir='ltr'>de</span> <span class='ocrx_word' id='word_1_207' title='bbox 1681 1601 1760 1638; x_wconf 82' lang='lat' dir='ltr'>qua</span> 
     </span>
     <span class='ocr_line' id='line_1_23' title="bbox 212 1646 1758 1700; baseline 0.001 -13"><span class='ocrx_word' id='word_1_208' title='bbox 212 1661 340 1700; x_wconf 88' lang='lat' dir='ltr'>nuper</span> <span class='ocrx_word' id='word_1_209' title='bbox 377 1649 460 1700; x_wconf 91' lang='lat' dir='ltr'>egit</span> <span class='ocrx_word' id='word_1_210' title='bbox 497 1648 739 1686; x_wconf 77' lang='lat' dir='ltr'>E.Ka11nka</span> <span class='ocrx_word' id='word_1_211' title='bbox 775 1647 1014 1686; x_wconf 86' lang='lat' dir='ltr'>Festschrift</span> <span class='ocrx_word' id='word_1_212' title='bbox 1051 1647 1117 1685; x_wconf 79' lang='lat' dir='ltr'>fiir</span> <span class='ocrx_word' id='word_1_213' title='bbox 1153 1646 1198 1686; x_wconf 92' lang='grc' dir='ltr'>Ο.</span> <span class='ocrx_word' id='word_1_214' title='bbox 1224 1647 1434 1686; x_wconf 86' lang='lat' dir='ltr'>Benndorf</span> <span class='ocrx_word' id='word_1_215' title='bbox 1466 1661 1503 1698; x_wconf 89' lang='lat' dir='ltr'>p.</span> <span class='ocrx_word' id='word_1_216' title='bbox 1532 1648 1616 1686; x_wconf 85' lang='lat'>215</span> <span class='ocrx_word' id='word_1_217' title='bbox 1650 1661 1758 1698; x_wconf 87' lang='lat' dir='ltr'>seqq.</span> 
     </span>
     <span class='ocr_line' id='line_1_24' title="bbox 212 1704 1760 1759; baseline -0.001 -12"><span class='ocrx_word' id='word_1_218' title='bbox 212 1707 378 1759; x_wconf 81' lang='lat' dir='ltr'>Ilbergii</span> <span class='ocrx_word' id='word_1_219' title='bbox 409 1708 540 1747; x_wconf 88' lang='lat' dir='ltr'>annal.</span> <span class='ocrx_word' id='word_1_220' title='bbox 560 1707 623 1746; x_wconf 93' lang='lat' dir='ltr'>III</span> <span class='ocrx_word' id='word_1_221' title='bbox 651 1708 763 1747; x_wconf 85' lang='lat'>1899</span> <span class='ocrx_word' id='word_1_222' title='bbox 791 1722 828 1758; x_wconf 89' lang='lat' dir='ltr'>p.</span> <span class='ocrx_word' id='word_1_223' title='bbox 851 1708 935 1746; x_wconf 86' lang='lat'>675</span> <span class='ocrx_word' id='word_1_224' title='bbox 965 1704 1068 1747; x_wconf 78' lang='lat' dir='ltr'>‘Sex.</span> <span class='ocrx_word' id='word_1_225' title='bbox 1095 1706 1214 1746; x_wconf 91' lang='lat' dir='ltr'>Vibio</span> <span class='ocrx_word' id='word_1_226' title='bbox 1242 1705 1358 1746; x_wconf 86' lang='lat' dir='ltr'>Gallo</span> <span class='ocrx_word' id='word_1_227' title='bbox 1383 1707 1597 1747; x_wconf 85' lang='lat' dir='ltr'>tricenario</span> <span class='ocrx_word' id='word_1_228' title='bbox 1621 1709 1760 1758; x_wconf 89' lang='lat' dir='ltr'>primi-</span> 
     </span>
     <span class='ocr_line' id='line_1_25' title="bbox 213 1767 1759 1819; baseline 0 -12"><span class='ocrx_word' id='word_1_229' title='bbox 213 1769 335 1819; x_wconf 88' lang='lat' dir='ltr'>pilari</span> <span class='ocrx_word' id='word_1_230' title='bbox 359 1768 483 1818; x_wconf 82' lang='lat' dir='ltr'>praef.</span> <span class='ocrx_word' id='word_1_231' title='bbox 508 1768 678 1807; x_wconf 87' lang='lat' dir='ltr'>kastror.</span> <span class='ocrx_word' id='word_1_232' title='bbox 704 1769 780 1819; x_wconf 91' lang='lat' dir='ltr'>leg.</span> <span class='ocrx_word' id='word_1_233' title='bbox 807 1767 907 1806; x_wconf 91' lang='lat' dir='ltr'>XIII</span> <span class='ocrx_word' id='word_1_234' title='bbox 932 1780 1031 1819; x_wconf 88' lang='lat' dir='ltr'>gem.</span> <span class='ocrx_word' id='word_1_235' title='bbox 1058 1767 1171 1806; x_wconf 88' lang='lat' dir='ltr'>donis</span> <span class='ocrx_word' id='word_1_236' title='bbox 1197 1767 1347 1807; x_wconf 87' lang='lat' dir='ltr'>donato</span> <span class='ocrx_word' id='word_1_237' title='bbox 1373 1767 1423 1806; x_wconf 90' lang='lat' dir='ltr'>ab</span> <span class='ocrx_word' id='word_1_238' title='bbox 1449 1767 1759 1818; x_wconf 85' lang='lat' dir='ltr'>imperatoribus</span> 
     </span>
     <span class='ocr_line' id='line_1_26' title="bbox 212 1827 1758 1878; baseline 0.001 -12"><span class='ocrx_word' id='word_1_239' title='bbox 212 1829 374 1868; x_wconf 89' lang='lat' dir='ltr'>honoris</span> <span class='ocrx_word' id='word_1_240' title='bbox 406 1829 608 1878; x_wconf 89' lang='lat' dir='ltr'>uirtutisq.</span> <span class='ocrx_word' id='word_1_241' title='bbox 642 1840 762 1868; x_wconf 88' lang='lat' dir='ltr'>causa</span> <span class='ocrx_word' id='word_1_242' title='bbox 791 1828 965 1878; x_wconf 89' lang='lat' dir='ltr'>torquib.</span> <span class='ocrx_word' id='word_1_243' title='bbox 998 1827 1168 1866; x_wconf 89' lang='lat' dir='ltr'>armillis</span> <span class='ocrx_word' id='word_1_244' title='bbox 1199 1827 1374 1878; x_wconf 87' lang='lat' dir='ltr'>phaleris</span> <span class='ocrx_word' id='word_1_245' title='bbox 1407 1829 1563 1867; x_wconf 90' lang='lat' dir='ltr'>coronis</span> <span class='ocrx_word' id='word_1_246' title='bbox 1594 1829 1758 1867; x_wconf 85' lang='lat' dir='ltr'>murali-</span> 
     </span>
     <span class='ocr_line' id='line_1_27' title="bbox 212 1887 1758 1937; baseline 0 -10"><span class='ocrx_word' id='word_1_247' title='bbox 212 1888 286 1928; x_wconf 91' lang='lat' dir='ltr'>bus</span> <span class='ocrx_word' id='word_1_248' title='bbox 322 1888 386 1927; x_wconf 87' lang='lat'>111</span> <span class='ocrx_word' id='word_1_249' title='bbox 429 1887 649 1927; x_wconf 85' lang='lat' dir='ltr'>uallaribus</span> <span class='ocrx_word' id='word_1_250' title='bbox 686 1887 729 1927; x_wconf 90' lang='lat' dir='ltr'>II</span> <span class='ocrx_word' id='word_1_251' title='bbox 772 1899 896 1927; x_wconf 78' lang='lat' dir='ltr'>aurea</span> <span class='ocrx_word' id='word_1_252' title='bbox 938 1887 971 1926; x_wconf 92' lang='lat' dir='ltr'><em>I</em></span> <span class='ocrx_word' id='word_1_253' title='bbox 1003 1888 1140 1937; x_wconf 27' lang='lat' dir='ltr'>hastis·</span> <span class='ocrx_word' id='word_1_254' title='bbox 1164 1889 1284 1936; x_wconf 75' lang='lat' dir='ltr'>puris</span> <span class='ocrx_word' id='word_1_255' title='bbox 1323 1888 1367 1934; x_wconf 92' lang='lat' dir='ltr'>V,</span> <span class='ocrx_word' id='word_1_256' title='bbox 1410 1888 1568 1928; x_wconf 83' lang='lat' dir='ltr'>uexilJis</span> <span class='ocrx_word' id='word_1_257' title='bbox 1593 1889 1635 1927; x_wconf 90' lang='lat' dir='ltr'>H</span> <span class='ocrx_word' id='word_1_258' title='bbox 1672 1888 1758 1928; x_wconf 85' lang='lat' dir='ltr'>Sex.</span> 
     </span>
     <span class='ocr_line' id='line_1_28' title="bbox 213 1946 1758 1999; baseline 0.002 -14"><span class='ocrx_word' id='word_1_259' title='bbox 213 1948 356 1988; x_wconf 88' lang='lat' dir='ltr'>Vibius</span> <span class='ocrx_word' id='word_1_260' title='bbox 395 1948 634 1987; x_wconf 84' lang='lat' dir='ltr'>Cocceianus</span> <span class='ocrx_word' id='word_1_261' title='bbox 673 1950 843 1999; x_wconf 90' lang='lat' dir='ltr'>patrono</span> <span class='ocrx_word' id='word_1_262' title='bbox 881 1948 979 1987; x_wconf 91' lang='lat' dir='ltr'>bene</span> <span class='ocrx_word' id='word_1_263' title='bbox 1016 1949 1198 1987; x_wconf 90' lang='lat' dir='ltr'>merenti.</span> <span class='ocrx_word' id='word_1_264' title='bbox 1269 1947 1364 1987; x_wconf 87' lang='lat' dir='ltr'>CIL</span> <span class='ocrx_word' id='word_1_265' title='bbox 1397 1948 1439 1986; x_wconf 89' lang='lat' dir='ltr'>H</span> <span class='ocrx_word' id='word_1_266' title='bbox 1475 1949 1586 1987; x_wconf 89' lang='grc'><strong>1086</strong></span> <span class='ocrx_word' id='word_1_267' title='bbox 1629 1946 1758 1988; x_wconf 80' lang='lat' dir='ltr'>‘donis</span> 
     </span>
     <span class='ocr_line' id='line_1_29' title="bbox 215 2008 1758 2048; baseline 0.001 -1"><span class='ocrx_word' id='word_1_268' title='bbox 215 2008 362 2048; x_wconf 88' lang='lat' dir='ltr'>donato</span> <span class='ocrx_word' id='word_1_269' title='bbox 396 2021 542 2048; x_wconf 88' lang='lat' dir='ltr'>corona</span> <span class='ocrx_word' id='word_1_270' title='bbox 572 2009 719 2047; x_wconf 87' lang='lat' dir='ltr'>murali</span> <span class='ocrx_word' id='word_1_271' title='bbox 750 2010 791 2047; x_wconf 90' lang='lat' dir='ltr'>et</span> <span class='ocrx_word' id='word_1_272' title='bbox 822 2010 977 2047; x_wconf 88' lang='lat' dir='ltr'>coronis</span> <span class='ocrx_word' id='word_1_273' title='bbox 1004 2010 1134 2047; x_wconf 87' lang='lat' dir='ltr'>aureis</span> <span class='ocrx_word' id='word_1_274' title='bbox 1159 2008 1243 2046; x_wconf 93' lang='grc' dir='ltr'>ΠΙΙ</span> <span class='ocrx_word' id='word_1_275' title='bbox 1267 2010 1366 2047; x_wconf 84' lang='grc'><strong>110111</strong></span> <span class='ocrx_word' id='word_1_276' title='bbox 1394 2009 1542 2048; x_wconf 86' lang='lat' dir='ltr'>uexillo</span> <span class='ocrx_word' id='word_1_277' title='bbox 1569 2010 1609 2047; x_wconf 91' lang='lat' dir='ltr'>et</span> <span class='ocrx_word' id='word_1_278' title='bbox 1633 2009 1758 2048; x_wconf 89' lang='lat' dir='ltr'>hastis</span> 
     </span>
     <span class='ocr_line' id='line_1_30' title="bbox 213 2063 1759 2123; baseline 0.001 -16"><span class='ocrx_word' id='word_1_279' title='bbox 213 2069 323 2120; x_wconf 89' lang='lat' dir='ltr'>puris</span> <span class='ocrx_word' id='word_1_280' title='bbox 362 2065 420 2106; x_wconf 90' lang='lat' dir='ltr'>V&#39;.</span> <span class='ocrx_word' id='word_1_281' title='bbox 454 2063 608 2123; x_wconf 88' lang='lat' dir='ltr'>(Wilm.</span> <span class='ocrx_word' id='word_1_282' title='bbox 632 2063 777 2122; x_wconf 83' lang='lat'>1625).</span> <span class='ocrx_word' id='word_1_283' title='bbox 848 2068 975 2108; x_wconf 90' lang='lat' dir='ltr'>Sicuti</span> <span class='ocrx_word' id='word_1_284' title='bbox 1011 2069 1053 2106; x_wconf 91' lang='lat' dir='ltr'>in</span> <span class='ocrx_word' id='word_1_285' title='bbox 1091 2069 1350 2120; x_wconf 85' lang='lat' dir='ltr'>inscriptione</span> <span class='ocrx_word' id='word_1_286' title='bbox 1395 2082 1518 2108; x_wconf 88' lang='lat' dir='ltr'>aurea</span> <span class='ocrx_word' id='word_1_287' title='bbox 1561 2082 1708 2109; x_wconf 89' lang='lat' dir='ltr'>corona</span> <span class='ocrx_word' id='word_1_288' title='bbox 1739 2070 1759 2108; x_wconf 92' lang='lat' dir='ltr'>I</span> 
     </span>
     <span class='ocr_line' id='line_1_31' title="bbox 213 2128 1758 2180; baseline 0.001 -12"><span class='ocrx_word' id='word_1_289' title='bbox 213 2130 299 2168; x_wconf 84' lang='lat' dir='ltr'>arte</span> <span class='ocrx_word' id='word_1_290' title='bbox 331 2128 544 2168; x_wconf 86' lang='lat' dir='ltr'>coniuncta</span> <span class='ocrx_word' id='word_1_291' title='bbox 582 2129 734 2180; x_wconf 84' lang='lat' dir='ltr'>legitur</span> <span class='ocrx_word' id='word_1_292' title='bbox 771 2142 861 2168; x_wconf 92' lang='lat' dir='ltr'>cum</span> <span class='ocrx_word' id='word_1_293' title='bbox 891 2129 1019 2168; x_wconf 86' lang='lat' dir='ltr'>hastis</span> <span class='ocrx_word' id='word_1_294' title='bbox 1052 2129 1246 2180; x_wconf 88' lang='lat' dir='ltr'>quinque,</span> <span class='ocrx_word' id='word_1_295' title='bbox 1277 2129 1336 2167; x_wconf 89' lang='lat' dir='ltr'>ita</span> <span class='ocrx_word' id='word_1_296' title='bbox 1365 2130 1408 2167; x_wconf 89' lang='lat' dir='ltr'>in</span> <span class='ocrx_word' id='word_1_297' title='bbox 1439 2129 1587 2168; x_wconf 86' lang='lat' dir='ltr'>Lucilii</span> <span class='ocrx_word' id='word_1_298' title='bbox 1618 2142 1758 2169; x_wconf 88' lang='lat' dir='ltr'>uersu:</span> 
     </span>
     <span class='ocr_line' id='line_1_32' title="bbox 212 2184 1758 2244; baseline 0 -16"><span class='ocrx_word' id='word_1_299' title='bbox 212 2189 335 2228; x_wconf 90' lang='lat' dir='ltr'>immo</span> <span class='ocrx_word' id='word_1_300' title='bbox 365 2190 409 2228; x_wconf 90' lang='lat' dir='ltr'>in</span> <span class='ocrx_word' id='word_1_301' title='bbox 435 2189 663 2240; x_wconf 84' lang='lat' dir='ltr'>anaglypho</span> <span class='ocrx_word' id='word_1_302' title='bbox 693 2188 801 2228; x_wconf 88' lang='lat' dir='ltr'>basis</span> <span class='ocrx_word' id='word_1_303' title='bbox 833 2191 992 2228; x_wconf 86' lang='lat' dir='ltr'>statuae</span> <span class='ocrx_word' id='word_1_304' title='bbox 1012 2188 1123 2228; x_wconf 91' lang='lat' dir='ltr'>Vibii</span> <span class='ocrx_word' id='word_1_305' title='bbox 1148 2184 1261 2243; x_wconf 88' lang='lat' dir='ltr'>(edit.</span> <span class='ocrx_word' id='word_1_306' title='bbox 1287 2189 1433 2228; x_wconf 89' lang='lat' dir='ltr'>Lucilii</span> <span class='ocrx_word' id='word_1_307' title='bbox 1458 2203 1495 2240; x_wconf 92' lang='lat' dir='ltr'>p.</span> <span class='ocrx_word' id='word_1_308' title='bbox 1525 2185 1620 2244; x_wconf 86' lang='lat'>95),</span> <span class='ocrx_word' id='word_1_309' title='bbox 1652 2190 1758 2240; x_wconf 84' lang='lat' dir='ltr'>quod</span> 
     </span>
     <span class='ocr_line' id='line_1_33' title="bbox 183 2243 1758 2300; baseline 0.001 -12"><span class='ocrx_word' id='word_1_310' title='bbox 183 2243 185 2246; x_wconf 56' lang='grc'>’</span> <span class='ocrx_word' id='word_1_311' title='bbox 214 2250 348 2288; x_wconf 86' lang='grc'><strong>01111113</strong></span> <span class='ocrx_word' id='word_1_312' title='bbox 379 2261 526 2300; x_wconf 89' lang='lat' dir='ltr'>genera</span> <span class='ocrx_word' id='word_1_313' title='bbox 563 2249 758 2288; x_wconf 85' lang='lat' dir='ltr'>donorum</span> <span class='ocrx_word' id='word_1_314' title='bbox 788 2249 950 2289; x_wconf 88' lang='lat' dir='ltr'>illorum</span> <span class='ocrx_word' id='word_1_315' title='bbox 976 2250 1069 2288; x_wconf 89' lang='lat' dir='ltr'>ante</span> <span class='ocrx_word' id='word_1_316' title='bbox 1101 2249 1237 2288; x_wconf 84' lang='lat' dir='ltr'>oculos</span> <span class='ocrx_word' id='word_1_317' title='bbox 1262 2250 1377 2300; x_wconf 90' lang='lat' dir='ltr'>ponit</span> <span class='ocrx_word' id='word_1_318' title='bbox 1402 2251 1586 2289; x_wconf 84' lang='lat' dir='ltr'>accurate</span> <span class='ocrx_word' id='word_1_319' title='bbox 1613 2250 1758 2300; x_wconf 89' lang='lat' dir='ltr'>efficta,</span> 
     </span>
     <span class='ocr_line' id='line_1_34' title="bbox 213 2309 1757 2363; baseline 0.001 -15"><span class='ocrx_word' id='word_1_320' title='bbox 213 2310 391 2360; x_wconf 88' lang='lat' dir='ltr'>quinque</span> <span class='ocrx_word' id='word_1_321' title='bbox 428 2309 523 2348; x_wconf 86' lang='lat' dir='ltr'>illae</span> <span class='ocrx_word' id='word_1_322' title='bbox 559 2309 698 2348; x_wconf 83' lang='lat' dir='ltr'>hastae</span> <span class='ocrx_word' id='word_1_323' title='bbox 735 2310 795 2348; x_wconf 90' lang='lat' dir='ltr'>ita</span> <span class='ocrx_word' id='word_1_324' title='bbox 832 2309 1059 2360; x_wconf 84' lang='lat' dir='ltr'>exsculptae</span> <span class='ocrx_word' id='word_1_325' title='bbox 1092 2311 1319 2359; x_wconf 87' lang='lat' dir='ltr'>cernuntur,</span> <span class='ocrx_word' id='word_1_326' title='bbox 1351 2311 1397 2348; x_wconf 93' lang='lat' dir='ltr'>ut</span> <span class='ocrx_word' id='word_1_327' title='bbox 1427 2311 1538 2360; x_wconf 88' lang='lat' dir='ltr'>ipsae</span> <span class='ocrx_word' id='word_1_328' title='bbox 1570 2323 1757 2363; x_wconf 88' lang='lat' dir='ltr'>coronam</span> 
     </span>
     <span class='ocr_line' id='line_1_35' title="bbox 215 2369 1759 2420; baseline 0.001 -12"><span class='ocrx_word' id='word_1_329' title='bbox 215 2382 379 2408; x_wconf 86' lang='lat' dir='ltr'>auream</span> <span class='ocrx_word' id='word_1_330' title='bbox 422 2382 541 2420; x_wconf 90' lang='lat' dir='ltr'>super</span> <span class='ocrx_word' id='word_1_331' title='bbox 584 2382 650 2408; x_wconf 87' lang='lat' dir='ltr'>eas</span> <span class='ocrx_word' id='word_1_332' title='bbox 695 2382 927 2420; x_wconf 87' lang='lat' dir='ltr'>suspensam</span> <span class='ocrx_word' id='word_1_333' title='bbox 970 2369 1167 2409; x_wconf 90' lang='lat' dir='ltr'>sustinere</span> <span class='ocrx_word' id='word_1_334' title='bbox 1211 2369 1439 2408; x_wconf 90' lang='lat' dir='ltr'>uideantur.</span> <span class='ocrx_word' id='word_1_335' title='bbox 1510 2370 1759 2409; x_wconf 86' lang='lat' dir='ltr'>Narrauerat</span> 
     </span>
     <span class='ocr_line' id='line_1_36' title="bbox 214 2429 1756 2483; baseline 0.001 -16"><span class='ocrx_word' id='word_1_336' title='bbox 214 2430 343 2480; x_wconf 88' lang='lat' dir='ltr'>igitur</span> <span class='ocrx_word' id='word_1_337' title='bbox 372 2430 492 2480; x_wconf 89' lang='lat' dir='ltr'>poeta</span> <span class='ocrx_word' id='word_1_338' title='bbox 522 2430 565 2468; x_wconf 96' lang='lat' dir='ltr'>in</span> <span class='ocrx_word' id='word_1_339' title='bbox 596 2429 702 2468; x_wconf 92' lang='lat' dir='ltr'>bello</span> <span class='ocrx_word' id='word_1_340' title='bbox 733 2429 981 2469; x_wconf 88' lang='lat' dir='ltr'>Numantino</span> <span class='ocrx_word' id='word_1_341' title='bbox 1015 2429 1178 2480; x_wconf 89' lang='lat' dir='ltr'>aliquod</span> <span class='ocrx_word' id='word_1_342' title='bbox 1209 2430 1413 2483; x_wconf 72' lang='lat' dir='ltr'>praeclare</span> <span class='ocrx_word' id='word_1_343' title='bbox 1443 2431 1613 2480; x_wconf 85' lang='lat' dir='ltr'>factum,</span> <span class='ocrx_word' id='word_1_344' title='bbox 1645 2432 1756 2470; x_wconf 91' lang='lat' dir='ltr'>cuius</span> 
     </span>
     <span class='ocr_line' id='line_1_37' title="bbox 214 2489 1756 2541; baseline 0.001 -14"><span class='ocrx_word' id='word_1_345' title='bbox 214 2490 395 2528; x_wconf 87' lang='lat' dir='ltr'>auctores</span> <span class='ocrx_word' id='word_1_346' title='bbox 432 2489 546 2528; x_wconf 84' lang='lat' dir='ltr'>donis</span> <span class='ocrx_word' id='word_1_347' title='bbox 583 2490 826 2529; x_wconf 88' lang='lat' dir='ltr'>militaribus</span> <span class='ocrx_word' id='word_1_348' title='bbox 863 2490 1003 2529; x_wconf 86' lang='lat' dir='ltr'>donati</span> <span class='ocrx_word' id='word_1_349' title='bbox 1043 2492 1158 2529; x_wconf 91' lang='lat' dir='ltr'>erant</span> <span class='ocrx_word' id='word_1_350' title='bbox 1209 2502 1233 2528; x_wconf 89' lang='grc'><strong>3</strong></span> <span class='ocrx_word' id='word_1_351' title='bbox 1277 2489 1461 2540; x_wconf 91' lang='lat' dir='ltr'>Scipione</span> <span class='ocrx_word' id='word_1_352' title='bbox 1505 2491 1756 2541; x_wconf 90' lang='lat' dir='ltr'>scriptusque</span> 
     </span>
     <span class='ocr_line' id='line_1_38' title="bbox 215 2546 1756 2603; baseline 0.001 -15"><span class='ocrx_word' id='word_1_353' title='bbox 215 2551 303 2588; x_wconf 85' lang='lat' dir='ltr'>erat</span> <span class='ocrx_word' id='word_1_354' title='bbox 332 2562 470 2589; x_wconf 87' lang='lat' dir='ltr'>uersus</span> <span class='ocrx_word' id='word_1_355' title='bbox 500 2550 543 2587; x_wconf 92' lang='lat' dir='ltr'>in</span> <span class='ocrx_word' id='word_1_356' title='bbox 570 2549 675 2589; x_wconf 91' lang='lat' dir='ltr'>hunc</span> <span class='ocrx_word' id='word_1_357' title='bbox 705 2550 787 2588; x_wconf 88' lang='lat' dir='ltr'>fere</span> <span class='ocrx_word' id='word_1_358' title='bbox 818 2550 1000 2589; x_wconf 83' lang='lat' dir='ltr'>modum:</span> <span class='ocrx_word' id='word_1_359' title='bbox 1030 2546 1187 2602; x_wconf 83' lang='lat' dir='ltr'>&lt;equiti</span> <span class='ocrx_word' id='word_1_360' title='bbox 1211 2563 1334 2600; x_wconf 89' lang='lat' dir='ltr'>purae</span> <span class='ocrx_word' id='word_1_361' title='bbox 1359 2549 1451 2589; x_wconf 88' lang='lat' dir='ltr'>inde</span> <span class='ocrx_word' id='word_1_362' title='bbox 1483 2550 1601 2589; x_wconf 86' lang='lat' dir='ltr'>datae</span> <span class='ocrx_word' id='word_1_363' title='bbox 1633 2548 1756 2603; x_wconf 87' lang='lat' dir='ltr'>sunt&gt;</span> 
     </span>
     <span class='ocr_line' id='line_1_39' title="bbox 215 2607 1757 2663; baseline 0.001 -16"><span class='ocrx_word' id='word_1_364' title='bbox 215 2609 391 2659; x_wconf 89' lang='lat' dir='ltr'>quinque</span> <span class='ocrx_word' id='word_1_365' title='bbox 435 2609 593 2659; x_wconf 87' lang='lat' dir='ltr'>hastae,</span> <span class='ocrx_word' id='word_1_366' title='bbox 637 2610 798 2650; x_wconf 86' lang='lat' dir='ltr'>aureolo</span> <span class='ocrx_word' id='word_1_367' title='bbox 842 2611 977 2649; x_wconf 87' lang='lat' dir='ltr'>cinctu</span> <span class='ocrx_word' id='word_1_368' title='bbox 1018 2610 1193 2649; x_wconf 90' lang='lat' dir='ltr'>rorarius</span> <span class='ocrx_word' id='word_1_369' title='bbox 1237 2610 1344 2650; x_wconf 89' lang='lat' dir='ltr'>ueles</span> <span class='ocrx_word' id='word_1_370' title='bbox 1381 2607 1623 2663; x_wconf 86' lang='lat' dir='ltr'>&lt;donatur&gt;.</span> <span class='ocrx_word' id='word_1_371' title='bbox 1691 2610 1757 2648; x_wconf 88' lang='lat' dir='ltr'>Ad</span> 
     </span>
     <span class='ocr_line' id='line_1_40' title="bbox 214 2669 1757 2722; baseline 0.002 -15"><span class='ocrx_word' id='word_1_372' title='bbox 214 2669 350 2708; x_wconf 85' lang='lat' dir='ltr'>hastas</span> <span class='ocrx_word' id='word_1_373' title='bbox 381 2669 569 2708; x_wconf 90' lang='lat' dir='ltr'>uelitares</span> <span class='ocrx_word' id='word_1_374' title='bbox 600 2669 738 2720; x_wconf 89' lang='lat' dir='ltr'>quales</span> <span class='ocrx_word' id='word_1_375' title='bbox 770 2671 923 2720; x_wconf 89' lang='lat' dir='ltr'>septem</span> <span class='ocrx_word' id='word_1_376' title='bbox 954 2682 1117 2709; x_wconf 92' lang='lat' dir='ltr'>numero</span> <span class='ocrx_word' id='word_1_377' title='bbox 1149 2672 1325 2722; x_wconf 87' lang='lat' dir='ltr'>gestasse</span> <span class='ocrx_word' id='word_1_378' title='bbox 1356 2670 1499 2710; x_wconf 87' lang='lat' dir='ltr'>uelites</span> <span class='ocrx_word' id='word_1_379' title='bbox 1532 2673 1671 2710; x_wconf 86' lang='lat' dir='ltr'>auctor</span> <span class='ocrx_word' id='word_1_380' title='bbox 1696 2673 1757 2710; x_wconf 90' lang='lat' dir='ltr'>est</span> 
     </span>
     <span class='ocr_line' id='line_1_41' title="bbox 214 2729 1755 2780; baseline 0.001 -13"><span class='ocrx_word' id='word_1_381' title='bbox 214 2729 354 2768; x_wconf 90' lang='lat' dir='ltr'>Liuius</span> <span class='ocrx_word' id='word_1_382' title='bbox 378 2729 510 2767; x_wconf 91' lang='lat' dir='ltr'>XXVI</span> <span class='ocrx_word' id='word_1_383' title='bbox 536 2731 574 2780; x_wconf 85' lang='lat'>4,</span> <span class='ocrx_word' id='word_1_384' title='bbox 601 2731 628 2768; x_wconf 88' lang='lat'>4</span> <span class='ocrx_word' id='word_1_385' title='bbox 660 2730 858 2779; x_wconf 90' lang='lat' dir='ltr'>pertinere</span> <span class='ocrx_word' id='word_1_386' title='bbox 884 2730 989 2769; x_wconf 89' lang='lat' dir='ltr'>hunc</span> <span class='ocrx_word' id='word_1_387' title='bbox 1019 2742 1182 2769; x_wconf 89' lang='lat' dir='ltr'>uersum</span> <span class='ocrx_word' id='word_1_388' title='bbox 1213 2731 1344 2770; x_wconf 91' lang='lat' dir='ltr'>uoluit</span> <span class='ocrx_word' id='word_1_389' title='bbox 1376 2732 1516 2770; x_wconf 88' lang='lat' dir='ltr'>auctor</span> <span class='ocrx_word' id='word_1_390' title='bbox 1546 2730 1755 2770; x_wconf 89' lang='lat' dir='ltr'>enchiridii</span> 
     </span>
     <span class='ocr_line' id='line_1_42' title="bbox 215 2789 1753 2840; baseline 0.001 -13"><span class='ocrx_word' id='word_1_391' title='bbox 215 2789 403 2839; x_wconf 87' lang='lat' dir='ltr'>antiquit.</span> <span class='ocrx_word' id='word_1_392' title='bbox 429 2803 466 2840; x_wconf 91' lang='lat' dir='ltr'>p.</span> <span class='ocrx_word' id='word_1_393' title='bbox 486 2789 532 2827; x_wconf 87' lang='lat' dir='ltr'>R.</span> <span class='ocrx_word' id='word_1_394' title='bbox 558 2802 583 2828; x_wconf 89' lang='lat' dir='ltr'>a</span> <span class='ocrx_word' id='word_1_395' title='bbox 607 2789 638 2827; x_wconf 95' lang='lat' dir='ltr'>I.</span> <span class='ocrx_word' id='word_1_396' title='bbox 664 2789 939 2840; x_wconf 85' lang='lat' dir='ltr'>Marquardtio</span> <span class='ocrx_word' id='word_1_397' title='bbox 965 2790 1036 2828; x_wconf 81' lang='lat' dir='ltr'>Th.</span> <span class='ocrx_word' id='word_1_398' title='bbox 1063 2790 1308 2830; x_wconf 89' lang='lat' dir='ltr'>Mommseno</span> <span class='ocrx_word' id='word_1_399' title='bbox 1331 2790 1509 2830; x_wconf 88' lang='lat' dir='ltr'>inchoati</span> <span class='ocrx_word' id='word_1_400' title='bbox 1540 2790 1582 2828; x_wconf 93' lang='lat' dir='ltr'><strong>H</strong></span> <span class='ocrx_word' id='word_1_401' title='bbox 1613 2790 1706 2829; x_wconf 87' lang='lat' dir='ltr'>edit.</span> <span class='ocrx_word' id='word_1_402' title='bbox 1730 2792 1753 2828; x_wconf 84' lang='lat'><strong>2</strong></span> 
     </span>
     <span class='ocr_line' id='line_1_43' title="bbox 215 2848 1755 2900; baseline 0.001 -13"><span class='ocrx_word' id='word_1_403' title='bbox 215 2848 323 2899; x_wconf 88' lang='lat' dir='ltr'>Lips.</span> <span class='ocrx_word' id='word_1_404' title='bbox 351 2849 464 2887; x_wconf 89' lang='lat'>1884</span> <span class='ocrx_word' id='word_1_405' title='bbox 496 2862 534 2899; x_wconf 88' lang='lat' dir='ltr'>p.</span> <span class='ocrx_word' id='word_1_406' title='bbox 557 2849 655 2899; x_wconf 84' lang='lat'>343,</span> <span class='ocrx_word' id='word_1_407' title='bbox 682 2850 719 2888; x_wconf 89' lang='grc'>5.</span> <span class='ocrx_word' id='word_1_408' title='bbox 751 2870 811 2876; x_wconf 81' lang='lat'>—</span> <span class='ocrx_word' id='word_1_409' title='bbox 841 2850 1024 2889; x_wconf 76' lang='lat' dir='ltr'>aureolas</span> <span class='ocrx_word' id='word_1_410' title='bbox 1054 2851 1101 2888; x_wconf 90' lang='lat' dir='ltr'>ut</span> <span class='ocrx_word' id='word_1_411' title='bbox 1130 2850 1319 2899; x_wconf 73' lang='lat' dir='ltr'>liyneolus</span> <span class='ocrx_word' id='word_1_412' title='bbox 1348 2850 1417 2888; x_wconf 90' lang='lat' dir='ltr'>lib.</span> <span class='ocrx_word' id='word_1_413' title='bbox 1436 2850 1474 2887; x_wconf 94' lang='lat' dir='ltr'>V</span> <span class='ocrx_word' id='word_1_414' title='bbox 1500 2864 1537 2889; x_wconf 91' lang='lat' dir='ltr'>u.</span> <span class='ocrx_word' id='word_1_415' title='bbox 1565 2851 1651 2888; x_wconf 84' lang='lat'>224</span> <span class='ocrx_word' id='word_1_416' title='bbox 1682 2863 1755 2900; x_wconf 86' lang='lat' dir='ltr'>pro</span> 
     </span>
     <span class='ocr_line' id='line_1_44' title="bbox 215 2908 747 2948; baseline 0.002 -2"><span class='ocrx_word' id='word_1_417' title='bbox 215 2919 334 2947; x_wconf 83' lang='lat' dir='ltr'>awreo</span> <span class='ocrx_word' id='word_1_418' title='bbox 365 2908 511 2948; x_wconf 88' lang='lat' dir='ltr'>cretico</span> <span class='ocrx_word' id='word_1_419' title='bbox 541 2908 747 2948; x_wconf 86' lang='lat' dir='ltr'>uocabulo.</span> 
     </span>
    </p>

    <p class='ocr_par' dir='ltr' id='par_1_4' title="bbox 216 2963 1756 3079">
     <span class='ocr_line' id='line_1_45' title="bbox 337 2963 1755 3022; baseline 0.001 -15"><span class='ocrx_word' id='word_1_420' title='bbox 337 2963 446 3008; x_wconf 77' lang='grc'><strong>291.</strong></span> <span class='ocrx_word' id='word_1_421' title='bbox 477 2968 631 3008; x_wconf 88' lang='lat' dir='ltr'>Nonius</span> <span class='ocrx_word' id='word_1_422' title='bbox 650 2982 687 3020; x_wconf 94' lang='lat' dir='ltr'>p.</span> <span class='ocrx_word' id='word_1_423' title='bbox 710 2969 808 3019; x_wconf 87' lang='lat'>506,</span> <span class='ocrx_word' id='word_1_424' title='bbox 831 2971 853 3008; x_wconf 84' lang='lat'><strong>7</strong></span> <span class='ocrx_word' id='word_1_425' title='bbox 877 2966 1031 3021; x_wconf 79' lang='lat' dir='ltr'>‘Fulgit</span> <span class='ocrx_word' id='word_1_426' title='bbox 1051 2982 1124 3020; x_wconf 87' lang='lat' dir='ltr'>pro</span> <span class='ocrx_word' id='word_1_427' title='bbox 1142 2970 1281 3022; x_wconf 87' lang='lat' dir='ltr'>fulget.</span> <span class='ocrx_word' id='word_1_428' title='bbox 1331 2969 1509 3009; x_wconf 89' lang='lat' dir='ltr'>Lucilius</span> <span class='ocrx_word' id='word_1_429' title='bbox 1529 2972 1755 3021; x_wconf 86' lang='lat' dir='ltr'>satyrarum</span> 
     </span>
     <span class='ocr_line' id='line_1_46' title="bbox 216 3025 1756 3079; baseline 0.002 -13"><span class='ocrx_word' id='word_1_430' title='bbox 216 3028 282 3067; x_wconf 90' lang='lat' dir='ltr'>lib.</span> <span class='ocrx_word' id='word_1_431' title='bbox 304 3028 382 3067; x_wconf 90' lang='lat' dir='ltr'>VH</span> <span class='ocrx_word' id='word_1_432' title='bbox 403 3025 607 3079; x_wconf 81' lang='lat' dir='ltr'>“primum</span> <span class='ocrx_word' id='word_1_433' title='bbox 627 3061 635 3069; x_wconf 94' lang='lat'>.</span> <span class='ocrx_word' id='word_1_434' title='bbox 658 3060 665 3068; x_wconf 97' lang='lat'>.</span> <span class='ocrx_word' id='word_1_435' title='bbox 687 3059 695 3067; x_wconf 91' lang='lat'>.</span> <span class='ocrx_word' id='word_1_436' title='bbox 715 3031 751 3069; x_wconf 83' lang='lat' dir='ltr'>et</span> <span class='ocrx_word' id='word_1_437' title='bbox 773 3030 1002 3078; x_wconf 72' lang='lat' dir='ltr'>furnaciwm</span> <span class='ocrx_word' id='word_1_438' title='bbox 1026 3026 1235 3069; x_wconf 84' lang='lat' dir='ltr'>ferrum&#39;&#39;.&#39;</span> <span class='ocrx_word' id='word_1_439' title='bbox 1275 3041 1296 3068; x_wconf 87' lang='lat' dir='ltr'>e</span> <span class='ocrx_word' id='word_1_440' title='bbox 1313 3030 1540 3078; x_wconf 72' lang='lat' dir='ltr'>fornacibus</span> <span class='ocrx_word' id='word_1_441' title='bbox 1559 3030 1589 3068; x_wconf 92' lang='grc' dir='ltr'>Ι.</span> <span class='ocrx_word' id='word_1_442' title='bbox 1610 3031 1756 3073; x_wconf 87' lang='lat' dir='ltr'>Dousa.</span> 
     </span>
    </p>
   </div>
  </div>
 </body>
</html>
