2060 3444
256 240 314 282 24
891 237 917 273 ,Ι
940 250 975 274 u.
1003 240 1155 274 48-49,

255 347 372 406 reip.)
409 355 428 391 1
474 354 588 401 quasi
617 364 695 401 per
723 354 904 391 saturam
934 351 1149 391 collecbwm:
1176 344 1254 402 'qui
1285 363 1419 390 omnes
1450 352 1565 400 quasi
1600 351 1666 391 uel
1696 353 1793 391 tam—

256 425 375 462 quam
418 412 658 451 addiderunt
700 413 805 452 sicut
853 410 1069 451 Sallustius
1119 410 1279 450 fecerat.
1354 410 1459 449 Nam
1511 410 1564 449 ad
1612 409 1795 451 Sallustii

256 485 372 512 usum
414 486 494 512 non
536 471 712 523 pertinet
754 470 860 522 quod
908 472 1070 522 scripsit
1111 470 1349 510 Pescennius
1390 470 1532 510 Festus
1575 471 1676 511 teste
1719 470 1795 510 La-

257 532 408 572 ctantio
439 533 564 572 instit.
591 532 611 570 I
638 533 707 582 21,
735 533 788 571 13
827 530 1011 582 ποικίλην
1042 530 1218 582 ἱστορίαν
1256 543 1376 581 quam
1411 531 1636 570 nominauit
1671 531 1793 571 libros
1852 576 1854 579 y

255 594 510 632 historiarum
545 604 621 642 per
663 594 842 631 saturam
886 586 1002 645 (conf
1034 591 1210 643 prolegg.
1237 604 1274 641 p.
1300 584 1432 644 XIV);
1474 603 1584 630 more
1627 591 1794 642 antiquo

257 652 406 691 Fronto
437 666 475 703 p.
504 653 588 691 212
623 653 719 691 extr.
751 651 801 690 N.
859 648 921 690 ‘ut
978 663 1025 690 ea
1082 663 1184 701 quae
1232 663 1304 701 per
1354 651 1533 689 saturam
1586 647 1797 690 feruntur'.

256 711 434 752 Aedilem
476 714 626 762 factum
669 724 693 750 a
734 711 884 763 populo
928 710 1028 750 dicit
1069 710 1264 759 Lucilius,
1306 709 1331 748 i.
1365 722 1396 749 e.
1434 710 1628 760 creatum,
1677 710 1796 750 sicuti

256 773 299 811 in
342 772 564 823 parietibus
614 771 866 822 Pompeianis
909 771 1058 822 legitur
1088 769 1173 810 CIL
1204 769 1263 808 IV
1297 770 1350 808 61
1389 769 1486 808 alibi
1530 770 1590 808 M.
1614 769 1797 809 Marium

258 831 460 882 aed(ilem)
491 830 698 882 faoi(atis).
760 831 893 870 Verba
930 832 998 879 qm?
1034 831 1180 880 leqibus
1215 830 1344 869 soluat
1382 828 1571 868 uidentur
1599 830 1824 880 pertinere>

258 893 310 931 ad
341 893 524 932 senatum
556 891 667 931 cuius
698 891 881 942 princeps
912 891 987 930 hac
1017 891 1156 931 satura
1185 889 1369 929 laeditur.
1426 889 1618 929 Senatum
1645 888 1798 942 legibus

257 952 434 1003 potuisse
472 952 624 991 soluere
663 953 726 990 sat
763 952 921 990 constat
956 951 1028 990 illo
1067 952 1263 1002 tempore:
1301 949 1396 989 conf
1424 948 1501 989 Cic.
1529 949 1577 988 de
1606 950 1701 1000 imp.
1729 947 1797 988 Gn.

258 1011 396 1063 Pomp.
419 1013 473 1051 62
514 1013 653 1051 auctor
684 1011 736 1050 ad
765 1010 859 1052 Her.
878 1011 942 1050 ΠΙ
968 1013 1013 1060 2,
1039 1012 1064 1050 2
1097 1010 1197 1049 med.
1261 1007 1321 1048 ‘ut
1353 1011 1390 1048 si
1425 1009 1605 1049 deliberet
1640 1012 1800 1050 senam-3

239 1072 436 1111 ⁴soluatme
466 1072 613 1122 leyibus
643 1070 889 1121 Scipionem.
911 1101 919 1109 .
942 1067 966 1108 .’
999 1070 1142 1111 Ascon.
1161 1083 1199 1121 p.
1222 1070 1290 1119 51,
1305 1068 1388 1108 2K.
1404 1068 1491 1108 Sch.
1521 1066 1579 1108 Ὃ.
1598 1067 1800 1109 Cornelius

260 1127 384 1186 (anno
431 1126 620 1185 687l67)
648 1162 655 1169 .
684 1162 691 1168 .
719 1161 728 1169 .
753 1131 1027 1181 prmulyauit
1051 1161 1058 1168 .
1086 1161 1094 1168 .
1121 1160 1130 1168 .
1163 1131 1280 1179 leqem
1306 1159 1314 1168 .
1342 1159 1351 1168 .
1378 1158 1386 1168 .
1411 1141 1461 1169 ne
1502 1129 1570 1178 qui
1610 1129 1690 1168 nisi
1724 1140 1801 1179 per

252 1192 448 1242 populum
473 1192 620 1241 leyibus
645 1191 871 1231 solueretur.
923 1190 1034 1240 Quod
1059 1191 1220 1239 antiquo
1244 1200 1394 1238 quoque
1415 1190 1502 1228 iwre
1522 1191 1605 1228 erat
1623 1190 1802 1228 caulwm:

258 1254 389 1301 itaque
431 1253 474 1290 in
517 1252 696 1291 omnibus
732 1250 773 1290 S.
796 1250 857 1297 0„
899 1251 1040 1301 quibus
1082 1250 1250 1300 aliquem
1293 1249 1440 1298 leyibus
1476 1249 1578 1288 solui
1607 1249 1801 1298 placebat,

260 1312 365 1351 adici
397 1314 480 1351 erat
509 1312 678 1357 solitum,
709 1314 751 1350 ut
781 1311 829 1350 de
854 1323 900 1350 ea
924 1321 967 1350 re
991 1310 1045 1350 ad
1062 1310 1258 1360 populum
1282 1310 1471 1358 ferretur:
1499 1309 1568 1348 sed
1585 1308 1802 1358 paullatim

259 1373 358 1421 ferri
395 1374 479 1412 erat
515 1368 694 1411 desitum’
735 1383 763 1411 e.
784 1384 818 1420 q.
837 1383 867 1410 s.
901 1364 1187 1425 (Mommsenus
1225 1369 1376 1419 ephem.
1403 1369 1525 1420 epigr.
1552 1368 1653 1408 VIII
1686 1368 1799 1409 1899

260 1445 297 1483 p.
321 1432 405 1471 248
438 1431 486 1471 de
517 1432 602 1470 iure
632 1445 670 1482 p.
690 1431 737 1470 R.
756 1430 820 1470 ΠΙ
848 1433 868 1469 1
899 1425 1057 1485 (1887)
1082 1444 1120 1481 p.
1142 1423 1266 1482 337);
1298 1428 1385 1468 Liu.
1405 1441 1485 1479 per.
1509 1429 1565 1468 50
1599 1425 1658 1467 ‘P.
1670 1427 1802 1479 Scipio

260 1491 509 1532 Aemilianus
535 1504 623 1530 cum
648 1491 884 1531 aedilitatem
901 1493 1050 1540 peteret
1072 1490 1207 1530 consul
1226 1502 1252 1529 a
1262 1488 1412 1538 populo
1431 1488 1569 1528 decius.
1609 1488 1802 1538 Quoniam

255 1564 331 1602 per
362 1563 488 1591 aomos
519 1551 668 1591 consuli
698 1551 787 1599 fieri
815 1562 896 1590 mm
926 1550 1080 1595 licebat,
1116 1562 1204 1589 cum
1240 1560 1382 1598 mayno
1418 1550 1627 1588 certamine
1655 1549 1802 1599 suffra-

258 1612 444 1662 yamtibus
480 1611 629 1661 plebeis
673 1614 707 1651 et
743 1610 1051 1660 repuynantibus
1088 1610 1123 1649 ei
1159 1608 1405 1658 aliquamdiu
1435 1609 1620 1657 patribus
1658 1608 1803 1658 levibus

260 1672 411 1712 solutus
442 1674 477 1711 et
505 1672 640 1711 consul
665 1674 837 1711 creatus:
865 1670 1039 1722 Appian.
1059 1669 1158 1709 Iber.
1181 1670 1248 1708 84.
1277 1667 1354 1708 Cic.
1376 1667 1423 1706 de
1448 1681 1529 1719 rep.
1550 1667 1612 1707 HI
1639 1669 1708 1718 22,
1735 1668 1801 1707 33.

261 1732 479 1783 Vituperat
514 1732 641 1783 igitur
672 1731 767 1771 deus
805 1732 986 1770 senatum
1019 1726 1105 1780 ‘per
1141 1731 1321 1769 saturam
1352 1727 1521 1767 aedilem
1551 1727 1704 1767 factum
1735 1728 1804 1778 qui

262 1791 418 1844 legibus
450 1788 608 1832 soluat'.
664 1791 812 1843 Agitur
843 1790 890 1829 de
922 1790 1082 1830 homine
1114 1788 1287 1840 quodam
1311 1788 1497 1840 populari
1528 1788 1597 1839 qui
1629 1800 1674 1827 eo
1701 1799 1803 1826 anno

266 1864 343 1903 quo
376 1852 550 1902 scriptus
582 1853 643 1891 est
673 1851 775 1890 liber
804 1850 825 1890 Ῑ
856 1862 947 1890 cum
989 1852 1108 1890 antea
1138 1849 1369 1888 turbulenta
1401 1849 1441 1886 et
1472 1847 1619 1888 uitiosa
1649 1847 1804 1887 ratione

262 1911 402 1952 aedilis
446 1912 577 1951 factus
622 1913 741 1960 esset,
792 1912 1010 1961 antequam
1062 1911 1252 1961 praetura
1291 1909 1346 1949 sit
1399 1907 1557 1947 functus
1610 1907 1802 1960 legitime,

263 1971 420 2024 legibus
451 1971 605 2011 solutus
637 1973 698 2011 est
729 1984 754 2010 a
778 1972 937 2020 senatu,
968 1982 1046 2021 quo
1077 1970 1206 2021 magis
1238 1967 1488 2008 consulatum
1520 1966 1806 2018 adipisceretur

264 2031 488 2071 aedilicius:
540 2025 655 2085 (conf
693 2031 959 2070 Mommsenus
1008 2030 1057 2069 de
1099 2031 1184 2068 iure
1227 2042 1264 2079 p.
1290 2028 1336 2067 R.
1363 2027 1383 2066 I
1422 2021 1579 2081 (1887)
1615 2040 1654 2077 p.
1682 2023 1804 2078 539):

265 2092 451 2131 similiter
483 2090 561 2130 Cic.
581 2090 755 2142 Philipp.
781 2090 838 2129 XI
866 2090 904 2140 5,
933 2091 983 2129 11
1021 2086 1140 2128 ‘alter
1166 2087 1312 2128 Caesar
1335 2087 1530 2138 Vopiscus
1554 2086 1623 2125 ille
1648 2099 1803 2126 summo

264 2152 444 2204 ingenio,
494 2163 649 2191 summa
691 2150 891 2202 potentia,
941 2150 1009 2200 qui
1053 2162 1099 2188 ex
1143 2147 1349 2188 aedilitate
1399 2147 1649 2186 consulatum
1690 2146 1805 2196 petit,

265 2212 447 2252 soluatur
482 2207 654 2263 legibus'
695 2205 858 2264 (Ascon.
885 2224 922 2262 p.
946 2211 1013 2260 22,
1043 2210 1095 2249 13
1116 2208 1163 2248 Κ.
1185 2202 1306 2262 Sch.).
1374 2206 1470 2253 Quis
1508 2207 1632 2246 fuerit
1667 2205 1805 2246 consul

265 2272 347 2321 ille,
377 2272 541 2323 propter
572 2284 690 2321 quem
720 2271 842 2321 poeta
873 2271 1056 2309 senatum
1086 2269 1247 2320 carpsit,
1272 2268 1416 2307 nescio.

387 2326 465 2371 49.
507 2331 662 2370 Nonius
693 2345 731 2381 p.
755 2330 858 2380 159,
886 2331 941 2369 24
981 2325 1119 2368 ‘Priua
1156 2327 1356 2380 significat
1391 2326 1560 2379 singula.
1628 2325 1805 2366 Lucilius

265 2393 494 2443 satyrarum
518 2390 586 2430 lib.
606 2391 627 2430 I
654 2387 737 2429 “ad
763 2402 926 2430 caenam
947 2420 954 2427 .
978 2420 984 2427 .
1007 2419 1013 2426 .
1040 2390 1116 2428 isce
1141 2388 1370 2428 addominal
1393 2388 1527 2437 hymni
1547 2416 1555 2423 .
1577 2416 1584 2424 .
1607 2416 1614 2424 .
1641 2381 1803 2425 dabo''.’

265 2452 378 2491 Idem
414 2465 453 2503 p.
474 2451 550 2500 35,
577 2452 629 2490 21
672 2447 851 2490 ‘Priuum
889 2451 950 2489 est
987 2449 1194 2499 proprium
1236 2448 1354 2487 unius
1391 2446 1581 2497 cuiusque
1602 2475 1610 2483 .
1632 2476 1639 2483 .
1661 2475 1669 2484 .
1700 2445 1806 2485 idem

269 2509 516 2551 “abdomina
552 2511 666 2549 tunm
702 2512 819 2562 priua
856 2505 1020 2549 dabo'’.’
1090 2507 1241 2548 Gellius
1271 2507 1308 2546 X
1335 2508 1410 2557 20,
1436 2507 1462 2545 4
1501 2502 1613 2556 ‘quia
1653 2506 1806 2544 ueteres

266 2572 384 2623 priua
415 2570 603 2610 dixerunt
634 2583 736 2621 quae
766 2582 838 2609 nos
870 2569 1030 2622 singula
1060 2568 1245 2616 dicimus3
1283 2579 1362 2618 quo
1402 2565 1524 2605 uerbo
1554 2564 1731 2604 Lucilius
1762 2565 1805 2603 in

266 2633 396 2683 primo
433 2632 648 2670 satirarum
684 2630 786 2669 libro
827 2642 921 2670 usus
959 2630 1036 2679 est,
1068 2625 1315 2668 “abdomina
1351 2626 1486 2676 thymi
1507 2655 1514 2663 .
1535 2655 1543 2663 .
1566 2655 1574 2663 .
1600 2620 1804 2670 αοακνηοὟ

267 2691 406 2731 Multis
449 2690 609 2730 ferculis
652 2700 791 2730 cenam
827 2689 962 2740 parari
998 2690 1114 2739 patet
1149 2701 1197 2728 ex
1236 2687 1430 2727 uocabulo
1461 2685 1657 2735 primum,
1700 2683 1806 2735 quod

269 2752 539 2803 gustationem
582 2745 802 2802 significat:
847 2750 942 2788 conf
980 2748 1153 2788 Martial.
1186 2747 1222 2786 X
1254 2747 1328 2797 48,
1366 2747 1438 2785 12:
1490 2742 1560 2783 ‘Et
1600 2743 1806 2783 madidum

269 2811 405 2862 thynni
448 2810 496 2849 de
539 2810 623 2849 sale
664 2822 802 2849 sumen
841 2810 927 2848 erit.
967 2807 1117 2847 Gustus
1154 2808 1196 2846 in
1232 2807 1312 2846 his:
1355 2818 1436 2845 una
1464 2806 1636 2856 ponetur
1667 2803 1807 2843 cenula

269 2867 419 2911 mensa'
442 2884 474 2908 e.
489 2884 526 2921 q.
540 2883 569 2910 s.
618 2869 846 2909 Abdomina
869 2869 1015 2908 thunni
1039 2867 1178 2908 dicunt
1203 2866 1345 2906 Graeci
1369 2863 1610 2918 ὑπογάστρια
1628 2862 1806 2903 θύννους

199 2948 204 2953 ·
270 2931 362 2970 conf
379 2930 524 2970 Athen.
542 2929 624 2969 VH
641 2943 679 2981 p.
701 2930 786 2969 302
805 2929 842 2968 D
868 2929 971 2968 Plin.
997 2930 1079 2967 nat.
1098 2927 1191 2967 hist.
1210 2926 1268 2965 IX
1287 2926 1362 2965 48:
1387 2927 1428 2965 et
1451 2925 1587 2976 potuit
1609 2922 1807 2963 Martialis

271 2992 296 3029 1.
317 3004 346 3030 s.
366 3003 395 3030 s.
439 2991 526 3029 iure
568 3002 640 3029 suo
685 2989 899 3029 abdomina
941 2988 1086 3039 thynni
1127 2987 1257 3026 dicere
1299 2984 1443 3037 thy-nni
1486 2997 1625 3024 sumen
1668 2996 1715 3023 ea
1758 2981 1806 3021 de
