2060 3444
262 266 346 308 264
820 259 956 294 XXVII
981 271 1015 293 u.
1044 261 1157 293 734—
1165 260 1243 292 738.

262 379 328 417 lib.
356 377 485 415 XXVI
511 390 546 414 u.
576 375 671 413 659.
704 375 911 422 perfidam
948 371 1186 422 Maduigius.
1222 369 1298 409 Cic.
1325 370 1426 409 Phil.
1452 370 1495 409 H
1522 371 1560 420 3,
1589 372 1611 408 7
1647 367 1797 423 ‘itaque
1862 418 1864 421 Ι

262 438 377 476 11οᾱ10
408 436 625 486 perficiam,
666 435 713 472 ut
755 433 981 484 intellegat,
1027 432 1220 481 quantum
1265 443 1289 469 a
1331 443 1393 469 me
1435 430 1667 470 beneficium
1711 431 1799 469 tum

264 492 487 547 acceperit'.
537 494 735 544 Loquitur
766 493 994 532 adulescens
1027 504 1160 530 amore
1192 490 1370 540 perditus
1403 492 1471 540 qui
1500 503 1655 530 summa
1681 503 1798 541 opum

264 556 511 596 contentione
563 553 729 592 enititur
777 555 821 591 ut
871 552 1057 590 meretrix
1108 550 1220 589 donis
1271 550 1564 600 commodisque
1618 550 1799 600 capiatur

266 615 420 655 oblatis.

385 669 491 714 735.
524 673 678 712 Nonius
711 686 746 722 p.
776 673 872 719 253,
902 673 953 710 23
990 668 1168 720 ‘Capere,
1201 669 1392 720 decipere,
1426 669 1799 709 circumuenire.

264 735 440 774 Lucilius
472 734 539 772 lib.
566 732 716 771 XXVH
756 729 831 770 “at
857 762 862 768 .
893 763 899 769 .
930 762 935 768 .
965 726 1150 769 altera”.'
1214 729 1351 768 Altera
1390 731 1424 768 si
1461 731 1566 769 recte
1607 730 1799 769 traditum

265 797 334 844 est,
362 808 407 833 ex
433 792 683 844 praecedenti
709 804 887 830 sermone
913 791 1010 829 olim
1034 790 1168 840 potuit
1193 789 1390 842 intellegi:
1424 790 1691 840 supplendum
1716 802 1801 829 esse

265 855 373 893 dicas
405 854 529 892 ueluti
564 853 635 891 die.
696 851 935 901 Corruptum
968 862 1050 888 esse
1082 862 1219 888 uersus
1252 850 1400 888 exitum
1441 851 1572 889 censet
1607 849 1800 888 Dziatzko

255 915 366 953 Mus.
394 913 515 952 Rhen.
542 911 714 950 XXXHI
743 911 854 950 1878
882 924 920 960 p.
955 911 1009 948 94
1043 911 1112 960 qui
1141 909 1280 948 scribit
1305 911 1443 958 capiar
1469 910 1622 948 alterae.
1666 909 1802 948 Monet

266 974 433 1023 denique
459 972 721 1011 Baehrensius
749 971 855 1021 apud
880 970 1132 1020 Propertium
1159 982 1444 1020 saepenumero
1472 971 1602 1018 forma
1627 969 1803 1020 positum

267 1046 348 1072 esse
379 1046 451 1083 pro
483 1033 646 1070 muliere
678 1031 868 1070 formosa:
902 1032 945 1070 at
969 1031 1004 1068 si
1028 1030 1087 1068 ita
1113 1030 1257 1068 statuis
1284 1032 1439 1078 aspectu
1464 1028 1627 1068 tolerari
1652 1030 1800 1079 nequit.

267 1093 507 1132 Adulescens
540 1091 715 1130 remedia
747 1091 905 1140 quaerit
936 1091 1100 1129 amoris:
1132 1102 1269 1128 seruus
1302 1102 1391 1128 eum
1419 1089 1648 1139 alloquitur,
1680 1089 1804 1128 simili

266 1153 381 1193 modo
409 1154 527 1202 atque
554 1151 747 1190 Parmeno
773 1150 1009 1189 Phaedriam
1035 1151 1078 1188 in
1103 1150 1233 1200 prima
1259 1162 1400 1188 scaena
1425 1149 1607 1187 Eunuchi
1626 1148 1803 1188 Terentii

268 1213 338 1251 ubi
369 1212 595 1251 adulescens
622 1225 657 1249 u.
687 1211 740 1249 83
777 1207 911 1260 ‘totus,
942 1210 1150 1259 Parmeno,
1181 1211 1307 1248 tremo
1339 1209 1557 1259 horreoque
1589 1210 1802 1259 postquam

270 1274 403 1322 aspexi
433 1269 562 1310 hanc’.

390 1326 497 1371 736.
530 1331 684 1370 Nonius
715 1344 752 1403 p.
782 1331 879 1380 271,
908 1331 961 1368 29
997 1326 1171 1378 ‘Cedere,
1203 1328 1391 1368 excidere.
1425 1360 1432 1366 .
1461 1360 1468 1367 .
1497 1360 1504 1367 .
1530 1328 1709 1367 Lucilius
1734 1328 1802 1367 lib.

268 1391 421 1430 XXVII
453 1385 602 1445 (XXVI
631 1386 905 1445 G)“1ignum
938 1389 1054 1429 cedat
1084 1401 1250 1462 pensum
1275 1389 1399 1428 faciat
1424 1388 1507 1428 edis
1533 1389 1670 1427 uerrat
1695 1382 1804 1442 (uar-

268 1453 333 1491 rat
355 1446 409 1505 G)
436 1448 643 1501 uapulet”.
650 1448 659 1463 ’
708 1450 820 1489 Idem
845 1463 882 1501 p.
910 1450 1008 1499 420,
1036 1450 1060 1488 8
1090 1446 1283 1499 ‘Verrere,
1310 1448 1511 1488 mundare.
1539 1479 1547 1487 .
1600 1447 1804 1487 ‚Lucilius

269 1512 336 1550 lib.
361 1511 514 1550 XXVH
546 1482 887 1564 (XXVIIIG')
894 1507 1062 1561 ‘lignum
1095 1509 1235 1548 caedat
1266 1508 1374 1548 aedis
1406 1510 1541 1548 uerrat
1570 1479 1730 1562 (narrat
1748 1502 1804 1562 G)

270 1584 316 1610 ac
352 1567 575 1621 uapulet''.'
641 1570 795 1609 Codicis
828 1569 860 1608 L
898 1570 1145 1620 praestantia
1182 1569 1256 1608 hoc
1292 1569 1380 1607 loco
1418 1569 1575 1620 egregie
1621 1567 1805 1618 cernitur,

271 1633 339 1681 qui
360 1633 528 1681 utroque
548 1630 670 1669 Nonii
695 1630 781 1670 loco
806 1631 849 1669 in
875 1642 1038 1668 numero
1065 1628 1158 1667 libri
1184 1628 1261 1667 sibi
1280 1630 1445 1677 constet,
1465 1641 1554 1667 cum
1572 1628 1739 1667 fluctuet
1754 1627 1805 1667 G:

272 1692 341 1741 qui
391 1691 496 1741 quod
546 1692 713 1740 utroque
763 1690 848 1729 loco
898 1689 1020 1729 habet
1062 1691 1219 1738 narrat,
1268 1688 1372 1727 unde
1414 1688 1627 1727 Muellerus
1670 1690 1807 1727 uorrat

271 1751 414 1789 maluit
446 1750 626 1799 scribere,
657 1751 803 1789 mirum
835 1762 929 1789 sane
963 1751 1031 1788 est.
1093 1749 1228 1788 Plauti
1258 1760 1417 1788 uersum
1442 1749 1604 1788 Mercat.
1632 1749 1714 1787 397
1741 1748 1807 1787 hic

272 1812 458 1862 posuerat
494 1812 630 1861 poeta:
674 1822 803 1860 neque
847 1811 908 1849 est
952 1809 1057 1859 quod
1099 1810 1271 1859 utroque
1314 1808 1401 1848 1000
1438 1808 1613 1848 Nonium
1657 1820 1806 1848 errasse

276 1870 423 1915 credas,
457 1883 544 1909 cum
577 1872 616 1909 et
643 1869 779 1909 Plauti
804 1871 844 1909 et
869 1869 1046 1908 Terentii
1077 1871 1117 1908 et
1144 1867 1305 1908 Caecilii
1330 1881 1467 1908 uersus
1492 1869 1642 1920 passim
1666 1869 1808 1920 tangat

274 1929 458 1969 Lucilius.
521 1930 668 1981 Agitur
699 1929 747 1968 de
780 1929 938 1979 ancilla,
971 1942 1071 1979 quae
1103 1929 1222 1968 sicuti
1254 1928 1359 1978 apud
1384 1927 1575 1968 Plautum
1599 1928 1808 1978 exponitur

274 1990 297 2027 l.
326 2002 354 2028 s.
381 2002 409 2028 s.
436 1989 632 2039 pluribus,
676 2002 755 2028 non
793 1989 846 2029 sit
882 1989 1074 2038 formosa,
1112 1988 1178 2027 sed
1217 1987 1327 2027 cuius
1364 1987 1539 2027 officium
1577 1989 1630 2027 sit
1666 1986 1805 2039 πτῆξαι

274 2048 462 2100 ταπεινὴν
476 2045 756 2100 προσπεσεῖντ’
774 2047 869 2101 ε’μὸν
881 2046 980 2101 γόνυ
995 2047 1143 2100 σαίρειν
1158 2061 1195 2087 τε
1216 2047 1329 2099 δῶμα
1347 2047 1484 2097 Eurip
1499 2047 1687 2087 Androm.
1706 2047 1807 2088 166.

275 2108 379 2148 idem
403 2108 550 2148 Hecub.
579 2110 662 2148 362
697 2107 887 2161 προσθεις
920 2102 956 2147 δ’
991 2106 1170 2160 ἀνάγκην
1202 2105 1403 2147 σιτοποιὸν
1428 2105 1470 2146 ἐν
1496 2102 1633 2158 δόμοις
1659 2106 1808 2158 σαίρειν

276 2182 312 2207 τε
352 2168 462 2219 δῶμα
499 2168 671 2222 κερκίσιν
707 2163 736 2207 τ’
776 2167 986 2220 ἐφεστάναι
1023 2165 1176 2221 λυπρὰν
1213 2164 1389 2220 ἄγουσαν
1426 2163 1576 2219 ἡμέραν
1614 2161 1648 2217 μ’
1686 2181 1806 2219 αναγ-

277 2226 394 2266 κάσει.
455 2228 545 2278 Ipse
570 2228 701 2268 Plaut.
727 2229 845 2267 Mero.
871 2228 1010 2279 postea
1034 2242 1072 2266 u.
1099 2227 1183 2266 416
1226 2223 1288 2266 ‘ea
1325 2227 1464 2278 molet,
1508 2227 1668 2277 coquet,
1717 2238 1806 2265 con-

277 2287 382 2326 ficiet
413 2300 589 2337 pensum,
620 2289 801 2339 pinsetur
831 2284 985 2340 flagro'.

399 2341 506 2388 737.
536 2348 692 2387 Nonius
716 2362 753 2399 p.
783 2349 881 2398 420,
908 2349 931 2386 5
967 2344 1160 2396 ‘Verrere,
1191 2347 1321 2396 ferire,
1357 2347 1597 2397 peruertere.
1624 2376 1631 2384 .
1661 2377 1668 2384 .
1697 2376 1703 2383 .
1729 2345 1807 2384 Lu-

278 2407 391 2445 cilius
422 2406 488 2445 lib.
515 2407 666 2446 XXVII
706 2405 858 2458 “quam
886 2438 893 2445 .
921 2438 928 2445 .
958 2438 964 2445 .
993 2403 1262 2446 deuerrere''.'
1332 2406 1459 2455 Quam
1496 2407 1555 2445 est
1591 2418 1807 2456 pronomen

278 2465 507 2504 relatiuum:
541 2468 673 2518 agitur
699 2467 746 2505 de
772 2467 977 2506 meretrice
1003 2466 1138 2505 uoraci
1164 2468 1204 2504 et
1229 2467 1382 2516 rapaci:
1416 2463 1551 2516 ‘quam
1577 2478 1656 2504 non
1682 2465 1809 2507 solum

279 2525 467 2564 deuorare
499 2539 538 2565 se
570 2526 702 2564 omnia
729 2539 774 2565 ac
800 2527 1005 2566 deuerrere
1030 2528 1192 2576 impune
1218 2538 1332 2576 posse
1358 2525 1546 2564 arbitrari
1570 2525 1682 2564 uides
1708 2537 1809 2574 quae

278 2586 323 2622 tu
354 2584 492 2633 habes,
530 2585 597 2624 sed
635 2582 755 2624 etiam
787 2587 956 2625 aliorum
986 2599 1069 2624 rem
1107 2586 1346 2624 familiarem
1384 2598 1463 2623 una
1500 2584 1663 2635 perdere
1701 2596 1809 2623 ama-

278 2646 420 2682 torum.

402 2697 507 2742 738.
538 2703 693 2742 Nonius
719 2717 755 2754 p.
785 2705 881 2754 275,
911 2706 962 2743 12
998 2702 1259 2744 ‘Conmodare
1297 2706 1357 2743 est
1393 2703 1578 2743 mutuari.
1631 2702 1809 2742 Lucilius

219 2786 225 2790 -
281 2761 348 2799 lib.
374 2762 525 2800 XXVII
564 2759 704 2802 “certa
837 2761 1133 2804 conmodent''.'
1195 2765 1379 2804 Panaetii
1416 2763 1529 2802 audis
1569 2763 1808 2802 doctrinam:

282 2822 377 2859 conf
394 2820 470 2860 Cic.
497 2821 545 2861 de
568 2822 666 2862 offic.
686 2823 707 2861 I
728 2824 779 2862 51
811 2819 1012 2862 ‘Omnium
1039 2826 1171 2863 autem
1197 2823 1420 2863 communia
1444 2823 1649 2862 hominum
1673 2821 1808 2862 uiden-

282 2882 348 2918 tur
379 2893 436 2928 ea,
468 2894 569 2930 quae
601 2883 693 2920 sunt
724 2884 878 2933 generis
910 2884 1005 2933 eius,
1037 2884 1142 2934 quod
1168 2883 1216 2922 ab
1242 2883 1372 2923 Ennio
1398 2884 1573 2934 positum
1596 2883 1638 2921 in
1663 2895 1744 2921 una
1767 2895 1809 2920 re

282 2940 489 2977 transferri
519 2941 561 2978 in
591 2942 809 2990 permultas
839 2944 988 2991 potest:
1029 2940 1190 2982 “Homo
1223 2944 1293 2994 qui
1323 2944 1475 2982 erranti
1505 2943 1671 2982 comiter
1699 2954 1810 2980 mon-

285 2999 386 3036 strat
421 2999 547 3048 uiam,
585 3000 699 3050 quasi
739 3001 872 3039 lumen
911 3001 958 3040 de
995 3015 1065 3041 suo
1102 3002 1253 3041 lumine
1290 3002 1496 3051 accendat,
1533 3001 1648 3041 facit:
1684 3001 1809 3040 nihilo
