2060 3444
890 239 907 275 1
931 251 966 275 u.
993 242 1147 276 45—48.
1738 237 1794 280 23

248 357 370 397 fuisse
406 368 565 397 uersum
602 357 674 394 aut
711 368 732 394 e
770 353 873 394 libro
898 353 919 394 Ι
955 353 1062 405 quod
1099 353 1347 405 probabilius
1385 366 1468 393 esse
1512 352 1686 394 arbitror
1724 355 1795 392 aut

251 430 272 456 e
302 416 404 456 libro
435 415 477 455 11
508 414 687 455 declarat
717 414 814 455 ordo
846 414 1048 466 expositus
1079 415 1121 453 in
1152 413 1291 453 tabula
1322 414 1498 467 prolegg.
1525 427 1562 464 p.
1583 411 1701 454 XCV.

367 470 447 517 46.
474 474 677 516 Charisius
697 474 766 515 GL
784 475 805 515 I
824 488 860 526 p.
884 475 953 524 98,
974 475 998 514 3
1014 474 1050 513 Κ
1075 468 1165 529 (GL
1184 473 1264 513 VH
1288 488 1326 525 p.
1349 475 1448 523 294,
1475 475 1529 513 22
1547 468 1603 527 Κ)
1632 470 1795 512 ‘Vultur

247 537 350 578 dixit
384 536 588 588 Vergilius
625 535 667 574 in
705 535 781 585 VI,
819 535 888 575 sed
925 536 967 574 et
1003 534 1205 574 uulturius
1237 534 1415 574 Lucilius
1452 534 1494 572 in
1526 530 1573 573 I.'
1637 532 1795 584 Lupum

247 597 468 637 uulturium
501 595 585 636 dici
623 595 837 635 admodum
877 594 1084 646 probabile
1122 596 1192 634 est.
1254 594 1410 634 Iudices
1452 607 1549 634 auro
1586 595 1795 645 corruptos

247 657 346 698 dicit
381 656 580 696 uulturios
618 658 778 709 togatos
814 655 1010 706 Apuleius
1046 657 1139 694 met.
1166 655 1202 693 X
1235 655 1289 694 33
1329 655 1370 694 et
1406 654 1526 694 sicuti
1563 653 1656 693 Piso
1694 654 1795 693 teste

247 716 439 758 Cicerone
463 716 505 756 in
530 716 608 756 Pis.
632 717 686 757 38
715 713 958 768 ‘appellatus
983 716 1044 755 est
1070 746 1077 754 .
1100 745 1106 753 .
1129 746 1134 754 .
1162 715 1364 754 uulturius
1399 715 1509 754 illius
1533 711 1795 765 prouinciae’,

246 778 306 818 ita
341 776 475 829 potuit
512 775 649 828 Lupus
686 777 830 816 merito
868 775 1082 827 appellari,
1121 775 1189 825 qui
1227 775 1447 815 consularis
1484 773 1795 825 repetundarum

247 839 411 878 crimine
444 849 655 889 oppressus
687 839 748 877 est
779 837 940 876 auctore
959 835 1090 874 Valer.
1111 835 1214 874 Max.
1235 835 1293 874 VI
1321 838 1359 884 9,
1388 836 1454 875 10.
1513 833 1590 874 Sed
1617 834 1795 873 omnium

246 897 614 950 probabilissimum
657 898 718 936 est
760 895 808 936 de
852 895 931 935 cibi
975 895 1170 935 auiditate
1215 897 1254 935 et
1295 895 1519 935 uoracitate
1555 894 1795 933 uocabulum

247 971 330 999 esse
378 956 691 1010 intellegendum
741 957 859 996 sicuti
909 956 1016 1007 apud
1059 955 1249 995 Plautum
1293 954 1407 1006 Oapt.
1436 956 1521 994 844
1566 955 1794 1006 Ergasilum

245 1018 406 1059 edacem
436 1017 658 1057 uulturium
699 1016 879 1068 appellat
914 1029 982 1056 rex
1020 1017 1123 1056 eius:
1161 1016 1257 1056 conf
1283 1016 1443 1055 Brixius
1476 1014 1526 1054 ad
1558 1015 1666 1054 Trin.
1696 1016 1793 1054 100.

365 1072 444 1119 47.
478 1077 664 1118 Scholion
698 1079 768 1117 aut
799 1090 820 1116 e
852 1078 1138 1117 commentario
1170 1077 1212 1115 in
1248 1076 1394 1116 Lucilii
1424 1075 1493 1115 lib.
1513 1075 1535 1115 I
1565 1076 1679 1126 patet
1710 1087 1793 1114 esse

245 1140 447 1190 sumptum
474 1139 544 1178 aut
576 1151 597 1178 e
627 1137 730 1177 libro
761 1137 782 1176 Ι
812 1137 918 1188 ipso:
950 1137 1047 1177 conf
1072 1137 1249 1189 prolegg.
1277 1151 1314 1188 p.
1334 1135 1516 1175 XXXVI.

366 1192 445 1239 48.
478 1197 690 1238 Diomedes
722 1197 790 1237 GL
814 1197 836 1237 I
867 1211 905 1249 p.
926 1198 1026 1247 486,
1054 1198 1106 1236 11
1127 1197 1165 1236 Κ
1199 1194 1287 1236 ‘alii
1311 1197 1446 1236 autem
1472 1196 1622 1235 dictam
1647 1197 1794 1246 putant

245 1271 270 1298 a
306 1259 393 1311 lege
425 1259 580 1308 satura,
617 1271 720 1309 quae
751 1270 830 1297 uno
860 1259 1005 1309 rogatu
1036 1258 1167 1297 multa
1197 1258 1317 1296 simul
1347 1256 1655 1308 conprehendat,
1688 1255 1793 1306 quod

245 1319 398 1359 scilicet
429 1320 470 1358 et
500 1319 638 1358 satura
669 1319 844 1358 carmine
875 1318 1006 1357 multa
1036 1318 1155 1357 simul
1186 1319 1374 1369 poemata
1406 1316 1791 1368 conprehenduntur.

243 1379 355 1419 cuius
387 1379 548 1419 saturae
578 1379 680 1430 legis
711 1378 890 1418 Lucilius
922 1379 1107 1417 meminit
1142 1379 1184 1417 in
1222 1379 1352 1429 primo
1386 1374 1490 1428 “per
1522 1378 1730 1428 satyram.
1753 1407 1760 1414 .
1783 1408 1790 1414 .

242 1439 398 1492 legibus
448 1435 641 1479 soluat''.'
719 1433 845 1493 (Gonf
883 1438 1060 1491 prolegg.
1093 1452 1131 1490 p.
1158 1433 1263 1492 XV).
1337 1438 1398 1476 Ex
1443 1437 1581 1477 eodem
1630 1439 1792 1476 auctore

243 1500 396 1551 glossas
440 1498 739 1539 Graecolatinas
781 1497 881 1539 GGL
905 1499 948 1538 H
979 1513 1016 1549 p.
1047 1500 1130 1538 179
1164 1512 1188 1538 a
1215 1499 1258 1538 9:
1305 1495 1458 1538 ‘satura
1501 1496 1623 1550 νόμος
1667 1496 1791 1537 πολλὰ

243 1555 440 1613 περιέχων’
471 1560 570 1610 376,
597 1560 650 1599 67
673 1553 814 1611 ’νόμος
838 1556 963 1598 πολλὰ
988 1556 1177 1611 περιέχων
1203 1559 1267 1597 lex
1292 1571 1364 1609 per
1389 1555 1582 1598 saturam'
1611 1558 1791 1607 sumptas

244 1632 328 1660 esse
355 1633 434 1670 quo
458 1619 670 1659 Diomedes
695 1619 721 1658 1.
743 1631 771 1658 s.
793 1631 822 1659 s.
848 1619 978 1659 utitur
1003 1620 1182 1670 apparet.
1233 1618 1416 1657 Eundem
1442 1617 1625 1658 adhibuit
1649 1618 1791 1657 Festus

244 1694 280 1731 p.
304 1681 408 1719 314:
441 1676 604 1719 ‘Satura
630 1709 638 1717 .
661 1709 667 1716 .
691 1711 698 1717 .
726 1680 766 1717 et
796 1680 859 1718 lex
890 1679 1027 1718 multis
1060 1678 1149 1718 aliis
1181 1678 1335 1730 legibus
1362 1674 1555 1718 conferta’
1590 1679 1661 1729 qui
1690 1678 1790 1717 haec

243 1739 366 1780 uerba
403 1752 450 1779 ex
486 1739 667 1779 oratione
698 1739 741 1777 T.
762 1738 870 1778 Anni
901 1738 1020 1779 Lusci
1056 1739 1195 1778 habita
1236 1751 1341 1779 anno
1381 1733 1580 1791 621s133
1620 1732 1791 1793 (Meyeri

245 1798 349 1840 ORF
392 1799 486 1839 edit.
507 1799 575 1839 alt.
602 1813 639 1850 p.
664 1795 768 1853 162)
813 1799 993 1850 exemplo
1038 1799 1185 1839 adfert:
1231 1796 1464 1850 ‘Imperium
1508 1798 1614 1849 quod
1655 1798 1790 1848 plebes

243 1873 315 1911 per
365 1861 543 1899 saturam
586 1859 751 1899 dederat
792 1859 834 1898 id
877 1859 1116 1911 abrogatum
1161 1856 1253 1899 est':
1305 1871 1407 1909 quae
1456 1858 1598 1898 Festus
1648 1858 1790 1898 deinde

244 1920 393 1960 adtulit
411 1918 452 1959 C.
472 1919 602 1959 Laelii
626 1920 750 1959 uerba
781 1931 826 1958 ex
858 1932 904 1959 ea
934 1921 1108 1959 oratione
1132 1931 1252 1970 quwm
1270 1931 1347 1969 pro
1373 1931 1414 1958 se
1444 1919 1544 1958 dixit
1575 1932 1677 1969 quae
1711 1931 1789 1969 quo

242 1993 347 2020 anno
378 1980 518 2019 habita
549 1979 602 2018 sit
631 1980 853 2031 ignoratur,
886 1992 934 2018 ea
964 1981 1129 2030 periere·
1149 1992 1173 2018 a
1203 1979 1369 2018 librario
1401 1980 1549 2018 omissa
1580 1992 1663 2018 una
1700 1991 1786 2018 cum

242 2041 404 2080 nomine
436 2039 636 2079 Sallustii:
668 2039 786 2078 huius
819 2039 925 2078 enim
961 2039 1085 2079 uerba
1115 2041 1156 2079 et
1187 2039 1294 2090 apud
1325 2039 1561 2079 Diomedem
1591 2039 1617 2077 1.
1638 2051 1667 2078 s.
1688 2051 1717 2077 s.
1750 2040 1791 2077 et

243 2100 349 2151 apud
387 2100 551 2152 Festum
588 2101 768 2151 exemplo
805 2099 1041 2139 adferuntur
1076 2100 1162 2152 Iug.
1185 2101 1259 2150 29,
1287 2099 1331 2139 5:
1378 2096 1486 2139 ‘dein
1524 2100 1684 2150 postero
1726 2098 1790 2138 die

242 2162 359 2212 quasi
394 2173 467 2211 per
504 2162 684 2199 saturam
720 2160 930 2200 sententiis
968 2159 1177 2211 exquisitis
1215 2160 1258 2199 in
1290 2159 1533 2199 deditionem
1565 2156 1787 2210 accipitur.’

243 2221 296 2260 Et
326 2222 369 2259 in
400 2220 520 2260 Lusci
558 2221 738 2260 oratione
777 2222 817 2259 et
852 2221 896 2260 in
933 2220 1080 2260 Lucilii
1116 2233 1234 2260 uersu
1265 2232 1341 2270 per
1378 2222 1559 2259 saturam
1596 2233 1676 2259 non
1708 2219 1789 2259 iam

245 2281 445 2333 significat
475 2281 555 2329 leye
585 2281 629 2319 in
658 2282 839 2320 saturam
870 2280 953 2320 lata
984 2275 1091 2335 (CIL
1116 2281 1138 2319 I
1166 2281 1263 2330 198,
1292 2282 1315 2319 7
1321 2274 1367 2334 2)
1399 2280 1468 2320 sed
1499 2281 1718 2331 usurpatur
1743 2293 1790 2319 ea

243 2341 391 2380 locutio
434 2341 477 2379 in
513 2340 734 2391 plebiscitis
771 2342 920 2380 temere
958 2342 999 2379 et
1035 2340 1326 2381 inconsiderate
1364 2340 1482 2380 factis
1519 2342 1566 2378 ut
1603 2342 1789 2391 apparet:

243 2414 336 2440 nam
377 2400 484 2451 apud
522 2399 720 2440 Lucilium
757 2400 939 2452 intellegi
976 2414 1056 2440 non
1093 2413 1208 2452 posse
1240 2400 1437 2451 quomodo
1471 2399 1611 2439 aedilis
1644 2400 1790 2450 aliquis

243 2460 315 2500 fiat
357 2473 382 2499 a
423 2460 572 2512 populo
609 2474 681 2511 per
716 2461 847 2513 legem
884 2462 1063 2501 saturam
1099 2462 1186 2500 iure
1230 2460 1398 2501 adnotat
1434 2460 1703 2499 Mommsenus
1741 2459 1789 2498 de

242 2521 329 2559 iure
358 2534 396 2571 p.
417 2520 462 2559 R.
482 2520 546 2560 ΠΙ
574 2523 595 2560 1
631 2515 787 2575 (1887)
820 2535 858 2572 p.
880 2522 979 2571 336,
1006 2521 1050 2560 5:
1082 2533 1211 2572 neque
1248 2522 1384 2560 tamen
1415 2520 1689 2560 coniunxerim
1712 2533 1789 2569 per

243 2584 423 2620 saturam
461 2593 550 2620 cum
586 2581 732 2626 soluat,
770 2594 850 2632 qua
883 2582 1160 2621 coniunctione
1196 2581 1347 2630 factum
1376 2581 1537 2620 tantum
1568 2593 1648 2619 non
1680 2580 1787 2620 foras

243 2641 465 2692 expellitur.
534 2640 748 2681 Sallustius
786 2642 811 2679 1.
832 2654 861 2680 s.
882 2653 910 2680 s.
943 2641 1046 2681 hanc
1090 2642 1332 2682 locutionem
1378 2642 1533 2680 ueteres
1574 2640 1788 2690 scriptores

243 2701 399 2740 secutus
424 2700 522 2739 item
548 2700 732 2740 adhibuit
759 2701 937 2740 aduerbii
957 2701 1058 2751 loco,
1084 2701 1303 2741 sententias
1323 2702 1470 2740 temere
1491 2702 1532 2739 et
1550 2701 1788 2740 festinanter

243 2760 372 2800 dictas
409 2773 499 2799 cum
536 2760 743 2800 indicaret.
808 2759 928 2800 Cuius
967 2762 1248 2801 auctoritatem
1286 2761 1403 2800 multi
1441 2762 1485 2799 in
1515 2760 1590 2799 hac
1620 2773 1662 2799 re
1694 2762 1788 2799 sunt

243 2820 370 2859 secuti
406 2819 534 2858 ueluti
572 2822 711 2859 auctor
746 2821 981 2872 panegyrici
1017 2822 1111 2860 anni
1155 2823 1238 2860 311
1274 2816 1394 2874 (VHI
1425 2833 1510 2871 cap.
1536 2814 1608 2874 11)
1643 2817 1786 2871 ‘neque

243 2881 350 2919 enim
404 2880 520 2929 quasi
566 2892 642 2929 per
696 2883 876 2920 saturam
925 2881 1202 2920 confundenda
1260 2882 1354 2921 sunt
1401 2881 1518 2919 tanta
1567 2877 1786 2930 beneficia’,

245 2938 395 2979 Charis.
413 2953 452 2989 p.
476 2939 578 2990 194,
607 2942 657 2978 21
708 2937 856 2980 ‘omnia
899 2942 1014 2990 quasi
1051 2941 1194 2981 collata
1224 2953 1301 2990 per
1339 2937 1548 2989 saturam’,
1585 2939 1784 2980 Ammian.

243 3000 338 3038 XVI
371 3000 416 3049 6,
448 3000 472 3038 3
526 2996 742 3049 ‘tamquam
777 3013 854 3050 per
901 2998 1110 3047 saturam’,
1159 3001 1312 3054 Digest.
1356 3001 1479 3051 praef.
1513 3000 1554 3039 11
1599 2995 1786 3054 (Omnem
