2060 3444
703 234 833 271 inoert.
862 235 939 270 sed.
967 246 1001 269 u.
1031 237 1279 270 1144-1149.
1688 234 1776 277 363

220 351 348 389 tatem
380 362 428 388 ne
462 350 533 388 sub
566 348 702 388 Caelio
735 348 894 399 quidem
928 349 1090 388 auctore
1116 345 1423 400 repudiandum'
1453 347 1553 388 Cels.
1579 349 1639 388 VI
1668 349 1734 399 18,
1751 350 1774 388 9

222 408 310 451 ‘sub
338 410 499 449 auctore
524 410 719 461 Dionysio
744 409 1012 461 inspergenda
1039 409 1287 448 sandaracha
1312 406 1386 449 est'
1408 410 1579 461 praefat.
1598 423 1636 460 p.
1660 411 1698 459 9,
1720 410 1773 448 31

220 470 478 523 Daremberg.
525 467 582 509 ‘et
625 470 790 522 quidam
833 469 1072 510 medici...
1099 470 1172 509 sub
1218 470 1378 509 auctore
1423 471 1470 508 ut
1520 470 1601 521 ipsi
1648 470 1778 509 uideri

220 532 363 571 uolunt
401 531 638 570 Themisone
680 527 941 570 contendunt'
974 530 1078 569 Plin.
1105 532 1187 569 nat.
1213 530 1305 570 hist.
1331 530 1367 569 X
1396 531 1479 570 185
1515 526 1777 581 ‘quamquam

220 591 312 632 sub'
338 593 499 630 auctore
530 591 748 630 Aristotele
787 592 827 630 et
863 591 1084 630 Alexandri
1114 591 1254 643 Magni
1290 587 1519 630 militibus'.
1581 591 1778 630 Manlium

223 653 473 703 Torquatum
506 651 706 702 quendam
738 665 762 691 a
792 653 913 703 poeta
944 652 1176 692 lacessitum
1212 651 1336 691 fuisse
1374 653 1545 703 apparet
1583 645 1695 705 (uide
1728 652 1779 690 ad

220 713 290 752 lib.
309 712 352 751 H
377 726 413 751 u.
437 714 460 751 7
467 714 489 751 7
494 707 530 767 ):
563 713 652 763 quis
685 712 849 752 cuiusue
880 711 986 751 filius
1018 712 1142 751 fuerit
1172 713 1382 752 incertum.

345 767 486 813 1145.
520 771 746 812 Scholiasta
770 772 976 813 quenalis
1008 773 1044 811 X
1072 773 1126 811 66
1161 767 1284 826 (pone
1316 772 1425 811 domi
1450 772 1602 822 laurus,
1635 772 1711 812 duc
1737 773 1779 811 in

211 833 426 885 Capitolia
473 846 662 885 magnum
717 834 993 884 cretatumque
1035 833 1198 873 bouemt
1250 833 1417 872 Seianus
1468 832 1628 872 ducitur
1676 847 1778 873 unco

222 894 474 946 spectandus,
506 893 684 946 gaudent
715 888 883 948 omnes).
947 890 1177 934 ‘candidum
1214 895 1261 933 ut
1291 894 1476 933 Lucilius
1518 888 1597 948 (ita
1628 893 1778 943 Dousa,

221 956 406 994 lucretius
438 949 556 1007 codd)
592 951 900 1005 “cretatumque
932 954 1076 994 bouem
1110 955 1219 994 ducit
1249 955 1301 993 ad
1334 953 1537 1005 Capitolia
1567 951 1778 1006 magna”.’

222 1017 313 1055 duci
357 1015 567 1065 PithoeuS,
611 1016 687 1054 duc
726 1015 942 1055 Muellerus
987 1015 1039 1054 ad
1082 1015 1287 1054 quenalis
1330 1028 1501 1054 uersum.
1579 1014 1781 1066 Capitolia

223 1076 375 1128 Vergil.
396 1075 494 1115 Aen.
515 1075 616 1114 VIII
643 1076 727 1114 347
758 1076 908 1127 plurali
939 1088 1114 1115 numero.
1171 1075 1321 1127 Agitur
1347 1075 1394 1115 de
1426 1075 1573 1127 gaudio
1606 1076 1779 1127 publico.

349 1130 492 1176 1146.
525 1135 674 1175 Paulus
707 1149 754 1175 ex
778 1136 898 1175 Festo
923 1150 961 1186 p.
985 1136 1039 1175 53
1074 1132 1293 1186 ‘Crucium,
1319 1136 1427 1186 quod
1454 1136 1618 1176 cruciat.
1674 1136 1779 1175 unde

223 1197 401 1237 Lucilius
433 1197 575 1235 uinum
612 1198 779 1236 insuaue
820 1197 996 1235 crucium
1034 1193 1164 1235 dixit’.
1226 1196 1478 1236 Vocabulum
1508 1198 1670 1247 poetam
1702 1196 1781 1236 ioci

225 1258 393 1297 alicuius
420 1258 555 1309 gratia
579 1269 748 1296 nouasse
775 1256 988 1296 deductum
1013 1269 1037 1296 a
1063 1268 1173 1296 cruce
1198 1270 1279 1296 non
1305 1270 1329 1296 a
1355 1257 1568 1296 cruciando
1589 1254 1780 1296 arbitror:

222 1331 376 1358 memor
419 1319 506 1357 erat
537 1316 680 1368 opinor
716 1318 844 1357 facete
883 1318 983 1357 dicti
1020 1316 1167 1357 Cineae
1206 1317 1313 1368 quod
1354 1318 1532 1357 traditur
1568 1317 1670 1357 Plin.
1696 1319 1779 1357 nat.

223 1379 315 1418 hist.
336 1378 431 1417 XIV
454 1379 506 1417 12
536 1374 681 1418 ‘ulmos
708 1378 868 1429 quidem
894 1372 1036 1433 (uites)
1062 1378 1212 1429 ubique
1232 1379 1485 1430 exsuperant,
1509 1379 1780 1430 miratumque

225 1438 480 1479 altitudinem
525 1451 663 1478 earum
699 1438 860 1478 Ariciae
899 1439 1036 1478 ferunt
1071 1439 1251 1491 legatum
1289 1438 1395 1490 regis
1432 1439 1578 1490 Pyrrhi
1617 1438 1781 1478 Cineam

225 1501 352 1539 facete
395 1500 537 1539 lusisse
580 1500 623 1538 in
661 1500 921 1539 austeriorem
959 1501 1123 1551 gustum
1160 1500 1265 1549 uini,
1307 1500 1452 1539 merito
1493 1500 1664 1539 matrem
1695 1500 1780 1539 eius

225 1560 396 1611 pendere
427 1561 471 1599 in
501 1561 587 1599 tam
619 1560 704 1599 alta
736 1557 878 1599 cruce'.

350 1614 492 1659 1147.
526 1619 654 1659 Iulius
692 1620 896 1659 Romanus
936 1620 1045 1671 apud
1076 1613 1302 1659 Chai-isium
1334 1618 1408 1659 GL
1433 1619 1455 1659 I
1486 1634 1524 1671 p.
1547 1621 1646 1669 217,
1674 1620 1782 1659 25Κ

229 1678 353 1719 ‘Satis
409 1680 564 1719 diuerse
615 1680 821 1731 accipitur.
908 1677 996 1719 ἀντὶ
1052 1684 1123 1719 τοῦ
1178 1693 1253 1731 par
1307 1679 1489 1719 Lucilius
1551 1682 1782 1720 saturarum

227 1738 354 1793 <libro
442 1737 479 1793 .>
507 1737 604 1780 “cui
630 1742 665 1781 si
690 1742 872 1780 coniuret
896 1740 1069 1792 populus
1094 1741 1163 1779 uix
1188 1742 1299 1780 totus
1325 1740 1424 1780 satis
1445 1737 1558 1780 sit''.'
1611 1740 1782 1781 Versum

226 1803 269 1840 in
303 1814 381 1852 quo
413 1801 617 1840 ferebatur
648 1803 712 1841 cwi
741 1802 777 1840 si
807 1812 899 1841 cum
922 1802 1010 1840 iure
1035 1802 1078 1840 in
1104 1801 1356 1851 editionibus,
1388 1802 1522 1841 uetere
1550 1813 1621 1841 suo
1648 1800 1782 1841 codice

228 1874 323 1901 usus
355 1863 414 1901 ita
445 1862 626 1901 restituit
656 1862 793 1901 Dousa
831 1862 950 1902 sicuti
990 1862 1033 1900 in
1063 1861 1335 1913 Neapolitano
1366 1862 1527 1913 legitur.
1590 1861 1702 1900 Idem
1734 1862 1782 1901 de

229 1922 342 1972 Lupo
387 1923 455 1974 agi
498 1922 642 1961 statuit
683 1923 759 1961 hoc
802 1934 921 1962 uersu
965 1935 1084 1973 quem
1127 1922 1230 1961 libro
1261 1922 1282 1961 I
1319 1922 1464 1961 tribuit
1503 1916 1663 1976 (fragm.
1695 1917 1781 1976 10).

228 1983 276 2021 In
319 1981 650 2033 interpretatione
696 1985 854 2022 secutus
898 1984 959 2022 est
1004 1981 1230 2022 charisium
1270 1983 1369 2022 haec
1406 1982 1603 2022 adnotans
1644 1979 1781 2022 ‘Cuius

228 2043 402 2081 hominis
434 2055 481 2081 ea
512 2043 635 2083 factio
669 2055 715 2082 ac
745 2044 928 2094 potentia
961 2044 1038 2093 est,
1076 2044 1139 2093 ut,
1171 2044 1331 2083 etiamsi
1361 2044 1572 2083 uniuersus
1603 2056 1641 2094 p.
1661 2043 1708 2084 R.
1735 2036 1783 2081 ¹in

230 2115 437 2142 commune
458 2103 508 2142 ad
527 2103 778 2143 liberandam
798 2103 990 2154 Rempub.
1012 2104 1221 2143 consulens
1242 2116 1335 2155 opes
1357 2103 1464 2143 inter
1483 2116 1523 2142 se
1545 2105 1783 2152 consocient,

229 2164 415 2214 uiresque
447 2165 655 2215 opponant
686 2176 790 2214 suas,
820 2165 957 2203 tamen
995 2177 1044 2203 ne
1084 2164 1140 2203 sic
1173 2164 1334 2214 quidem
1365 2176 1483 2215 pares
1515 2164 1566 2203 ad
1596 2164 1783 2204 resisten-

231 2223 326 2262 dum
358 2235 442 2263 esse
473 2221 655 2274 possint'.
695 2246 741 2252 —
781 2224 908 2270 Quem
935 2224 1138 2263 hominem
1170 2226 1322 2275 spectet
1347 2224 1537 2274 Lucilius,
1569 2225 1784 2263 incertum:

233 2283 284 2322 ad
316 2283 509 2323 sodalicia
537 2281 650 2335 (conf
671 2285 739 2323 lib.
759 2284 859 2323 XIII
884 2298 922 2323 u.
944 2279 1051 2337 438)
1076 2285 1276 2335 pertinere
1302 2298 1463 2324 uersum
1490 2285 1659 2335 apparet
1685 2297 1784 2335 quas

232 2343 484 2395 συνωμοσίας
514 2343 643 2384 Attici
675 2344 813 2384 dicunt
840 2339 1158 2398 (Thucyd.VH1
1185 2345 1254 2394 54,
1280 2346 1318 2383 4.
1354 2346 1422 2395 81,
1451 2339 1514 2399 2);
1547 2345 1785 2384 seditionem

231 2403 560 2455 Fregellanorum
597 2404 799 2444 Plutarch.
828 2404 868 2444 C.
890 2404 1054 2444 Gracch.
1083 2406 1107 2444 3
1149 2406 1329 2456 appellat
1373 2406 1471 2444 item
1517 2405 1785 2457 συνωμοσίαν,

233 2464 460 2503 coniurasse
504 2476 570 2504 eos
614 2466 753 2504 contra
796 2465 999 2505 Romanos
1038 2463 1266 2516 Obsequens
1305 2467 1445 2505 auctor
1483 2467 1543 2504 est
1586 2466 1641 2504 30
1674 2458 1783 2519 (90).

357 2518 500 2565 1148.
540 2523 743 2565 Charisius
782 2524 855 2564 GL
881 2525 902 2564 I
932 2539 970 2576 p.
994 2527 1068 2575 71,
1096 2525 1202 2564 27K
1248 2523 1410 2565 ‘Forum
1454 2527 1596 2565 neutro
1642 2537 1785 2577 genere

234 2583 402 2623 dicimus
432 2585 565 2625 locum
597 2585 713 2625 rebus
747 2585 910 2637 agendis
948 2585 1204 2635 destinatum,
1236 2582 1355 2638 (uel)
1387 2599 1479 2625 cum
1505 2585 1785 2624 commercium

237 2644 507 2695 significamus
534 2654 554 2681 a*
584 2657 604 2681 *
632 2647 673 2684 et
702 2644 882 2685 Lucilius
922 2642 1044 2684 “cum
1082 2646 1144 2684 illi
1182 2646 1270 2685 fora
1301 2642 1468 2685 irant'’.’
1531 2645 1597 2684 Ita
1627 2645 1785 2695 Neapo-

235 2703 403 2743 litanus:
436 2704 558 2743 codex
588 2705 747 2745 Dousae
784 2705 960 2745 habebat
998 2702 1103 2745 ‘cum
1141 2706 1205 2744 illi
1241 2707 1329 2745 fora
1367 2703 1482 2754 erat',
1514 2705 1617 2744 unde
1649 2705 1786 2744 Dousa

238 2760 349 2802 ‘tunc
378 2764 442 2802 illi
472 2764 562 2804 fora
593 2763 735 2804 erant'.
800 2762 906 2804 ‘cum
937 2766 1001 2804 illi
1032 2766 1120 2805 fora
1151 2763 1315 2804 mirant'
1349 2765 1640 2811 Lachmannus.

360 2817 501 2861 1149.
541 2824 600 2863 De
638 2825 845 2864 Diomedis
883 2825 979 2864 fatis
1018 2825 1148 2864 Dione
1187 2838 1250 2876 ap.
1285 2825 1402 2864 Hom.
1436 2826 1474 2863 E
1506 2825 1591 2863 406
1637 2822 1781 2874 νήπιος

206 2879 331 2921 ,οὐδὲ
374 2881 416 2921 τὸ
455 2877 536 2922 οἶδε
573 2882 672 2922 κατὰ
709 2882 836 2936 φρένα
877 2882 1025 2931 Τυδέος
1062 2882 1150 2931 υἱός
1192 2883 1272 2923 ὅττι
1319 2879 1403 2935 μάλ’
1438 2882 1487 2923 οὐ
1533 2882 1698 2934 δηναιὸς
1741 2880 1786 2932 ὃς

237 2939 477 2981 ἀθανάτοισι
509 2941 677 2995 μάχηται
708 2941 801 2983 οὐδέ
839 2943 876 2982 τί
906 2958 974 2994 μιν
1011 2943 1152 2990 παῖδες
1189 2942 1279 2983 ποτὶ
1309 2943 1477 2997 γούνασι
1507 2942 1787 2991 παππάζουσιν

238 2996 388 3041 ἐλθόντ’
429 3000 472 3042 ἐκ
514 3000 701 3055 πολέμοιο
729 3034 737 3043 .
760 3034 766 3041 .
788 3034 796 3041 .
823 3005 875 3058 τῷ
913 3007 990 3042 νῦν
1031 3002 1224 3055 Τυδείδης
1266 3003 1303 3043 εἰ
1343 3002 1410 3043 καὶ
1454 3002 1558 3056 μάλα
1600 3003 1786 3058 καρτερός
