2060 3444
323 264 412 307 400
806 261 937 300 incert.
963 261 1040 299 sed.
1067 275 1103 299 u.
1131 265 1377 300 1262—1266.

324 378 496 416 nomina.
559 375 671 422 Quod
711 376 869 415 Persius
905 377 1040 415 urbem
1078 378 1170 416 ante
1206 376 1364 428 Lupum
1402 378 1442 417 et
1477 377 1653 416 Mucium
1691 389 1858 416 comme-

316 439 466 486 morat,
499 437 634 475 credas
665 436 768 475 libro
793 436 814 474 I
844 436 1022 475 tribuum
1051 438 1224 487 positam
1258 437 1380 477 fuisse
1409 437 1710 489 castigationem
1739 449 1860 487 quam

324 497 461 536 Iouem
499 497 715 535 exercuisse
753 496 959 547 probabile
997 498 1058 535 est
1094 497 1137 535 in
1174 497 1336 535 deorum
1374 497 1540 537 concilio
1578 496 1624 535 de
1663 497 1860 548 corruptis

324 570 362 607 p.
383 557 428 595 R.
454 556 630 595 moribus
656 568 745 595 cum
769 557 998 606 loqueretur
1023 551 1132 610 (uide
1162 557 1212 596 ad
1237 556 1304 595 lib.
1324 556 1344 595 Ι
1369 570 1406 595 u.
1429 559 1484 597 10
1499 552 1638 611 seqq).
1682 555 1860 595 Lucilius

326 617 366 654 in
397 617 472 655 hac
504 617 683 655 ciuitatis
714 617 839 655 totius
870 617 1133 655 insectatione
1162 618 1338 655 ueterem
1369 617 1544 668 aliquem
1574 617 1735 656 saturae
1772 626 1860 655 uer-

326 676 491 716 naculae
523 678 681 715 secutus
714 688 797 715 esse
829 675 989 715 uidetur
1018 688 1185 715 morem:
1217 676 1384 715 eundem
1416 678 1572 716 secutus
1603 677 1664 716 est
1693 675 1860 715 Plautus

326 737 367 774 in
411 738 548 775 satura
592 736 763 775 Romani
805 735 959 786 saporis
1003 748 1123 786 quam
1174 749 1198 775 a
1246 736 1418 788 chorago
1467 736 1562 775 fecit
1609 737 1862 786 pronuntiari

267 845 269 847 ι
329 795 484 835 Gurcul.
512 796 758 834 467—486.
809 795 959 841 Quibus
984 795 1167 835 uersibus
1189 795 1546 841 Plautusluicatim
1571 795 1710 835 urbem
1734 795 1862 835 secuit

327 858 533 905 tamquam
565 855 734 894 embolio
760 856 874 894 mimi
905 868 1023 906 quam
1056 855 1234 895 Lucilius
1262 858 1402 906 postea
1427 856 1642 908 castigauit
1665 855 1859 894 tributim.

330 915 433 954 Conf
458 915 726 955 Mommsenus
758 915 805 954 de
836 916 922 954 iure
954 915 1113 966 publico
1139 929 1176 966 p.
1203 916 1247 954 R.
1275 915 1336 954 ΠΙ
1362 911 1519 970 (1887)
1545 929 1582 966 p.
1612 916 1708 965 197,
1738 917 1774 954 1.
1801 935 1862 942 —-

331 976 456 1014 1263.
489 975 536 1013 de
567 976 731 1014 uirtutis
762 975 974 1025 praeconio
1006 975 1098 1014 uide
1130 976 1267 1015 incert.
1294 989 1331 1014 u.
1362 976 1473 1015 1326
1490 987 1596 1026 seqq.

451 1029 591 1075 1264.
631 1034 856 1074 Scholiasta
895 1035 1100 1074 quenalis
1125 1035 1188 1074 III
1216 1036 1299 1074 175
1340 1033 1563 1075 ‘Exodium
1625 1033 1880 1074 Exodiarius.

329 1094 435 1145 apud
472 1096 626 1133 ueteres
662 1096 705 1133 in
742 1094 818 1134 fine
858 1095 1040 1134 ludorum
1080 1095 1275 1145 intrabat,
1317 1097 1387 1146 qui
1428 1095 1620 1135 ridiculus
1658 1094 1779 1145 foret,
1818 1095 1863 1134 ut

331 1154 519 1205 quicquid
556 1155 811 1194 lacrimarum
848 1157 971 1204 atque
1014 1155 1204 1194 tristitiae
1249 1168 1351 1205 quae
1395 1156 1568 1194 exissent
1611 1167 1658 1193 ex
1699 1153 1863 1206 tragicis

330 1213 546 1264 affectibus,
578 1213 739 1253 huiusce
771 1215 988 1264 spectaculi
1024 1216 1126 1253 risus
1164 1214 1396 1266 detergeret.
1458 1215 1576 1253 huius
1615 1217 1655 1253 et
1685 1213 1863 1253 Lucilius

328 1273 526 1324 meminit,
566 1270 794 1324 “principio
823 1304 831 1312 .
858 1305 865 1312 .
894 1305 901 1312 .
927 1271 1160 1323 seqmtur''.’
1223 1277 1402 1324 sequetur
1444 1274 1632 1313 editores:
1678 1276 1864 1323 sequatur

328 1334 480 1384 scripsi.
543 1333 686 1372 Exodii
710 1335 736 1373 i.
763 1347 794 1372 e.
826 1333 1036 1372 Atellanae
1074 1333 1139 1372 hic
1176 1346 1313 1373 uersus
1353 1335 1413 1374 est
1449 1333 1722 1374 testimonium
1760 1333 1863 1372 anti-

330 1394 574 1443 quissimum.
625 1392 796 1444 Sumpta
827 1405 910 1433 esse
940 1393 1129 1432 uidentur
1159 1406 1205 1432 ex
1237 1394 1300 1433 dei
1329 1395 1508 1434 oratione
1534 1394 1662 1432 ueluti
1685 1392 1865 1443 Neptuni

328 1453 430 1492 libro
456 1453 475 1491 I
512 1453 662 1504 posita:
699 1453 884 1492 similiter
921 1452 1000 1492 Cic.
1031 1453 1074 1491 in
1103 1453 1209 1493 Verr.
1236 1453 1273 1491 V
1301 1454 1382 1493 189
1427 1450 1506 1492 ‘uti
1543 1452 1583 1492 C.
1603 1452 1786 1503 Verrem,
1830 1454 1864 1493 si

330 1512 413 1552 eius
445 1513 579 1552 omnia
611 1515 703 1551 sunt
733 1513 917 1552 inaudita
945 1514 986 1551 et
1010 1513 1232 1564 singularia
1257 1514 1436 1553 facinora
1459 1514 1630 1563 sceleris,
1662 1513 1864 1561 audaciae,

328 1572 529 1623 perfidiae,
560 1572 750 1622 libidinis,
785 1573 992 1621 auaritiae,
1024 1572 1289 1623 crudelitatis,
1321 1573 1466 1624 dignus
1505 1574 1632 1611 exitus
1670 1572 1866 1612 eiusmodi

328 1632 416 1670 uita
447 1633 567 1682 atque
598 1632 715 1671 factis
746 1634 879 1671 uestro
911 1631 1060 1671 iudicio
1099 1629 1378 1684 consequatur’
1412 1633 1453 1671 II
1480 1633 1533 1672 99
1575 1629 1732 1683 ‘Itaque
1769 1633 1865 1671 fecit

329 1693 375 1730 ut
406 1692 536 1730 exitus
568 1691 765 1742 principio
803 1692 1029 1731 simillimus
1065 1693 1323 1743 reperiretur:
1362 1705 1479 1743 quem
1517 1692 1719 1732 absentem
1753 1705 1865 1730 reum

328 1751 493 1801 fecerat,
530 1764 622 1790 eum
659 1751 821 1791 absente
860 1754 1088 1792 accusatore
1125 1749 1375 1792 condemnat’
1428 1752 1576 1791 Seneca
1621 1753 1734 1803 epist.
1763 1752 1809 1803 9,
1838 1753 1861 1790 9

331 1809 502 1850 ‘necesse
535 1813 595 1851 est
625 1811 742 1850 initia
773 1811 878 1850 inter
910 1824 949 1850 se
979 1814 1018 1851 et
1044 1812 1170 1851 exitus
1195 1808 1432 1864 congruant’
1461 1811 1539 1851 Cic.
1565 1813 1678 1862 epist.
1698 1811 1756 1850 XI
1777 1811 1816 1861 5,
1837 1811 1861 1850 3

331 1868 602 1922 ‘quamobrem
639 1874 679 1910 te
716 1871 877 1911 obsecro
905 1903 912 1910 .
940 1902 947 1909 .
975 1902 982 1910 .
1009 1874 1057 1911 ut
1098 1873 1142 1910 in
1184 1875 1419 1923 perpetuum
1462 1885 1546 1911 rem
1583 1885 1620 1922 p.
1659 1871 1866 1911 dominatu

330 1933 440 1983 regio
466 1931 620 1980 liberes,
646 1933 691 1969 ut
714 1931 922 1982 principiis
947 1933 1198 1971 consentiant
1223 1929 1379 1971 exitus’:
1405 1932 1499 1971 conf
1520 1931 1659 1970 Afran.
1680 1926 1806 1984 304s5
1818 1930 1863 1970 R.

454 1985 596 2031 1266.
629 1991 772 2030 Festus
802 2004 839 2041 p.
869 1993 967 2040 213,
994 1992 1018 2030 5
1054 1988 1248 2031 ‘Piscinae
1279 1991 1462 2041 publicae
1492 1991 1688 2041 hodieque
1723 2003 1865 2030 nomen

331 2052 483 2099 manet,
521 2051 609 2100 ipsa
646 2062 725 2088 non
763 2052 884 2089 extat.
951 2050 1002 2089 ad
1040 2063 1160 2100 quam
1198 2053 1238 2090 et
1274 2052 1456 2089 natatum
1494 2052 1534 2095 et
1571 2050 1864 2090 exercitationis

331 2110 484 2160 alioqui
515 2121 632 2148 causa
664 2109 850 2148 ueniebat
886 2110 1068 2160 populus.
1129 2110 1233 2149 unde
1263 2109 1440 2149 Lucilius
1477 2110 1536 2148 ait
1578 2107 1682 2160 “pro
1723 2109 1864 2149 obtuso

332 2181 397 2208 ore
440 2169 553 2220 pugil
588 2170 842 2217 pisciniensis
884 2165 1050 2209 reses'’.'
1111 2171 1348 2219 piso-mensis
1390 2169 1610 2209 Turnebus.
1681 2166 1865 2209 ‘residem

331 2229 508 2280 pugilem
545 2229 697 2266 factum
735 2228 832 2268 dicit
869 2230 989 2279 prout
1026 2230 1256 2269 conuenerit
1292 2241 1375 2270 esse
1412 2242 1502 2268 eum
1539 2230 1604 2269 cui
1641 2242 1684 2270 os
1719 2230 1864 2281 pugnis

332 2288 517 2327 obtusum
537 2284 666 2327 esset'.
699 2288 808 2327 Haec
826 2287 1105 2329 Lachmannus
1125 2284 1241 2342 (conf
1256 2291 1463 2329 comment.
1482 2289 1525 2328 in
1540 2289 1696 2330 Lucret.
1715 2303 1754 2340 p.
1777 2283 1863 2342 20).

331 2348 492 2386 Rectius
524 2347 630 2386 dicas
662 2347 859 2388 Lucilium
891 2348 1092 2388 hominem
1123 2349 1341 2389 describere
1372 2350 1504 2401 plagis
1534 2351 1758 2400 pertusum,
1797 2349 1865 2399 qui

331 2407 517 2445 uideatur
546 2420 619 2457 pro
651 2407 794 2446 obtuso
825 2421 892 2447 ore
922 2410 1036 2461 pugil
1066 2410 1300 2460 piscinensis
1330 2421 1435 2449 reses
1466 2421 1562 2459 esse,
1592 2409 1635 2448 id
1667 2411 1728 2451 est
1751 2409 1865 2460 pugil

334 2467 403 2516 qui
444 2469 651 2516 tamquam
678 2468 868 2507 emeritis
911 2468 1120 2518 stipendiis
1163 2470 1246 2508 otio
1289 2482 1330 2508 se
1374 2469 1538 2508 dederit.
1607 2467 1866 2522 Compar-anit

333 2525 470 2565 Dousa
511 2526 642 2565 Asinii
687 2525 795 2566 Galli
838 2528 1084 2578 epigramma
1128 2541 1190 2579 ap.
1236 2528 1394 2568 Sueten.
1435 2524 1678 2580 de'gramm.
1706 2530 1760 2568 22
1806 2523 1865 2568 ‘os

332 2586 499 2635 nullum,
531 2587 595 2624 uel
625 2586 760 2636 potius
791 2584 955 2639 pugilis'
987 2588 1059 2626 ubi
1090 2588 1137 2627 de
1169 2589 1430 2639 grammatico
1463 2590 1608 2640 agatur
1638 2589 1711 2638 qui
1747 2590 1865 2627 antea

333 2646 446 2697 pugil
476 2645 608 2683 fuerit.
658 2646 845 2697 Pugilum
876 2659 946 2685 ora
977 2647 1118 2686 obtusa
1147 2647 1373 2687 illuduntur
1397 2649 1697 2699 epigrammatis
1718 2646 1789 2686 ΑΡ
1807 2647 1866 2686 XI

336 2705 389 2743 75
405 2717 511 2754 seqq.
544 2704 708 2744 Lucian.
734 2705 839 2745 deor.
866 2705 958 2745 dial.
988 2707 1055 2756 26,
1084 2709 1105 2746 1
1140 2702 1256 2755 οὗτος
1288 2704 1360 2759 μὲν
1399 2702 1429 2747 ὦ
1457 2703 1653 2747 'unomen
1689 2705 1763 2760 ἔχει
1801 2705 1864 2747 ἐπὶ

333 2769 403 2803 τοῦ
439 2763 653 2817 προσώπου
690 2763 737 2804 τὰ
773 2764 862 2818 ἴχνη
899 2771 977 2805 τῶν
1014 2766 1256 2819 τραυμάτων.
1318 2779 1395 2816 pro
1432 2768 1565 2806 obtuso
1602 2778 1683 2814 ore,
1719 2768 1766 2806 ut
1795 2766 1863 2805 lib.

332 2823 506 2862 XXVIII
531 2838 568 2863 u.
598 2826 681 2863 794
718 2837 796 2873 pro
838 2826 951 2874 facie.
1021 2826 1151 2865 Plaut.
1180 2826 1265 2866 Cas.
1293 2827 1377 2865 862
1424 2824 1608 2866 ‘obtunso
1652 2839 1719 2866 ore
1761 2839 1865 2866 nunc

332 2884 525 2933 peruelim
549 2884 752 2936 progediri
776 2897 908 2923 senem
934 2888 1012 2936 quo
1038 2899 1156 2925 senex
1180 2887 1350 2936 nequior
1373 2887 1506 2925 nullus
1531 2883 1663 2925 uiuit'.
1706 2886 1864 2925 Piscina

333 2943 494 2992 publica
517 2946 762 2983 memoratur
779 2944 866 2983 Liu.
885 2945 1020 2984 xxm
1040 2947 1109 2996 32,
1129 2947 1155 2984 4
1183 2945 1261 2985 Cic.
1282 2946 1332 2985 ad
1353 2945 1396 2992 Q.
1415 2947 1463 2985 fr.
1482 2945 1545 2985 ΠΙ
1567 2948 1604 2996 7,
1621 2948 1642 2984 1
1666 2945 1864 2985 Ammian.

333 3002 454 3042 Marc.
479 3003 595 3042 XVII
621 3005 660 3054 4,
688 3005 741 3043 14
767 3004 861 3043 Not.
887 3018 967 3057 reg.
993 3005 1087 3044 XII:
1120 3006 1215 3045 conf
1240 3005 1465 3046 Huelsenus
1493 3005 1706 3057 Kiepertus
1736 3006 1865 3044 forma
