2060 3444
710 253 839 292 incorr
866 254 943 292 sed.
970 266 1004 296 ιι.
1034 257 1268 292 1257-1262
1685 255 1773 301 399

360 363 501 410 1257.
534 367 685 408 Gellius
710 368 767 408 IX
796 370 863 418 14,
890 370 945 408 22
980 365 1042 407 ‘In
1074 381 1168 409 casu
1200 370 1335 409 autem
1366 369 1506 419 dandi,
1544 371 1614 421 qui
1648 372 1778 421 puris-

235 430 333 469 sime
358 427 483 468 locuti
513 430 624 479 sunt,
661 441 741 468 non
766 429 902 479 faciei,
934 430 996 468 uti
1021 441 1125 468 nunc
1149 428 1314 476 dicitur,
1345 430 1414 469 sed
1452 430 1555 469 facie
1580 430 1778 471 dixerunt.

234 487 411 528 Lucilius
435 487 478 527 in
509 489 656 528 saturis
690 485 894 539 “primum
925 488 1058 539 inquit
1089 489 1189 527 facie
1214 488 1321 539 quod
1348 490 1501 528 honeste
1526 492 1645 530 tantis
1670 503 1777 530 acce-

236 544 358 589 dit’'.’
420 547 541 587 Libro
568 547 646 587 VII
689 548 878 587 attribuit
918 548 1134 588 Muellerus
1178 549 1247 598 qui
1290 545 1495 589 ‘honestae
1545 552 1587 589 et
1636 548 1775 590 aetati'

233 609 406 659 scripsit,
436 607 702 647 Baehrensius
735 604 939 647 ‘honestae
971 612 1011 647 et
1042 605 1186 648 annis':
1219 621 1291 661 ego
1324 611 1487 659 expecto
1525 612 1633 649 aetas
1674 623 1776 661 quae

233 668 361 708 soleat
390 680 471 707 una
502 667 659 707 laudari
690 680 780 707 cum
810 668 958 708 forma:
990 668 1149 708 Terent.
1174 668 1298 707 Andr.
1326 669 1410 708 286
1446 666 1580 709 ‘huius
1604 670 1776 709 formam

234 729 355 779 atque
392 730 567 768 aetatem
607 724 735 767 uides’
772 729 826 767 72
866 724 1053 780 ‘egregia
1085 728 1216 767 forma
1259 730 1382 779 atque
1426 731 1557 768 aetate
1600 727 1776 782 integra’

236 787 336 827 Eun.
370 788 455 827 473
489 784 626 838 ‘quam
657 787 815 827 liberali
846 787 960 837 facie,
991 801 1114 838 quam
1146 790 1278 828 aetate
1309 786 1482 841 integra'
1509 789 1648 830 Afran.
1671 791 1725 829 63
1741 790 1776 829 R

234 843 360 888 ‘aetas
396 848 555 900 integra
591 850 669 898 est,
709 848 861 887 formae
898 845 1013 888 satis’
1053 847 1152 887 rhet.
1179 847 1231 887 ad
1256 848 1349 888 Her.
1375 848 1434 887 IV
1461 850 1528 900 54,
1556 851 1646 889 67e
1681 847 1775 896 ‘Qui

233 908 313 947 ista
350 908 479 947 forma
516 909 557 947 et
593 909 725 947 aetate
762 920 891 958 nuper
927 908 1081 948 alienae
1113 908 1221 947 domi
1251 930 1311 936 --
1342 909 1435 948 nolo
1472 910 1591 960 plura
1628 908 1773 949 dicere'

235 966 313 1007 Cic.
338 968 382 1007 in
406 967 519 1007 Verr.
544 967 582 1006 V
609 969 678 1017 25,
705 968 760 1007 64
802 964 889 1018 ‘qui
926 967 1079 1018 aliquid
1116 968 1286 1019 formae,
1330 970 1493 1019 aetatis,
1538 969 1775 1021 artificiique

234 1027 447 1077 habebant,
479 1027 642 1067 abducit
672 1023 828 1067 omnis’.
889 1029 1012 1077 facies
1040 1029 1200 1068 honesta
1239 1029 1346 1068 idem
1378 1029 1536 1069 Terent.
1562 1030 1663 1069 Eun.
1689 1031 1774 1070 230

235 1084 395 1139 ‘papaez
438 1088 540 1127 facie
576 1085 758 1127 honesta’
800 1088 885 1127 682
926 1085 1009 1128 ‘ille
1047 1090 1134 1127 erat
1170 1088 1338 1128 honesta
1374 1089 1477 1128 facie
1514 1091 1555 1129 et
1588 1087 1773 1130 liberali’.

233 1147 376 1198 Itaque
408 1148 615 1199 suppleas:
646 1147 772 1187 tantis
803 1147 956 1188 accedit
986 1149 1154 1188 naturae
1185 1148 1344 1189 dotibus
1376 1151 1498 1188 aetas.

357 1202 499 1248 1259.
531 1207 756 1247 Scholiasta
781 1207 990 1248 Bobiensis
1015 1208 1067 1247 ad
1097 1208 1359 1248 Plancianam
1394 1209 1518 1248 Tullii
1536 1224 1574 1260 p.
1597 1211 1695 1260 254,
1719 1211 1771 1249 15

234 1266 358 1306 Orelli
391 1264 623 1307 ‘Tusculani
652 1268 874 1319 plurimum
904 1268 1045 1308 liuoris
1076 1269 1315 1308 naturaliter
1346 1270 1469 1309 etiam
1503 1270 1609 1309 circa
1645 1271 1773 1309 muni-

233 1327 340 1378 cipes
374 1339 466 1367 suos
497 1327 681 1367 habuisse
720 1327 918 1367 uidentur.
969 1329 1025 1368 sic
1063 1330 1103 1367 et
1133 1329 1185 1367 M.
1213 1327 1313 1368 Cato
1349 1329 1419 1368 ille
1452 1328 1661 1369 Censorius
1699 1344 1771 1381 pro

232 1388 410 1439 maligno
454 1389 494 1427 et
534 1387 673 1427 inuido
716 1387 876 1428 habitus
920 1391 990 1428 est.
1059 1401 1132 1428 nec
1175 1389 1293 1428 aliter
1339 1390 1462 1428 etiam
1505 1389 1682 1430 Lucilius
1725 1391 1773 1430 de

233 1447 447 1487 eorundem
479 1448 656 1487 moribus
694 1449 833 1497 sentit,
870 1448 945 1488 hoc
982 1448 1115 1488 dicens
1155 1445 1318 1500 “prima
1348 1449 1513 1500 Papiria
1551 1453 1592 1490 tu
1627 1451 1772 1490 solida-

230 1504 381 1547 rum’'.’
446 1508 559 1547 addit
588 1507 718 1548 Maius
751 1505 958 1559 ‘Sequitur
989 1510 1123 1547 autem
1154 1509 1374 1549 uersiculus
1407 1508 1581 1550 Graecus
1613 1510 1772 1550 oblitte-

232 1564 372 1607 ratus'.
421 1567 532 1607 Idem
562 1569 732 1607 coniecit
758 1568 1076 1614 Tusculidarmn,
1112 1569 1410 1609 §lhasoolidarum
1434 1570 1604 1610 scribere
1629 1571 1774 1610 maluit

233 1626 470 1667 Wunderus.
520 1627 676 1667 Reuera
700 1627 735 1667 si
758 1640 896 1668 uersus
922 1626 1094 1668 Graecus
1121 1628 1376 1668 oblitteratas
1402 1629 1573 1680 scriptus
1598 1631 1773 1680 extabat,

233 1687 369 1726 eodem
401 1687 519 1726 modo
580 1688 752 1727 insertus
790 1689 877 1728 erat
913 1701 992 1738 quo
1023 1688 1091 1727 lib.
1117 1688 1212 1727 XIV
1237 1702 1275 1727 u.
1303 1689 1388 1728 463
1421 1692 1462 1728 et
1498 1689 1595 1729 item
1630 1690 1771 1740 proba-

232 1746 368 1786 biliter
397 1747 644 1788 Homericus.
706 1747 766 1787 De
797 1748 1034 1788 Tusculanis
1066 1743 1164 1799 quos
1195 1750 1314 1788 metri
1344 1761 1464 1789 causa
1495 1749 1598 1789 dixit
1626 1750 1771 1790 Tuscu-

233 1807 336 1847 lidas
367 1809 413 1846 ut
442 1808 529 1858 ipse
559 1806 760 1857 Apulia'ae
789 1808 929 1847 incert.
955 1822 992 1846 u.
1022 1810 1154 1858 1109,
1190 1809 1427 1849 Romulidas
1464 1809 1534 1848 alii
1576 1809 1771 1861 dixerunt,

232 1867 325 1906 uide
356 1867 644 1911 Mommsenum
675 1867 724 1907 de
754 1867 839 1907 iure
870 1867 1030 1919 publico
1056 1882 1093 1919 p.
1114 1868 1160 1907 R.
1180 1868 1242 1908 111
1267 1863 1381 1923 (edit.
1405 1864 1539 1923 1887)
1559 1884 1596 1921 p.
1621 1872 1770 1920 177,1.

232 1925 416 1967 Liuorem
455 1927 626 1967 Romani
668 1927 811 1968 uicinis
851 1929 933 1968 suis
975 1928 1103 1968 inesse
1146 1929 1364 1979 plurimum
1405 1929 1612 1969 iactabant
1649 1931 1767 1970 sicuti

232 1986 494 2027 Athenienses
519 1987 818 2040 Megarensibus
849 1988 998 2028 similia
1022 1988 1125 2027 uitia
1151 1988 1459 2040 exprobrabant:
1492 1990 1587 2029 conf
1607 1990 1773 2042 Bergkii

233 2047 324 2086 hist.
350 2047 429 2087 litt.
456 2046 592 2087 Graec.
618 2047 677 2086 IV
700 2061 738 2098 p.
768 2048 806 2097 5,
836 2050 901 2087 ll.
955 2047 1178 2098 Scripserat
1207 2048 1386 2090 Lucilius
1423 2050 1550 2089 ueluti
1589 2047 1772 2090 ‘multost

231 2106 392 2146 Inuidia
422 2119 527 2146 nunc
556 2108 688 2158 prima
718 2107 883 2158 Papiria
914 2106 1249 2148 Tusculidarum’.

356 2161 498 2208 1260.
531 2167 672 2207 Festus
696 2182 734 2218 p.
763 2169 860 2217 194,
887 2169 911 2207 5
947 2165 1203 2208 ‘Oufentinae
1234 2168 1362 2208 tribus
1393 2170 1511 2209 initio
1543 2182 1664 2209 causa
1693 2167 1772 2209 fuit

234 2239 377 2266 nomen
409 2226 582 2266 fluminis
614 2226 777 2277 Oufens,
809 2227 916 2278 quod
947 2230 1008 2267 est
1037 2228 1081 2267 in
1117 2241 1214 2281 agro
1246 2229 1480 2269 Priuernate
1517 2242 1626 2269 mare
1663 2231 1771 2269 intra

235 2280 372 2340 (inter)
405 2288 446 2326 et
481 2286 730 2327 Taracinam.
791 2287 1001 2327 Lueretius
1039 2285 1262 2328 “Priuerno
1299 2290 1515 2338 oufendina
1552 2291 1663 2329 uenit
1699 2290 1771 2328 flu-

234 2346 380 2396 uioque
423 2343 644 2385 oufente’'.'
718 2345 874 2386 Lucilio
923 2347 1066 2387 tribuit
1113 2347 1302 2400 Scaliger.
1376 2347 1594 2388 Oufentina
1642 2350 1770 2389 tribus

234 2405 425 2446 Priuerno
457 2407 570 2445 uenit
598 2407 642 2445 in
672 2406 811 2446 urbem
841 2409 888 2446 ut
917 2407 1153 2459 suffragium
1185 2408 1306 2447 ferat:
1341 2408 1506 2459 Dionys.
1538 2409 1644 2448 arch.
1670 2409 1770 2448 VIII

238 2467 304 2516 72,
331 2466 357 2504 4
388 2466 655 2506 Mommsenus
686 2465 734 2506 de
764 2468 850 2506 iure
881 2467 1041 2517 publico
1073 2481 1110 2518 p.
1137 2468 1183 2507 R.
1208 2467 1270 2506 III
1296 2462 1410 2522 (edit.
1439 2463 1572 2522 1887)
1604 2482 1642 2520 p.
1671 2470 1768 2508 644.

235 2524 510 2576 Spondeiazon
539 2526 767 2566 simillimus
799 2528 859 2566 est
888 2526 998 2566 illius
1029 2527 1096 2566 lib.
1122 2527 1184 2566 111
1208 2541 1246 2567 u.
1276 2529 1372 2567 126.

359 2580 498 2626 1261.
529 2584 719 2625 Ordinem
748 2586 942 2626 librorum
973 2589 1130 2627 secutus
1161 2600 1245 2627 esse
1276 2587 1436 2627 uidetur
1463 2591 1583 2639 poeta
1607 2590 1650 2627 in
1675 2601 1768 2627 enu-

234 2645 433 2685 merandis
469 2644 618 2685 Lucilii
652 2647 843 2686 inimicis:
880 2646 982 2686 libro
1008 2647 1029 2685 Ι
1058 2646 1235 2699 Lupum,
1277 2647 1380 2688 libro
1405 2648 1447 2687 H
1483 2648 1659 2688 Mucium
1699 2649 1768 2687 ille

234 2706 430 2744 secuerat:
466 2705 642 2744 Mucium
678 2708 885 2756 praeterea
920 2707 1023 2746 libro
1049 2707 1102 2747 V:
1139 2707 1231 2747 uide
1269 2708 1321 2747 ad
1354 2707 1422 2747 lib.
1447 2708 1490 2747 H
1514 2721 1551 2748 u.
1582 2709 1636 2748 74
1667 2707 1704 2746 V
1727 2722 1768 2748 u.

235 2765 320 2804 203
335 2777 441 2815 seqq.
466 2764 606 2804 incert.
630 2778 669 2804 u.
697 2766 822 2805 1235.

358 2818 500 2864 1262.
534 2818 677 2865 1263.
708 2824 786 2863 Vix
816 2827 876 2865 est
906 2825 1012 2876 quod
1042 2826 1279 2866 scholiastae
1305 2826 1353 2865 de
1378 2827 1561 2866 omnibus
1585 2827 1767 2867 tribubus

236 2882 287 2922 ad
318 2895 438 2922 unam
470 2895 495 2922 a
524 2882 679 2923 Lucilio
709 2884 895 2924 laceratis
931 2886 1120 2924 referenti
1157 2886 1311 2925 credas:
1348 2886 1440 2924 uide
1478 2886 1530 2925 ad
1566 2887 1703 2925 incert.
1729 2900 1767 2926 11.

240 2943 366 2982 1100.
427 2942 651 2982 Nonnullae
687 2944 823 2982 tamen
860 2957 951 2983 eum
987 2945 1179 2995 carpsisse
1215 2946 1415 2984 testantur
1451 2957 1588 2984 uersus
1627 2946 1766 2985 incert.

240 3003 365 3041 1259.
388 3002 515 3052 1260,
542 3001 612 3041 ubi
635 3002 812 3042 tribuum
836 3002 1023 3055 Papiriae
1048 3005 1089 3044 et
1112 3003 1352 3044 oufentinae
1377 3005 1607 3044 etiamnunc
1631 3007 1768 3046 extant
