2060 3444
302 244 390 287 244
863 241 982 277 XXVI
1008 253 1041 276 u.
1069 243 1268 277 667—669.

304 359 398 396 licet
427 356 581 395 modico
612 357 732 394 uento
765 355 885 393 flante
917 356 1085 393 uexatur
1116 356 1156 393 et
1179 354 1284 393 male
1310 352 1531 405 accipitur'.
1577 355 1671 394 conf
1688 369 1726 406 p.
1749 356 1832 394 149

302 429 331 455 s.
363 431 400 455 u.
433 416 608 465 accipere
659 416 699 453 et
747 414 872 453 Lucil.
903 414 971 452 lib.
997 414 1129 452 XXIX
1158 427 1195 452 u.
1231 414 1328 452 827.
1407 415 1467 453 De
1516 414 1692 454 decumis
1743 417 1835 454 ante

307 475 346 514 C.
368 474 534 514 Gracchi
564 476 693 526 legem
727 469 916 527 631s123
949 474 1075 512 latam
1107 475 1295 523 conqueri
1325 486 1403 512 non
1433 475 1568 525 potuit
1597 475 1675 514 nisi
1701 475 1859 514 arator·

305 535 459 574 Siculus
497 528 596 588 (Cic.
622 536 664 572 in
691 533 802 572 Verr.
828 533 869 572 Π
897 535 964 582 69,
994 534 1075 572 166
1108 533 1375 583 Marquardtii
1416 533 1603 573 enchirid.
1647 535 1834 586 antiquit.

302 609 338 645 p.
364 595 409 632 R.
435 594 472 631 V
506 588 631 646 (Lips.
661 588 794 647 1884)
833 607 869 643 p.
899 594 995 632 187.
1032 595 1132 632 191:
1176 606 1270 631 nam
1314 606 1416 643 quae
1454 593 1663 645 Appianas
1694 595 1731 633 b.
1758 606 1789 633 c.
1814 594 1836 633 I

305 656 326 692 7
342 654 442 692 med.
473 653 599 692 tradit
624 653 670 691 de
702 653 888 702 decumis,
920 666 967 692 ea
999 654 1069 691 aut
1099 665 1241 703 parum
1273 653 1478 692 credibilia
1509 655 1603 693 sunt
1633 656 1704 693 aut
1733 654 1835 692 nihil

301 714 377 752 huc
412 714 623 763 pertinent.
685 712 827 762 Itaque
858 714 1019 763 poetam
1056 712 1223 751 diuitem
1259 714 1302 751 in
1335 713 1472 752 Sicilia
1510 726 1626 764 saepe
1664 726 1834 753 commo-

301 774 434 812 ratum
461 767 569 826 (uide
595 772 645 810 ad
671 772 739 810 lib.
764 772 828 810 ΠΙ
851 786 888 811 u.
918 773 1000 811 105
1034 772 1092 811 VI
1116 786 1153 810 u.
1182 766 1287 826 254)
1313 773 1361 811 de
1388 772 1530 812 Siculis
1555 774 1636 813 suis
1661 773 1835 824 praediis

301 845 462 872 narrare
493 832 566 871 hac
598 833 733 870 satura
764 833 849 870 iure
875 834 1010 871 nostro
1037 845 1083 870 ex
1107 832 1181 871 1100
1206 845 1325 872 uersu
1351 832 1584 872 efficiemus:
1615 833 1708 872 uide
1734 845 1836 884 quae

301 893 470 931 diximus
496 892 547 930 ad
571 906 608 930 u.
637 893 732 931 594.

253 999 257 1002 ,
421 947 531 991 668.
563 951 716 990 Nonius
747 965 784 1001 p.
813 952 910 1001 272,
939 952 992 990 23
1028 948 1222 1001 ‘Constat
1254 952 1376 1002 ualet,
1409 953 1600 992 consistit.
1655 952 1834 993 Lucilius

300 1011 368 1050 lib.
394 1011 524 1050 XXVI
557 1008 702 1050 “trado
724 1042 731 1049 .
754 1042 761 1049 .
784 1042 791 1049 .
812 1007 1002 1050 carius’'.'
1060 1023 1125 1061 eqo
1157 1012 1248 1066 aliis
1278 1011 1574 1052 Lachmannus:
1609 1026 1710 1063 quae
1741 1014 1834 1054 scri-

301 1073 421 1121 ptura
452 1072 486 1110 si
516 1070 760 1122 probabitur,
792 1070 866 1110 hoc
896 1083 1014 1109 uersu
1039 1070 1217 1111 Lucilius
1248 1074 1460 1123 praecepta
1492 1085 1565 1112 sua
1594 1085 1740 1126 magno
1769 1073 1834 1112 de-

301 1131 488 1169 trimento
526 1130 604 1169 sibi
640 1132 872 1180 comparata
908 1131 1074 1170 minimo
1112 1131 1202 1171 aliis
1240 1144 1323 1171 sese
1361 1133 1506 1172 saturis
1543 1133 1624 1172 suis
1664 1133 1834 1172 uendere

300 1191 499 1240 professus
532 1192 601 1229 est.
663 1190 802 1240 Neque
832 1192 969 1230 tamen
1000 1192 1158 1241 oportet
1187 1192 1396 1231 mutemus.
1451 1191 1551 1244 Agit
1581 1194 1687 1231 enim
1717 1194 1836 1244 poeta

302 1250 348 1288 de
388 1251 470 1289 suis
509 1251 633 1300 agris:
676 1263 756 1289 non
793 1251 1008 1301 quotannis
1044 1252 1183 1290 messis
1221 1251 1319 1290 bene
1356 1253 1558 1302 prouenit,
1602 1253 1721 1292 sicuti
1762 1253 1837 1292 hoc

303 1322 405 1348 anno
438 1309 592 1359 accidit,
623 1311 744 1348 immo
777 1322 1058 1361 saepenumero
1091 1310 1279 1350 damnum
1309 1313 1443 1362 patior
1467 1312 1770 1363 tempestatibus
1796 1313 1837 1351 et

302 1370 480 1408 siccitate
512 1371 695 1408 uexatus:
730 1366 860 1409 ‘trado
893 1383 986 1422 ergo
1016 1370 1116 1410 alias
1142 1384 1302 1410 nummo
1328 1384 1457 1421 porro,
1490 1372 1596 1422 quod
1620 1372 1721 1411 mihi
1745 1385 1835 1412 con-

304 1431 385 1467 stat
416 1426 572 1469 carius’.
634 1429 781 1469 Versus
814 1431 962 1469 exitum
993 1430 1164 1470 similem
1194 1430 1316 1471 habes
1349 1443 1411 1482 ap.
1441 1431 1596 1470 Terent.
1621 1432 1722 1471 Eun.
1750 1433 1832 1471 211

304 1485 425 1538 ‘quod
455 1489 553 1542 mihi
585 1490 644 1528 est
676 1486 834 1528 carius’.
891 1489 1062 1529 Tradere
1092 1503 1164 1541 pro
1193 1491 1362 1530 uendere
1387 1491 1554 1542 uulgare
1579 1491 1835 1532 uocabulum:

303 1546 415 1587 Ouid.
441 1550 598 1587 metam.
625 1548 725 1588 Vm
754 1550 838 1589 872
885 1546 1018 1600 ‘saepe
1061 1551 1177 1601 pater
1219 1551 1389 1590 dominis
1433 1551 1646 1602 Triopeida
1694 1546 1834 1591 tradit’

301 1607 551 1647 Phaedr.·IV
578 1609 616 1659 5,
644 1610 699 1647 44
745 1606 1010 1660 ‘quacumque
1048 1622 1203 1649 summa
1246 1611 1379 1650 tradet
1420 1611 1599 1650 luxuriae
1642 1608 1836 1650 domum':

303 1669 453 1707 tradere
482 1680 604 1717 porro
635 1670 682 1707 ut
711 1669 878 1709 uendere
907 1670 1018 1717 foras
1055 1671 1192 1709 incert.
1218 1684 1255 1709 u.
1285 1671 1410 1710 1253.
1461 1670 1591 1710 Affert
1623 1671 1836 1711 Muellerus

302 1727 411 1778 Eleg.
449 1729 490 1766 in
529 1728 699 1767 Maecen.
731 1729 773 1767 H
807 1730 862 1768 30
902 1723 1041 1783 (PLM
1066 1730 1087 1768 I
1119 1744 1156 1781 p.
1187 1731 1269 1769 136
1285 1724 1338 1785 Β)
1396 1727 1453 1769 ‘et
1500 1731 1664 1770 tradant
1718 1744 1836 1782 porro

303 1786 480 1826 Caesaris
518 1801 642 1838 usque
680 1786 830 1840 genus'.
880 1788 1147 1828 Liu.XXV11
1173 1791 1248 1840 51,
1274 1791 1300 1828 4
1341 1787 1554 1841 ‘extemplo
1590 1791 1680 1836 aliis
1717 1803 1836 1843 porro

301 1847 575 1897 impertierant
606 1849 797 1899 gaudium
828 1846 970 1888 suum’.

421 1902 531 1946 669.
563 1907 716 1947 Nonius
742 1922 779 1958 p.
808 1909 876 1958 38,
905 1910 927 1947 7
963 1906 1216 1960 ‘Versipelles
1248 1909 1346 1949 dicti
1371 1912 1464 1949 sunt
1491 1910 1669 1960 quolibet
1694 1923 1836 1963 genere

303 1977 342 2004 se
370 1969 670 2006 commutantes.
708 1967 886 2007 Lucilius
911 1968 980 2007 lib.
1005 1969 1137 2008 XXVI
1170 1966 1255 2008 “ad
1285 1969 1493 2009 libertinus
1525 1970 1708 2010 tricorius
1735 1971 1835 2010 sirus

303 2025 388 2074 ipse
419 2026 472 2064 ad
501 2029 700 2066 masticias
722 2059 728 2065 .
751 2059 758 2066 .
781 2059 788 2066 .
809 2025 1002 2067 omnia'’.’
1053 2028 1144 2067 Dici
1175 2031 1343 2079 apparet
1373 2042 1463 2068 cum
1493 2031 1652 2069 saturae
1687 2029 1836 2069 acerbi-

304 2086 388 2123 tate
419 2085 639 2136 dominum‚
671 2089 752 2136 ‘ipse
782 2087 975 2127 uocabulo
1007 2090 1077 2139 qui
1107 2088 1322 2138 indicetur,
1354 2091 1394 2128 et
1424 2089 1655 2128 libertinum
1687 2091 1727 2128 et
1757 2102 1835 2129 ser-

303 2158 414 2182 uum:
454 2145 537 2195 ipse
568 2147 744 2196 profecto
782 2148 989 2199 mastigias
1028 2150 1089 2187 est
1127 2148 1319 2188 dominus.
1382 2148 1507 2194 Quem
1543 2162 1694 2188 memor
1717 2149 1835 2188 Plau-

305 2205 381 2241 tini
411 2216 546 2243 uersus
578 2205 695 2244 Poen.
726 2208 807 2245 138
848 2204 966 2246 ‘nunc
1002 2209 1103 2247 mihi
1138 2207 1388 2248 blandidicus
1426 2209 1607 2253 es:,11eri
1642 2210 1684 2248 in
1721 2210 1834 2261 tergo

304 2276 391 2301 meo
416 2265 487 2302 tris
512 2264 628 2303 facile
654 2268 776 2305 corios
801 2267 1028 2306 contriuisti
1052 2266 1237 2307 bubulos’
1266 2268 1445 2319 appellat
1468 2268 1599 2319 lepide
1623 2270 1835 2315 tricorium,

304 2323 423 2361 sicuti
453 2322 655 2363 dicebatur
679 2326 798 2364 trisur
823 2326 1042 2366 trifurcifer
1066 2328 1287 2372 triuerbero
1312 2329 1555 2380 trimastigia
1581 2328 1672 2368 alia.
1722 2328 1835 2375 Quod

303 2381 433 2431 ipsum
459 2382 663 2422 dominum
686 2387 892 2435 praeterea
918 2388 1097 2438 appellat
1123 2386 1279 2438 Syrum,
1311 2388 1405 2427 conf
1427 2400 1528 2438 quae
1558 2387 1835 2428 adnotauimus
1892 2409 1894 2411 >

306 2441 356 2478 ad
387 2441 453 2480 lib.
480 2443 554 2480 XV
578 2457 614 2481 u.
643 2446 727 2483 497
760 2445 821 2484 HI
840 2460 876 2484 u.
900 2448 1003 2485 128:
1028 2447 1185 2486 Firmic.
1210 2447 1377 2486 Matern.
1397 2448 1419 2486 I
1439 2449 1477 2497 3,
1498 2449 1522 2486 3
1542 2461 1580 2499 p.
1604 2448 1627 2486 6
1650 2447 1708 2487 ed.
1730 2448 1768 2488 S.
1787 2447 1834 2487 Κ.

308 2497 492 2550 ‘Scythae
516 2533 522 2540 .
545 2534 552 2540 .
575 2534 582 2541 .
603 2504 836 2544 crudelitate
862 2509 1104 2557 grassantur,
1126 2538 1133 2545 .
1156 2538 1163 2545 .
1186 2538 1193 2545 .
1218 2505 1325 2546 Galli
1350 2507 1488 2547 stolidi
1508 2538 1515 2545 .
1538 2539 1545 2546 .
1567 2539 1574 2546 .
1595 2508 1708 2546 auari
1727 2504 1833 2558 Syri'

305 2554 438 2612 (Plato
453 2561 564 2617 Reip.
578 2562 636 2600 IV
649 2577 686 2613 p.
702 2565 786 2602 435
799 2559 866 2618 E).
897 2566 973 2604 Est
983 2566 1183 2616 particula
1196 2568 1244 2605 ut
1256 2580 1372 2618 saepe
1386 2567 1607 2618 supplenda
1619 2569 1695 2607 est:
1714 2567 1836 2607 uersi-

297 2619 414 2666 pellis
439 2620 678 2660 adiectiuum
703 2624 800 2662 item
825 2626 871 2662 ut
895 2627 1074 2665 tricorius
1100 2626 1216 2665 debet
1240 2626 1394 2666 Plauto.
1438 2626 1585 2679 Agitur
1611 2627 1658 2666 de
1676 2628 1835 2666 homine

306 2678 372 2726 qui
411 2679 513 2717 sicut
548 2680 758 2721 libertinus
798 2684 863 2721 uel
907 2697 1042 2724 seruus
1086 2686 1150 2724 uel
1190 2686 1311 2736 Syrus
1354 2687 1559 2738 negotium
1602 2688 1722 2738 gerit3
1767 2687 1836 2737 qui

305 2739 444 2786 utique
475 2741 615 2788 poetae
646 2741 808 2780 uidetur
838 2744 1018 2783 sordidus
1044 2747 1243 2795 quaestus.
1295 2745 1388 2796 Syri
1412 2759 1556 2785 nomen
1582 2747 1633 2785 ad
1657 2747 1835 2786 faenera-

307 2798 434 2835 torem
476 2798 637 2838 uidetur
679 2801 886 2852 deducere3
930 2804 1171 2843 Trimalchio
1209 2818 1272 2855 ap.
1303 2805 1461 2845 Petron.
1490 2807 1542 2845 76
1558 2807 1655 2845 extr.
1698 2807 1836 2845 narrat

227 2859 233 2863 '
308 2852 467 2894 ‘sustuli
497 2871 559 2896 me
598 2859 644 2897 de
680 2862 969 2912 negotiatione,
1007 2865 1047 2902 et
1084 2865 1196 2914 coepi
1231 2861 1361 2917 (per)
1397 2865 1562 2906 libertos
1602 2862 1835 2905 faenerare’:

306 2915 451 2953 multos
487 2929 557 2966 per
594 2931 728 2958 seruos
771 2922 811 2958 et
847 2921 1010 2960 libertos
1046 2924 1121 2962 hoc
1160 2924 1276 2963 modo
1320 2926 1494 2964 reculam
1541 2927 1693 2964 auxisse
1737 2926 1834 2964 satis

307 2975 460 3012 constat
488 2988 566 3025 qua
591 2977 638 3015 de
662 2991 704 3016 re
731 2980 824 3017 conf
838 2980 1105 3030 Marquardtii
1123 2983 1250 3021 Mauii
1276 2985 1462 3023 enchirid.
1490 2985 1536 3024 de
1562 2986 1648 3024 uita
1673 2986 1835 3037 priuata
