2060 3444
310 293 397 336 394
786 291 916 328 incert.
943 292 1018 327 sed.
1045 304 1081 327 u.
1111 295 1354 328 1241-1244.

307 406 483 444 Lucilius
509 407 555 444 ut
581 404 716 444 Cicero
743 405 902 455 scripsit
926 405 1095 443 nimium
1113 403 1257 443 blande
1277 406 1317 443 et
1335 404 1480 455 sedate,
1506 404 1573 444 sed
1593 405 1842 444 acerbissime

307 466 524 504 insectatus
556 467 616 504 est
639 464 839 504 hominem
866 466 1024 503 auctore
1050 463 1155 503 Pers.
1179 464 1201 502 I
1227 464 1310 503 115
1336 464 1474 503 quen.
1499 464 1520 503 Ι
1548 465 1650 503 154:
1674 464 1764 503 uide
1790 463 1841 503 ad

307 526 373 564 lib.
395 525 436 564 H
459 539 496 563 u.
522 526 586 563 74.

431 579 572 624 1242.
606 582 841 623 Consentius
884 584 924 622 in
963 585 1049 622 arte
1093 583 1140 621 de
1183 583 1438 623 barbarismis
1482 585 1522 623 et
1569 583 1841 633 metaplasmis

308 643 380 683 GL
407 645 444 682 V
474 658 511 695 p.
533 645 632 693 400,
658 644 736 682 41(
774 641 934 683 ‘Poetae
971 643 1124 682 faciunt
1166 644 1464 694 metaplasmos,
1509 656 1596 682 cum
1638 644 1718 694 ipsi
1759 644 1842 683 iam

309 705 547 754 scripturam
577 704 809 753 relinquunt
839 704 1078 753 corruptam,
1109 704 1156 742 ut
1192 704 1252 742 est
1285 699 1521 753 “relliquias
1553 699 1769 742 Danaum''
1802 704 1842 742 et

310 761 482 802 “tanton
507 776 570 803 me
595 764 758 802 crimine
784 763 948 814 dignum
973 759 1178 802 Duxisti'':
1210 762 1364 801 addidit
1389 763 1493 801 enim
1518 776 1639 801 unam
1662 762 1842 801 litteram

308 836 379 874 per
410 824 714 873 metaplasmum
745 823 777 872 l,
817 823 913 861 item
952 824 1089 861 contra
1128 819 1321 874 <dempsit
1351 824 1517 862 litteram
1547 835 1622 871 per
1656 822 1842 871 metapla-

277 889 434 922 'smum
466 880 530 935 e),
575 883 678 923 sicut
719 882 895 922 Lucilius
929 879 1027 922 “ore
1068 878 1298 932 corrupto'’:
1348 882 1520 932 dempsit
1568 883 1673 921 enim
1721 894 1842 920 unam

307 944 485 982 litteram
521 956 592 993 per
621 942 928 992 metaplasmum
970 955 1007 980 r:
1058 943 1098 980 et
1146 942 1297 980 Ennius
1335 936 1486 995 (annal.
1521 942 1603 980 567
1618 937 1675 995 V)
1719 937 1842 980 “huic

308 1004 485 1042 statuam
510 1004 634 1041 statui
658 1002 854 1041 maiorum
880 1002 1012 1041 obatu.
1046 995 1182 1054 (super
1206 1002 1255 1041 ob
1281 1003 1469 1051 scriptum
1494 1004 1549 1041 est
1566 995 1614 1055 ὣ)
1642 996 1840 1040 athenis’'.

309 1065 347 1101 et
389 1063 454 1101 hic
497 1075 653 1112 quoque
696 1076 766 1112 per
810 1062 1113 1112 metaplasmum
1158 1061 1329 1112 dempsit
1364 1063 1542 1101 litteram
1577 1058 1625 1099 r'.
1692 1060 1842 1099 Locum

308 1123 510 1172 suppleuit
540 1122 817 1161 Lachmannus
849 1121 899 1160 ad
930 1121 1084 1160 Lucret.
1110 1121 1169 1159 VI
1194 1135 1230 1159 u.
1254 1122 1366 1160 1135
1401 1116 1457 1174 (p.
1478 1115 1583 1174 416)
1611 1121 1681 1171 qui
1704 1132 1841 1160 uersus

307 1183 349 1220 in
381 1181 482 1220 codd
512 1181 686 1220 Lucretii
718 1182 828 1220 extat
857 1180 1028 1220 traditus
1059 1181 1133 1220 hoc
1164 1181 1281 1220 modo
1315 1178 1381 1220 ‘an
1413 1181 1567 1220 caelum
1597 1180 1710 1220 nobis
1735 1180 1841 1219 uitro

307 1243 454 1280 natura
485 1237 762 1291 corumptum’.
819 1239 895 1286 Qui
925 1240 1101 1280 Lucretii
1131 1253 1290 1279 uersum
1321 1253 1401 1279 non
1431 1241 1622 1280 tolerauit
1648 1240 1707 1279 ita
1738 1253 1841 1279 com-

307 1302 493 1351 paratum
529 1302 572 1339 in
609 1300 781 1339 editione
819 1313 907 1351 sua,
944 1300 1050 1339 idem
1086 1299 1230 1339 Lucilii
1267 1313 1424 1339 uersum
1464 1301 1618 1339 censuit
1653 1313 1733 1339 non
1764 1299 1842 1338 dici

308 1361 484 1411 potuisse
518 1357 610 1399 ‘nisi
641 1360 831 1399 irridendi
874 1372 994 1399 causa
1025 1362 1095 1399 aut
1125 1359 1228 1399 forte
1259 1361 1301 1398 in
1331 1361 1437 1399 recte
1467 1359 1657 1410 loquendi
1687 1359 1841 1410 legibus

308 1416 651 1460 demonstrandis’.
725 1419 781 1458 At
823 1433 871 1458 ne
914 1420 988 1458 hoc
1031 1419 1191 1470 quidem
1234 1420 1382 1470 poterit
1425 1420 1532 1459 credi
1573 1420 1651 1458 11151
1694 1420 1729 1458 51
1771 1420 1842 1458 aut

309 1482 447 1529 aptum
492 1481 711 1530 exemplum
757 1482 827 1518 aut
871 1480 966 1530 apta
1010 1479 1232 1530 explicandi
1272 1479 1376 1518 ratio
1420 1480 1496 1518 erit
1540 1480 1679 1518 allata:
1719 1478 1840 1518 immo

308 1539 466 1578 facilius
492 1540 627 1578 credas
653 1541 724 1578 aut
743 1540 888 1578 uitioso
909 1540 1128 1589 exemplari
1143 1551 1258 1577 usum
1277 1539 1399 1578 fuisse
1420 1538 1622 1577 Consentii
1641 1539 1842 1577 auctorem

309 1601 381 1638 aut
412 1599 518 1650 quod
548 1599 793 1649 probabilius
825 1600 1019 1638 errauisse
1050 1599 1165 1637 illum
1197 1598 1333 1638 eodem
1364 1599 1480 1637 modo
1507 1611 1585 1649 quo
1610 1597 1841 1637 Diomedem

310 1660 378 1708 qui
414 1659 435 1697 I
465 1673 502 1709 p.
524 1660 629 1708 452,
658 1658 762 1698 191<
806 1658 914 1708 apud
962 1658 1160 1697 Lucilium
1204 1653 1359 1712 (incert.
1385 1672 1421 1696 u.
1451 1653 1585 1712 1130)
1628 1659 1671 1696 in
1712 1659 1843 1706 pretor

309 1719 469 1770 longam
513 1719 706 1768 syllabam
757 1719 978 1758 structurae
1026 1719 1159 1770 gratia
1207 1718 1352 1768 corripi
1400 1718 1623 1768 impudenti
1672 1717 1842 1756 affirmet

308 1778 485 1817 audacia.
548 1779 606 1816 De
638 1792 743 1817 nouo
775 1778 906 1817 codice
939 1777 1141 1817 Consentii
1169 1778 1272 1816 unde
1298 1778 1419 1816 Ennii
1442 1790 1579 1817 uersus
1605 1777 1843 1827 scripturam

308 1839 477 1887 protulit
526 1838 646 1876 refert
693 1837 918 1887 Lindsayus
963 1838 1064 1876 Berl.
1103 1837 1203 1876 Phil.
1242 1837 1518 1877 Wochenschr.
1556 1837 1687 1875 XXIV
1727 1837 1840 1876 1904

308 1912 344 1947 p.
369 1898 464 1935 283.
526 1898 667 1947 Itaque
705 1898 762 1935 1111
799 1897 875 1935 11151
913 1897 961 1935 de
999 1897 1285 1948 orthographia
1322 1897 1432 1936 uerbi
1473 1900 1653 1946 comptus
1683 1896 1842 1935 rettulit

308 1958 589 2008 grammaticus
628 1970 746 2006 quem
784 1958 942 1996 secutus
975 1958 1034 1996 est
1065 1955 1316 1995 Consentius:
1348 1957 1471 1995 simili
1502 1956 1618 1995 modo
1655 1957 1840 2004 coriqiam

309 2016 466 2054 exhibet
497 2016 624 2054 Edict.
651 2016 818 2054 Dioclet.
844 2015 879 2053 X
908 2017 973 2054 19.
1034 2016 1167 2054 Verba
1202 2017 1291 2065 ipsa
1327 2028 1425 2055 sana
1456 2017 1565 2055 sunt:
1597 2016 1692 2054 conf
1719 2014 1839 2061 Quin-

308 2076 367 2113 til.
394 2075 414 2113 I
442 2078 478 2124 1,
507 2077 558 2114 13
594 2071 688 2114 ‘oris
720 2075 893 2126 plurima
929 2076 1030 2114 uitia
1067 2075 1107 2113 in
1139 2076 1391 2126 peregrinum
1422 2087 1560 2114 sonum
1594 2075 1770 2124 corrupti
1802 2076 1841 2113 et

309 2131 527 2174 sermonis':
558 2134 723 2185 Didymi
758 2135 899 2186 fragm.
925 2148 962 2185 p.
986 2135 1039 2173 19
1061 2134 1189 2173 Schm.
1259 2135 1401 2184 Itaque
1444 2135 1518 2173 aut·
1553 2145 1617 2173 ore
1653 2134 1695 2172 in
1732 2135 1840 2172 exitu

308 2207 443 2233 uersus
486 2195 661 2244 positum
705 2195 852 2243 fuerat,
896 2196 967 2233 aut
1006 2194 1128 2233 uerba
1167 2195 1259 2234 sunt
1301 2195 1506 2243 lacunosa,
1549 2194 1620 2232 aut
1659 2195 1720 2232 ori
1755 2194 1839 2232 siue

311 2254 509 2292 ablatiuus
552 2255 636 2292 siue
679 2253 839 2293 datiuus
882 2254 1170 2293 restituendum
1207 2254 1299 2302 erit,
1342 2255 1388 2292 ut
1424 2255 1477 2293 sit
1511 2253 1839 2304 penthemimeres

311 2315 381 2352 aut
412 2314 571 2351 omnino
596 2314 795 2352 trochaico
822 2315 891 2352 aut
915 2314 1085 2352 iambico
1111 2314 1243 2352 uersui
1268 2314 1537 2365 fragmentum
1564 2314 1641 2352 erit
1664 2313 1838 2352 tribuen-

310 2373 413 2411 dum.
448 2395 502 2398 —
534 2373 715 2423 Denique
745 2373 977 2423 bipertitam
1004 2373 1198 2412 rationem
1224 2369 1477 2423 metaplasmi
1501 2371 1597 2411 κατὰ
1622 2371 1840 2425 πρόσθεσιν

309 2430 374 2470 καὶ
416 2429 625 2484 ἀφαίρεσιν
668 2432 830 2471 adhibet
872 2434 1154 2484 grammaticus
1198 2433 1315 2471 sicuti
1356 2433 1398 2471 in
1446 2446 1489 2471 re
1531 2433 1696 2471 metrica
1739 2432 1841 2474 solet

308 2491 395 2530 fieri
431 2486 700 2546 (Oxyrhynch.
727 2492 823 2542 Pap.
849 2493 891 2530 H
921 2506 957 2541 p.
980 2494 1035 2531 44
1060 2487 1141 2546 ΠΙ)
1180 2493 1297 2531 et*in
1329 2493 1486 2541 poetica
1518 2486 1647 2544 (GGF
1672 2491 1693 2530 I
1722 2505 1760 2541 p.
1783 2492 1834 2530 51

309 2546 500 2604 Kaibel.):
532 2552 863 2602 quadripertitam
894 2553 1089 2590 rationem
1119 2553 1161 2589 in
1193 2552 1390 2590 rhetorica
1427 2551 1589 2590 adhibet
1620 2552 1758 2590 auctor
1789 2551 1839 2589 ad

309 2611 402 2649 Her.
427 2611 486 2649 IV
512 2613 579 2660 21,
608 2612 660 2650 29
687 2611 787 2649 med.
821 2608 1026 2651 ‘addendis
1052 2641 1060 2649 .
1083 2642 1089 2649 .
1112 2641 1120 2649 .
1147 2611 1346 2650 demendis
1373 2643 1379 2649 .
1404 2642 1411 2648 .
1433 2641 1439 2648 .
1466 2610 1750 2650 transferendis
1771 2641 1777 2648 .
1800 2641 1806 2648 .
1827 2640 1838 2649 .

310 2670 597 2709 commutandis
641 2665 841 2723 (litteris)’
891 2684 1011 2720 quam
1060 2671 1294 2709 diuisionem
1344 2670 1464 2709 etiam
1512 2670 1839 2721 philosophorum

229 2745 235 2749 ·
309 2731 512 2779 propriam
544 2730 665 2768 fuisse
696 2731 844 2769 euincit
877 2730 1054 2769 Philonis
1094 2731 1203 2769 locus
1241 2730 1288 2768 de
1325 2731 1472 2768 aetern.
1507 2730 1644 2768 mundi
1677 2731 1731 2768 22
1769 2729 1838 2768 ubi

310 2788 522 2840 πρόσθεσις
559 2787 764 2841 ἀφαίρεσις
810 2788 1016 2840 μετάθεσις
1059 2786 1262 2836 ἀλλοίωσις
1299 2791 1489 2839 quattuor
1531 2788 1640 2828 modi
1677 2792 1837 2840 φθορᾶς

309 2850 607 2889 enumerantur:
640 2849 733 2886 conf
760 2847 923 2894 Quintil.
943 2849 964 2887 Ι
991 2849 1028 2897 5,
1056 2849 1092 2887 6.
1127 2849 1193 2887 38.
1225 2849 1284 2887 VI
1310 2850 1347 2898 3,
1375 2849 1442 2887 53.

432 2902 573 2948 1244.
615 2908 826 2957 Explanat.
875 2908 918 2946 in
966 2908 1169 2946 Donatum
1212 2907 1279 2946 GL
1303 2908 1362 2946 IV
1393 2922 1430 2958 p.
1459 2909 1562 2956 542,
1597 2907 1701 2946 12Κ
1751 2903 1836 2945 ‘Sal

308 2968 517 3005 masculini
550 2969 702 3018 generis
735 2969 811 3006 est:
848 2967 1024 3006 Lucilius
1062 2962 1206 3021 (lucius
1239 2962 1329 3020 cod)
1368 2964 1467 3006 “ore
1505 2968 1629 3006 salem
1665 2968 1839 3015 expiandi?

309 3023 549 3067 amarum''.'
611 3026 732 3069 Probi
769 3027 816 3068 de
852 3028 1010 3068 nomine
1048 3028 1231 3079 excerpta
1268 3026 1335 3066 GL
1359 3027 1418 3067 IV
1442 3041 1480 3078 p.
1508 3027 1605 3075 209,
1632 3026 1736 3066 1οΚ
1781 3021 1837 3065 ‘et
