2060 3444
286 255 370 299 188
874 254 943 290 XV
966 266 1002 290 u.
1032 256 1231 290 503—506.

284 383 358 409 uus
396 368 641 419 compeditus
679 369 867 408 uilissimi
907 369 1078 419 generis,
1124 368 1192 418 qui
1234 368 1277 407 in
1321 369 1521 420 ergastulo
1564 367 1817 408 subterraneo

285 431 444 469 uinctus
483 430 688 480 operatur:
726 427 964 467 uocabulum
1002 427 1098 465 alibi
1136 440 1213 466 non
1252 430 1371 467 extat.
1439 427 1668 466 Decumano
1705 440 1819 478 pane,

286 502 400 540 quem
433 502 511 528 non
544 488 756 540 ergastilus
788 499 900 537 unus,
938 500 1017 526 non
1047 488 1175 526 fossor
1205 487 1394 537 comedet,
1427 488 1531 528 uesci
1561 488 1692 539 coegit
1721 499 1818 538 pau-

284 550 418 600 pertas
437 548 638 587 hominem
657 547 836 587 liberum.
853 569 907 574 —-
922 560 1001 586 non
1021 547 1232 599 ergastilus
1251 561 1365 597 unus,
1389 549 1434 586 ut
1455 547 1583 586 Plaut.
1599 546 1711 598 Capt.
1734 548 1815 586 331

287 606 424 647 ‘unum
455 621 661 647 nummum
692 621 740 646 ne
773 604 876 646 duis’
909 607 1013 646 Flor.
1039 607 1061 645 I
1087 608 1155 656 34,
1184 609 1236 646 17
1271 604 1386 647 ‘unus
1418 608 1523 646 enim
1553 607 1617 645 uir
1640 607 1818 645 Numan-

285 670 394 708 tinus
425 680 503 707 non
536 668 615 706 fuit
646 668 714 717 qui
745 668 787 705 in
819 668 969 706 catenis
1001 664 1234 706 duceretur'.

407 721 516 768 504.
548 726 704 766 Nonius
730 741 767 778 p.
796 727 894 776 538,
922 728 945 765 2
987 723 1116 765 ‘Palla
1154 728 1214 765 est
1249 727 1437 766 honestae
1479 727 1655 765 mulieris
1699 726 1819 765 uesti-

266 789 474 837 .mentum,
505 787 579 826 hoc
611 789 670 825 est
700 787 861 826 tunicae
890 786 1057 836 pallium
1090 781 1413 839 (tunicopallium
1439 780 1727 839 Forcellvmius).
1750 817 1757 824 .
1780 817 1786 823 .
1813 817 1819 824 .

285 847 462 886 Lucilius
494 848 719 897 satyrarum
751 847 818 885 lib.
845 846 919 884 XV
952 843 1074 884 “cum
1101 877 1108 886 .
1131 877 1137 883 .
1161 876 1168 884 .
1195 843 1402 897 promit”.'
1465 846 1545 898 Agi
1577 847 1744 897 apparet
1774 846 1822 885 de

286 908 498 947 mulierum
530 906 715 957 placendi
746 905 966 957 cupiditate
995 918 1076 956 qua
1100 906 1246 945 marito
1271 918 1500 956 numquam,
1533 905 1671 945 alienis
1696 905 1820 944 homi-

286 968 403 1006 nibus
435 979 591 1017 semper
620 966 763 1005 uolunt
792 965 981 1016 pulchrae
1013 965 1140 1004 uideri
1171 967 1211 1004 et
1246 966 1453 1005 honestae:
1490 965 1626 1004 quen.
1651 965 1710 1003 VI
1735 966 1821 1004 464

289 1025 463 1077 ‘quando
502 1026 630 1065 uideri
667 1026 756 1065 uult
798 1026 1001 1065 formonsa
1043 1024 1179 1065 domi?
1220 1026 1393 1065 moechis
1434 1025 1576 1064 foliata
1619 1026 1822 1076 parantur,

286 1087 349 1126 his
375 1086 520 1125 emitur
545 1085 739 1136 quidquid
765 1086 933 1137 graciles
957 1085 1034 1124 huc
1059 1085 1221 1124 mittitis
1246 1082 1363 1124 Indi’.
1409 1085 1494 1124 Tib.
1519 1085 1541 1123 I
1568 1086 1605 1134 9,
1630 1085 1683 1123 67
1713 1081 1822 1124 ‘tune

287 1148 405 1197 putas
436 1146 549 1185 illam
573 1158 646 1196 pro
672 1147 711 1184 te
737 1145 943 1196 disponere
970 1144 1095 1184 crines
1121 1147 1192 1183 aut
1216 1146 1354 1184 tenues
1380 1145 1500 1184 denso
1526 1146 1681 1195 pectere
1707 1143 1823 1183 dente

270 1200 450 1246 comas?
477 1236 484 1243 .
506 1236 514 1244 .
537 1236 543 1243 .
570 1218 649 1244 non
675 1204 761 1253 tibi,
787 1204 853 1243 sed
878 1205 1016 1243 iuuem'
1042 1204 1198 1243 cuidam
1222 1205 1312 1243 uult
1335 1204 1441 1243 bella
1466 1201 1608 1243 uideri'
1625 1217 1656 1242 e.
1672 1217 1707 1254 q.
1722 1216 1750 1243 3.
1765 1225 1823 1231 -

289 1265 454 1312 Quiduis
486 1264 583 1304 satis
615 1266 693 1314 est,
732 1265 819 1303 Ter.
845 1264 1060 1303 Heautont.
1089 1265 1171 1303 641
1208 1261 1348 1303 ‘Credo
1386 1264 1427 1302 id
1458 1264 1645 1315 cogitasti
1677 1260 1823 1314 “quid-

288 1325 350 1364 uis
382 1325 478 1365 satis
517 1327 577 1364 est
614 1324 710 1363 dum
746 1323 861 1363 uiuat
902 1321 1080 1362 modo'’.'
1151 1323 1301 1374 Turpil.
1331 1323 1465 1362 144R
1503 1320 1564 1362 ‘ut
1599 1322 1823 1374 philosophi

290 1386 403 1425 aiunt
434 1385 515 1434 isti,
548 1384 689 1434 quibus
721 1384 883 1434 quiduis
915 1385 977 1423 sat
1009 1380 1081 1422 est’
1117 1378 1229 1437 (Hor.
1257 1396 1368 1422 serm.
1395 1384 1436 1422 II
1465 1385 1501 1433 3,
1529 1377 1645 1437 127).
1708 1382 1824 1434 Spira

291 1444 385 1495 quid
417 1445 470 1483 sit
500 1445 614 1483 nouit
650 1444 716 1482 ille
755 1445 825 1494 qui
861 1443 1122 1494 interpolauit
1152 1443 1254 1481 Plin.
1280 1444 1360 1481 nat.
1386 1443 1477 1482 hist.
1502 1442 1559 1481 IX
1588 1444 1669 1481 117
1703 1442 1824 1481 uerba

291 1502 478 1544 ‘Lolliam
522 1503 733 1543 Paulinam
766 1533 773 1541 .
808 1533 815 1541 .
850 1534 856 1541 .
889 1503 974 1542 uidi
1018 1502 1240 1554 zmaragdis
1283 1503 1589 1555 margaritisque
1634 1503 1824 1552 opertam,

291 1565 444 1604 alterno
481 1565 591 1602 textu
628 1562 873 1615 fulgentibus
909 1564 996 1602 toto
1034 1563 1183 1612 capite,
1221 1562 1410 1613 crinibus,
1451 1558 1576 1614 [spira
1584 1558 1614 1614 ,]
1653 1561 1824 1613 auribus,

291 1624 411 1673 collo,
455 1619 707 1675 [monilibus]
746 1619 976 1674 digitisque’
1015 1622 1119 1661 unde
1157 1623 1324 1673 apparet
1361 1622 1509 1672 spiram
1547 1622 1666 1661 fuisse
1711 1633 1826 1660 orna-

291 1685 469 1723 mentum
500 1682 692 1722 muliebre
725 1683 898 1722 crinibus
930 1682 1035 1733 quod
1067 1682 1350 1733 apponebatur.
1399 1682 1538 1731 Neque
1562 1683 1696 1720 tamen
1721 1682 1825 1720 recte

291 1743 323 1783 1.
344 1743 480 1783 Dousa
510 1743 654 1782 maluit
685 1742 804 1782 scribi
835 1743 965 1791 spiras
988 1742 1143 1790 pallam
1174 1741 1262 1781 ideo
1295 1741 1400 1792 quod
1437 1742 1574 1780 multis
1610 1741 1729 1791 pallis
1765 1740 1826 1780 uti

293 1803 411 1843 simul
441 1815 520 1842 non
551 1803 712 1853 poterat
741 1802 900 1841 mulier:
931 1802 1081 1852 promit
1111 1802 1258 1840 multas
1290 1802 1418 1852 pallas
1443 1802 1572 1840 multa
1594 1800 1827 1840 redimicula

293 1876 339 1902 ex
371 1875 463 1902 arca
494 1864 540 1901 ut
572 1862 737 1913 eligeret
767 1862 978 1912 optimam,
1016 1862 1346 1912 pretiosissimum
1377 1861 1519 1911 capitis
1551 1861 1827 1900 ornamentum

292 1921 567 1961 tantummodo
598 1921 741 1960 habuit
771 1934 893 1960 unum
925 1933 1003 1971 quo
1034 1922 1342 1972 praestringeret
1372 1921 1573 1971 hospitum
1604 1920 1748 1960 oculos.

415 1976 526 2021 506.
560 1980 710 2019 Gellius
734 1981 755 2019 I
783 1981 849 2029 16,
879 1981 933 2019 10
965 1982 1004 2019 et
1035 1993 1080 2018 ex
1106 1993 1152 2019 00
1177 1979 1401 2023 Macrobius
1428 1979 1588 2018 Saturn.
1615 1979 1635 2017 Ι
1661 1981 1700 2028 5,
1730 1982 1751 2018 7
1779 1979 1826 2018 de

292 2042 398 2080 mille
428 2040 678 2080 substantiuo
711 2037 901 2078 ‘Lucilius
933 2069 939 2077 .
963 2071 968 2077 .
992 2070 998 2077 .
1025 2052 1117 2078 nam
1151 2040 1193 2077 in
1224 2039 1326 2078 libro
1352 2039 1425 2077 XV
1454 2039 1514 2081 ita
1546 2038 1658 2078 dicit:
1692 2035 1827 2077 “hunc

293 2101 397 2140 milli
424 2131 431 2138 .
460 2130 466 2137 .
495 2130 502 2138 .
528 2101 740 2139 saecu-stim·
772 2094 998 2153 (subcursor
1035 2098 1140 2149 apud
1170 2092 1433 2152 Macrobium)
1473 2098 1604 2137 nullus
1642 2099 1827 2148 sequetur

294 2161 443 2199 maiore
486 2160 528 2198 in
572 2154 634 2213 (in
676 2158 788 2198 abest
826 2153 1046 2211 Macrobio)
1088 2159 1218 2209 spatio
1252 2188 1259 2196 .
1293 2189 1299 2195 .
1336 2189 1342 2196 .
1375 2157 1577 2196 uidebitur
1620 2152 1695 2211 (ire
1739 2157 1825 2195 add.

294 2213 548 2272 Macrob.)''.'
612 2219 765 2258 Nonius
790 2232 827 2269 p.
857 2219 924 2268 16,
951 2219 1002 2257 31
1047 2215 1297 2258 ‘Succussare
1335 2219 1395 2256 est
1432 2229 1565 2256 susum
1602 2217 1828 2267 frequenter

296 2280 487 2318 excutere.
510 2309 516 2316 .
539 2309 546 2316 .
569 2310 576 2317 .
597 2278 773 2318 Lucilius
805 2280 1030 2329 satyrarum
1062 2278 1129 2316 lib.
1155 2278 1238 2317 IIII
1259 2309 1266 2316 .
1289 2309 1295 2316 .
1319 2309 1325 2315 .
1345 2277 1451 2316 idem
1482 2276 1548 2315 lib.
1575 2276 1647 2315 XV
1681 2273 1826 2315 “Gam-

295 2350 422 2390 panus
448 2360 506 2365 -—
532 2335 777 2388 sequetur”.'
853 2338 999 2389 Agitur
1049 2337 1097 2376 de
1141 2350 1241 2387 equo
1291 2338 1460 2387 optimo,
1510 2336 1694 2387 gradario
1743 2336 1827 2386 illo,

297 2399 457 2449 qualem
481 2397 549 2436 lib.
569 2398 663 2436 XIV
688 2411 726 2436 u.
749 2398 832 2436 476
861 2398 1134 2448 descripserat,
1158 2399 1183 2436 1.
1205 2409 1235 2435 e.
1263 2397 1347 2436 sine
1372 2397 1646 2436 succussatura
1665 2396 1827 2445 nitente,

298 2459 362 2498 0111
393 2457 613 2497 contrarius
645 2459 705 2497 est
738 2457 961 2508 Campanus
994 2458 1149 2507 sonipes
1181 2469 1395 2496 succussor.
1453 2454 1644 2506 Campani
1675 2455 1827 2505 equites

298 2517 508 2558 clarissimi
531 2516 618 2555 Liu.
639 2517 771 2556 XXVI
797 2518 835 2566 4,
863 2518 899 2555 3.
929 2518 952 2555 6
979 2517 1111 2556 Valer.
1132 2516 1233 2555 Max.
1253 2516 1295 2554 II
1322 2517 1360 2564 3,
1387 2516 1411 2554 3
1438 2514 1524 2553 Liu.
1544 2515 1644 2553 VIII
1672 2516 1738 2564 11,
1761 2514 1826 2553 15.

297 2578 457 2627 Sonipes
493 2577 730 2615 uocabulum
769 2576 846 2615 ioci
884 2589 1002 2615 causa
1024 2576 1188 2626 posuit:
1231 2575 1382 2626 primus
1418 2574 1579 2613 uidetur
1615 2586 1707 2613 usus
1746 2586 1827 2613 esse

222 2674 227 2678 .
297 2638 370 2676 hoc
400 2636 596 2676 uocabulo
627 2636 771 2675 Accius
804 2633 906 2686 (602
922 2631 976 2690 R)
1008 2636 1086 2674 nisi
1116 2639 1280 2685 uterque
1317 2635 1437 2686 poeta
1467 2634 1640 2673 Ennium
1673 2634 1827 2673 secutus

299 2698 375 2736 est:
413 2697 530 2735 sicuti
560 2696 625 2734 hic
656 2708 746 2735 00113
777 2696 951 2746 sonipes,
982 2696 1040 2734 ita
1071 2696 1183 2745 lepus
1215 2693 1418 2741 δασύπους
1447 2695 1615 2733 uocatur
1646 2706 1670 2732 a
1701 2693 1828 2745 poetis

299 2755 475 2795 Graecis:
517 2755 611 2795 conf
643 2755 846 2794 Bonnetus
882 2750 1084 2806 Melanges
1121 2754 1296 2793 Boissier
1327 2767 1363 2804 p.
1393 2755 1459 2792 71.
1528 2752 1588 2791 De
1631 2752 1828 2791 sententia

299 2816 513 2854 Muellerus
547 2812 697 2854 ‘sensus
727 2815 809 2853 hic:
843 2827 989 2864 equum
1020 2815 1090 2864 qui
1119 2814 1259 2863 talem,
1292 2813 1449 2863 qualem
1479 2812 1595 2852 modo
1627 2811 1827 2862 descripsi,

299 2888 378 2913 uno
411 2877 530 2924 atque
562 2869 696 2928 (utque
725 2868 955 2927 typotheta)
988 2873 1085 2913 adeo
1123 2872 1274 2912 duobus
1309 2885 1497 2922 passuum
1533 2871 1692 2909 milibus
1728 2871 1828 2909 uicit

303 2933 525 2983 Campanus
562 2934 695 2972 nullus
731 2934 879 2983 poterit
915 2934 1027 2983 sequi
1069 2933 1225 2982 sonipes
1268 2932 1415 2970 maiore
1458 2931 1548 2969 uiae
1592 2930 1739 2980 spatio,
1783 2941 1827 2968 ac

301 2992 481 3032 diuersus
506 2994 531 3031 i.
559 3006 588 3031 e.
615 2993 778 3032 minime
809 3005 936 3032 comes
968 2992 1030 3031 illi
1059 2991 1260 3031 uidebitur
1290 2988 1374 3030 ire’.
1424 2990 1578 3029 Vellem
1603 2989 1826 3029 accuratius
