2060 3444
809 274 930 311 XXVI
953 286 989 312 u.
1017 277 1218 311 eoa—607.
1707 273 1795 316 225

247 389 455 430 Habueras
488 390 593 428 enim
625 390 672 427 tu
698 390 833 428 omnia
858 389 899 428 in
926 401 1047 429 causa
1072 389 1299 440 superiora:
1332 389 1428 438 uim,
1458 388 1609 440 fugam,
1640 387 1795 439 lapida-

245 451 408 500 tionem,
438 449 716 489 crudelitatem
746 449 1005 489 tribuniciam
1036 450 1079 488 in
1106 448 1317 500 Caepionis
1349 450 1465 501 graui
1497 449 1795 499 miserabilique

246 522 341 550 casu
370 511 414 549 in
443 508 640 553 iudicium
670 507 858 549 uocabas’
893 523 924 549 e.
946 523 982 560 q.
1003 522 1032 548 s.
1097 506 1156 548 ‘Si
1197 510 1239 548 hi
1269 510 1328 548 rei
1360 522 1401 549 se
1432 510 1512 559 ipsi
1543 510 1794 559 miserantur,

242 570 339 610 uide
375 583 424 609 ne
468 570 630 609 illorum
667 570 693 608 i.
720 583 752 610 e.
791 571 1067 610 accusatorum
1106 581 1228 609 causa
1265 568 1446 620 superior
1483 571 1524 608 et
1559 570 1647 608 loco
1690 569 1795 609 bono

246 631 379 670 locata
410 631 464 669 sit
497 627 603 682 (Ter.
623 630 698 669 Ad.
721 631 806 669 344
841 627 991 681 ‘peiore
1022 641 1085 669 res
1115 630 1204 669 loco
1234 642 1314 669 non
1345 628 1452 680 potis
1478 630 1539 668 est
1564 642 1647 669 esse
1673 643 1793 680 quam

246 690 288 730 in
327 703 405 741 quo
444 703 548 730 nunc
587 690 666 730 sita
697 685 812 745 est'):
851 704 946 730 nam
978 690 1047 741 qui
1079 690 1424 730 commiseratione
1455 689 1604 729 iudices
1636 702 1796 728 mouere

247 763 288 791 se
319 750 492 801 student,
523 751 554 789 ii
586 752 834 803 argumentis
865 764 946 791 non
977 750 1181 790 confidunt
1212 750 1281 790 sed
1307 751 1531 790 animorum
1557 749 1795 790 mobilitate.

368 806 479 852 605.
511 811 666 851 Nonius
697 825 735 862 p.
758 812 857 862 265,
885 813 908 851 3
944 808 1129 863 ‘Cogere,
1160 811 1203 850 in
1234 824 1359 850 unum
1391 811 1588 863 colligere.
1715 810 1794 849 Lu—

249 872 366 911 cilius
396 871 464 910 lib.
485 871 618 911 XXVI
650 868 803 911 “rauco
837 903 844 911 .
867 903 874 911 .
897 903 904 911 .
938 867 1184 912 cornibus''.'
1235 871 1484 924 Tragoediae
1516 872 1797 922 argumentum

247 933 409 971 enarrat
446 933 486 971 et
525 932 727 971 examinat
764 933 849 972 eius
881 931 1117 972 utilitatem:
1155 931 1553 982 homoeoprophoron
1577 931 1798 971 notandum

249 992 291 1031 in
336 1005 356 1031 c
399 991 539 1031 littera
575 992 627 1032 ad
674 1005 814 1033 uersus
857 994 1008 1032 exitum
1049 994 1114 1032 ter
1156 992 1394 1032 uocabulum
1438 992 1666 1043 incipiente.
1735 990 1798 1030 Ad

247 1052 414 1092 Pacuuii
443 1052 658 1093 Armorum
694 1053 887 1092 iudicium
924 1055 1104 1104 spectare
1134 1053 1281 1092 Lucilii
1319 1052 1438 1092 crisin
1480 1052 1687 1103 probabile
1721 1054 1798 1091 est:

247 1112 526 1165 Agamemnon
552 1113 674 1153 edicit
700 1107 815 1168 (conf
841 1113 957 1154 Hom.
978 1114 1012 1152 B
1041 1108 1116 1168 50)
1144 1115 1368 1153 contionem
1394 1114 1541 1164 cogant
1571 1125 1800 1164 praeconeS,

251 1186 332 1223 qua
375 1175 550 1213 certetur
591 1173 639 1214 de
684 1174 805 1213 armis
847 1173 1029 1213 Achillis.
1099 1172 1214 1213 Ouid.
1249 1174 1409 1212 metam.
1435 1173 1515 1212 ΧΠ
1543 1174 1625 1212 621
1675 1170 1714 1211 ‘a
1758 1186 1799 1213 se

249 1233 481 1273 Tantalides
520 1246 620 1273 onus
656 1234 932 1285 inuidiamque
969 1235 1144 1274 remouit
1179 1233 1468 1286 Argolicosque
1507 1233 1625 1272 duces
1657 1233 1798 1272 mediis

248 1293 451 1333 considere
483 1293 624 1334 castris
655 1295 774 1334 iussit
806 1296 846 1334 et
877 1295 1089 1334 arbitrium
1120 1295 1205 1334 litis
1237 1294 1397 1333 traiecit
1428 1294 1470 1332 in
1502 1290 1653 1333 omnes’
1687 1288 1804 1348 (conf

246 1354 384 1393 quen.
404 1354 485 1393 VH
512 1355 596 1394 115
628 1355 664 1393 X
691 1350 779 1409 84).
847 1355 1000 1395 Morem
1040 1356 1264 1394 Romanum
1303 1354 1480 1405 adplicat
1517 1355 1638 1405 poeta
1675 1354 1801 1394 aetati

248 1414 431 1454 Troicae:
463 1413 562 1454 Gell.
588 1415 663 1453 XV
690 1417 758 1466 27,
784 1417 807 1454 2
843 1412 1014 1455 ‘curiata
1043 1429 1116 1467 per
1144 1416 1328 1455 lictorem
1360 1415 1560 1454 curiatum
1591 1415 1727 1464 calari,
1758 1414 1800 1452 id

249 1476 310 1514 est
352 1476 582 1526 conuocari,
632 1476 858 1516 centuriata
906 1489 978 1527 per
1021 1472 1278 1516 cornicinem'
1323 1475 1490 1526 Dionys.
1521 1475 1613 1514 Hal.
1646 1475 1799 1525 antiqu.

248 1534 295 1574 R.
321 1535 363 1574 II
395 1535 440 1585 8,
466 1536 493 1574 4
532 1533 591 1575 ὅτι
627 1534 721 1584 τοὺς
758 1534 831 1588 μὲν
866 1536 1119 1590 πατρικίους,
1158 1534 1273 1576 ὁπότε
1316 1534 1440 1583 δόξειε
1477 1539 1560 1583 τοῖς
1598 1536 1801 1588 βασιλεῦσι

249 1597 478 1648 συγκαλεῖν,
516 1595 557 1635 οἵ
590 1594 762 1649 κήρυκες
799 1594 838 1644 ἕξ
877 1594 1071 1649 ὀνόματός
1107 1611 1146 1636 τε
1182 1594 1248 1635 καὶ
1292 1594 1496 1649 πατρόθεν
1539 1593 1800 1649 ἀνηγόρευον,

249 1654 343 1702 τοὺς
374 1652 416 1694 δὲ
449 1655 689 1707 δημοτικοὺς
720 1654 910 1709 ὑπηρέται
941 1654 1044 1704 τινὲς
1075 1654 1255 1709 ἀθρόους
1286 1654 1421 1709 κέρασι
1452 1655 1600 1708 βοείοις
1625 1654 1800 1708 ἐμβυκα-

250 1720 396 1762 νῶντες
439 1713 504 1755 ἐπὶ
547 1714 615 1763 τὰς
658 1714 865 1768 ἐκκλησίας
903 1722 1080 1770 συνῆγον
1119 1717 1298 1767 Propert.
1331 1716 1390 1755 IV
1418 1718 1463 1766 1,
1498 1717 1550 1755 13
1592 1715 1720 1755 Varro
1753 1715 1801 1754 de

250 1776 391 1828 lingua
421 1775 465 1814 L.
486 1775 546 1814 VI
573 1778 640 1816 92.

371 1831 483 1876 606.
521 1835 676 1876 Nonius
714 1850 752 1887 p.
781 1837 884 1888 528,
920 1839 942 1877 9
979 1834 1054 1875 ‘De
1097 1850 1169 1887 pro
1215 1836 1275 1876 ab.
1350 1836 1530 1875 Lucilius
1574 1836 1642 1875 lib.
1668 1835 1802 1875 XXVI

253 1892 392 1935 “solus
433 1896 516 1935 imm
552 1897 636 1936 uim
675 1897 895 1936 declarasse
935 1897 1142 1947 prohibuit
1173 1893 1463 1936 uulcaniam’'.'
1527 1897 1641 1935 illam
1673 1896 1801 1935 Lach—

250 1968 435 2002 maomus,
459 1957 507 1995 de
531 1957 655 1996 classe
678 1957 845 1996 Aldina:
872 1958 919 1996 de
942 1958 1086 1997 mendo
1112 1956 1270 1996 librarii
1289 1958 1384 1997 conf
1404 1957 1582 2009 prolegg.
1602 1971 1640 2007 p.
1662 1955 1800 1995 CXIV.

251 2016 358 2056 Laus
384 2016 561 2055 omnium
585 2019 758 2056 maxime
782 2018 952 2069 insignis
976 2018 1180 2068 profertur
1205 2030 1328 2068 quam
1347 2017 1451 2056 Aiax
1471 2017 1640 2068 adeptus
1658 2017 1800 2055 fuerit:

251 2076 368 2116 Hom.
399 2077 433 2116 Ο
460 2077 545 2116 674
572 2090 679 2128 seqq.
740 2078 789 2116 In
826 2078 953 2117 Diade
991 2090 1119 2128 parua
1156 2080 1197 2117 et
1227 2078 1357 2117 Vlixis
1389 2079 1430 2117 et
1461 2077 1596 2116 Aiacis
1627 2078 1801 2116 uirtutes

252 2138 310 2189 ets
341 2137 486 2176 merita
535 2138 823 2177 enumerabant
872 2140 913 2177 et
961 2138 1067 2177 inter
1115 2151 1156 2177 se
1206 2138 1495 2189 comparabant
1544 2138 1801 2177 mulierculae

253 2197 444 2237 Troades:
465 2198 561 2236 conf
575 2198 717 2250 fragm.
741 2200 765 2236 2
785 2212 824 2249 p.
847 2200 900 2238 39
921 2198 1080 2237 Kinkel.
1130 2198 1250 2249 Apud
1271 2198 1462 2237 Ouidium
1479 2199 1640 2238 metam.
1661 2198 1760 2236 ΧΠ]
1775 2198 1799 2236 5

255 2270 364 2308 seqq.
396 2257 502 2296 Aiax
538 2258 624 2308 ipse
661 2258 764 2298 hanc
802 2271 915 2298 suam
953 2258 1124 2310 gloriam
1161 2260 1297 2309 posuit
1326 2259 1369 2297 in
1401 2258 1561 2298 exordio
1591 2258 1801 2298 orationis:

255 2314 446 2369 ‘agimus,
477 2330 550 2368 pro
581 2316 802 2369 Iuppiter!'
847 2319 998 2369 inquit,
1043 2316 1152 2358 ‘ante
1195 2321 1302 2358 rates
1347 2331 1527 2369 causam,
1570 2320 1611 2357 et
1647 2331 1799 2357 mecum

255 2378 459 2417 confertur
488 2377 653 2418 Vlixes?
686 2381 729 2418 at
758 2391 838 2418 non
870 2379 1077 2418 Hectoreis
1109 2379 1314 2418 dubitauit
1342 2379 1479 2418 cedere
1504 2379 1675 2418 flammis
1703 2378 1801 2429 quas

256 2450 329 2489 ego
361 2437 545 2488 sustinui,
578 2451 676 2489 quas
706 2439 783 2478 hac
815 2452 839 2478 a
870 2439 994 2478 classe
1021 2435 1189 2491 fugaui’.
1246 2438 1381 2485 Quint.
1408 2439 1445 2477 V
1473 2440 1570 2478 214.
1627 2439 1801 2478 Achiuos

255 2496 417 2537 uidetur
451 2498 639 2539 inducere
675 2500 795 2550 poeta
832 2500 1142 2539 sermocinantes
1180 2499 1226 2538 de
1266 2499 1476 2549 utriusque
1507 2499 1679 2538 meritis:
1712 2500 1806 2538 conf

255 2571 295 2596 u.
322 2560 562 2608 sequentem.

377 2613 489 2658 607.
526 2619 682 2659 Nonius
718 2633 755 2670 p.
778 2620 851 2669 96,
888 2620 912 2659 3
954 2616 1244 2660 ‘Domutionem
1271 2651 1278 2658 .
1301 2650 1308 2657 .
1330 2650 1338 2658 .
1364 2619 1544 2659 Lucilius
1580 2618 1649 2658 lib.
1669 2618 1803 2658 XXVI

259 2674 524 2718 “domationis
546 2710 553 2718 .
575 2710 583 2718 .
605 2711 612 2718 .
631 2692 732 2730 pene
750 2676 1070 2719 inminuimus''.’
1113 2680 1283 2720 Versum
1302 2681 1547 2732 tragicorum
1566 2680 1802 2732 fragmentis

257 2739 398 2777 inserit
428 2738 669 2778 Ribbeckius
699 2741 943 2779 incertorum
970 2741 1132 2780 incertis
1167 2742 1220 2780 27
1255 2740 1348 2779 edit.
1374 2740 1436 2778 m
1460 2753 1499 2790 p.
1521 2741 1618 2780 276.
1675 2740 1802 2779 Voca-

257 2797 396 2836 bulum
433 2798 591 2838 domum
626 2801 694 2838 itio
733 2801 773 2838 et
809 2799 975 2839 Pacuuii
1019 2802 1079 2839 est
1117 2795 1244 2854 (173)
1286 2802 1328 2839 et
1363 2800 1476 2839 Accii
1515 2794 1660 2854 (173):
1694 2801 1803 2839 extat

258 2859 465 2908 praeterea
495 2859 538 2897 in
569 2871 687 2897 uersu
719 2859 770 2898 ad
795 2859 887 2898 Her.
907 2859 971 2898 ΠΙ
998 2861 1066 2910 21,
1094 2861 1149 2899 34
1181 2859 1252 2899 ubi
1285 2861 1517 2910 corruptum
1550 2861 1611 2898 est
1635 2860 1676 2898 in
1703 2859 1803 2898 codd

259 2918 381 2957 sicuti
412 2918 518 2968 apud
549 2918 725 2957 Nonium
757 2919 781 2957 l.
803 2931 832 2958 s.
852 2931 882 2958 s.
939 2918 1063 2958 Cuius
1100 2918 1199 2959 codd
1229 2920 1273 2958 in
1303 2919 1418 2958 Accii
1447 2932 1566 2959 uersu
1595 2933 1634 2970 p.
1657 2920 1755 2969 357,
1777 2920 1800 2958 9

259 2979 424 3029 propius
456 2978 507 3017 ad
539 2991 675 3018 ueram
707 2979 946 3030 scripturam
977 2979 1182 3030 accedunt,
1213 2991 1303 3018 cum
1327 2979 1503 3018 habeant
1527 2980 1803 3019 domuitionem

260 3038 378 3077 sicuti
415 3038 534 3090 Apul.
566 3041 726 3078 metam.
752 3039 772 3077 I
806 3041 828 3078 7
869 3041 964 3078 extr.
993 3039 1034 3078 II
1068 3040 1119 3078 31
1156 3040 1253 3078 extr.
1279 3039 1341 3078 HI
1370 3041 1423 3078 19
1459 3041 1556 3079 extr.
1619 3039 1802 3092 Fulgent.

331 3111 447 3138 Imossfl
465 3111 531 3138 rell.
552 3111 597 3138 ed.
617 3112 728 3138 MARx.
765 3113 805 3138 11.
1472 3110 1515 3141 15
