2060 3444
831 289 951 326 XXVI
976 301 1015 328 u.
1041 291 1241 326 592—596.
1727 287 1812 331 221

262 406 369 458 leget
407 402 571 445 haec?'’
648 405 731 444 Min
773 406 818 444 tu
862 404 973 444 istud
1019 402 1106 444 ais?
1175 403 1305 443 vNemo
1348 403 1520 442 hercule.
1591 399 1816 442 “Nemo?''

264 466 338 506 Vel
375 466 453 505 duo
491 466 558 505 uel
596 462 726 504 nemo’
756 478 787 504 e.
809 478 845 515 q.
866 477 895 503 s.
963 465 1067 503 Item
1098 464 1292 503 Horatius
1331 476 1445 503 serm.
1471 463 1491 502 I
1519 465 1563 514 4,
1594 465 1646 503 72
1689 460 1817 502 ‘nulla

262 526 432 566 taberna
475 538 584 565 meos
627 526 775 564 habeat
818 537 946 575 neque
991 524 1076 575 pila
1119 524 1293 573 libellos,
1339 525 1428 574 quis
1474 536 1616 563 manus
1659 523 1820 563 insudet

240 586 242 588 ’
267 586 377 638 uulgi
403 586 744 637 Hermogenisque
771 582 932 636 Tigelli'
968 586 1035 635 10,
1063 586 1116 623 81
1154 581 1327 623 ‘Plotius
1354 585 1395 623 et
1419 584 1579 633 Varius,
1610 584 1820 623 Maecenas

264 646 544 698 Vergiliusque
589 646 757 698 Valgius
807 647 848 684 et
897 644 1039 695 probet
1090 645 1189 683 haec
1233 643 1424 683 Octauius
1478 645 1654 694 optimus
1698 646 1820 694 atque

264 707 416 746 Fuscus
460 708 500 746 et
543 706 640 745 haec
683 707 839 745 utinam
884 705 1093 744 Viscorum
1143 705 1281 743 laudet
1325 705 1493 754 uterque
1629 704 1820 754 Demetri,

264 770 396 818 teque,
429 767 588 818 Tigelli,
615 759 904 817 discipularum
929 767 1036 805 inter
1064 765 1181 804 iubeo
1206 765 1366 815 plorare
1393 762 1631 804 cathedras’.
1687 764 1821 804 Verba

266 827 338 866 illa
371 826 572 867 Ciceronis
605 827 653 866 de
679 828 779 866 orat.
807 827 831 865 l.
859 839 886 866 s.
914 839 944 866 s.
971 827 1178 865 continent
1209 825 1356 865 Lucilii
1386 826 1515 875 ipsius
1548 827 1685 876 aperte
1715 825 1822 877 frag-

265 889 421 927 menta:
471 901 563 926 nam
615 900 717 938 quae
766 887 883 938 ponit
927 883 1071 936 ‘neque
1121 898 1162 925 se
1207 885 1257 924 ab
1302 885 1585 925 indoctissimis
1629 898 1756 936 neque
1799 898 1823 924 a

266 947 507 987 doctissimis
551 947 632 1000 legi
676 944 794 986 uelle’
827 948 869 986 in
909 959 954 986 eo
993 947 1100 998 quod
1137 946 1293 985 Plinius
1332 946 1511 985 seruauit
1548 959 1594 984 ex
1634 945 1822 985 Cicerone

266 1008 492 1060 fragmento
525 1008 643 1047 facile
675 1009 962 1059 agnoscuntur,
1005 1007 1057 1046 ad
1090 1004 1212 1056 ‘quod
1243 1007 1361 1045 alteri
1392 1006 1494 1045 nihil
1525 1003 1820 1058 intellegerent'

267 1068 363 1108 conf
396 1069 483 1107 Ter.
511 1068 635 1107 Andr.
666 1070 717 1107 17
761 1065 981 1107 ‘faciuntne
1024 1066 1294 1118 intellegendo
1338 1068 1386 1106 ut
1431 1067 1488 1104 nil
1526 1064 1820 1119 intellegant?’

267 1129 398 1168 Reicit
428 1130 548 1179 poeta
579 1128 782 1168 modestus
820 1128 1016 1167 iudicium
1050 1126 1091 1167 C.
1112 1127 1239 1167 Persii
1269 1129 1436 1178 propter
1467 1127 1693 1166 doctrinam
1726 1128 1823 1177 eius,

224 1209 226 1211 v
267 1189 310 1229 P.
339 1188 536 1239 Scipionis
585 1188 819 1238 Aemiliani,
870 1189 912 1227 P.
939 1188 1086 1227 Rutilii
1129 1187 1221 1226 Rufi
1267 1199 1371 1227 cons.
1407 1183 1606 1239 649s105
1658 1189 1823 1239 propter

268 1262 489 1288 sermonem
539 1263 654 1289 suum
704 1262 847 1300 parum
892 1249 1133 1300 elegantem:
1186 1261 1357 1298 quorum
1400 1260 1503 1287 unus
1547 1248 1617 1287 ille
1661 1248 1823 1287 Persius

269 1309 382 1348 nulla
412 1322 456 1349 re
487 1310 616 1362 magis
647 1310 839 1349 inclaruit
872 1322 993 1360 quam
1018 1308 1166 1348 Lucilii
1190 1308 1404 1359 praeconio
1433 1308 1538 1359 quod
1566 1309 1613 1347 de
1640 1308 1824 1347 doctrina

269 1372 351 1409 eius
383 1369 457 1409 hoc
488 1370 575 1409 loco
607 1370 848 1421 protulerat:
887 1370 991 1408 hunc
1029 1371 1169 1409 contra
1207 1369 1334 1408 socios
1373 1370 1414 1407 et
1451 1382 1597 1408 nomen
1630 1368 1823 1408 Latinum

268 1430 403 1469 decem
441 1432 556 1469 annis
593 1432 686 1481 post
717 1431 873 1469 stetisse
906 1430 1045 1469 edocet
1078 1429 1156 1469 Cic.
1183 1430 1296 1468 Brut.
1326 1431 1379 1469 99
1421 1429 1490 1468 ubi
1523 1429 1571 1468 de
1606 1428 1645 1468 C.
1668 1429 1824 1468 Fannio

270 1487 295 1529 ἶ
317 1522 324 1529 .
347 1523 354 1531 .
382 1491 452 1541 qui
484 1491 622 1530 consul
653 1503 743 1529 cum
769 1491 948 1530 Domitio
982 1491 1060 1529 fuit
1091 1484 1346 1544 (632l122),
1375 1502 1497 1528 unam
1523 1491 1747 1529 orationem
1773 1490 1824 1528 de

270 1551 386 1590 sociis
419 1552 460 1590 et
490 1553 650 1591 nomine
682 1550 828 1590 Latino
861 1553 1000 1590 contra
1026 1549 1249 1590 Gracchum
1279 1550 1445 1600 reliquit
1477 1562 1572 1589 sane
1605 1552 1646 1589 et
1676 1550 1821 1589 bonam

270 1613 311 1650 et
341 1611 517 1650 nobilem
547 1606 683 1665 (ORF
710 1611 768 1650 ed.
795 1605 965 1662 Meyeri2
990 1624 1028 1661 p.
1052 1605 1168 1664 199).
1226 1611 1331 1650 Tum
1356 1610 1536 1650 Atticus:
1569 1610 1672 1657 Quid
1699 1609 1824 1662 ergo?

272 1672 383 1711 estne
414 1672 494 1710 ista
526 1670 682 1709 Fanni?
743 1671 849 1710 Nam
888 1672 1004 1710 uaria
1044 1671 1181 1722 opinio
1212 1672 1349 1721 pueris
1378 1671 1493 1710 nobis
1525 1672 1622 1709 erat.
1686 1671 1769 1709 Alii
1802 1682 1826 1709 a

276 1730 316 1770 C.
337 1730 473 1770 Persio
505 1731 686 1770 litterato
718 1731 878 1771 homine
911 1731 1102 1782 scriptam
1134 1743 1218 1770 esse
1250 1731 1423 1780 aiebant,
1455 1731 1526 1770 illo
1559 1744 1677 1781 quem
1703 1732 1825 1782 signi-

272 1791 366 1830 ficat
389 1791 508 1830 ualde
534 1791 695 1831 doctum
721 1804 804 1830 esse
830 1791 1029 1830 Lucilius:
1061 1791 1133 1830 alii
1158 1791 1306 1831 multos
1331 1791 1491 1842 nobilis,
1523 1791 1629 1842 quod
1656 1791 1825 1842 quisque

274 1851 488 1902 potuisset,
531 1851 574 1890 in
617 1852 731 1890 illam
770 1853 991 1891 orationem
1030 1848 1273 1891 contulisse’.
1336 1850 1534 1903 Scipionis
1575 1851 1754 1902 auspicio
1786 1853 1827 1891 et

273 1912 397 1951 ductu
439 1911 544 1951 bello
581 1912 830 1952 Numantino
874 1912 992 1951 modo
1030 1913 1231 1959 meruerat
1269 1925 1389 1963 eques
1427 1913 1564 1962 poeta:
1610 1924 1688 1962 quo
1720 1911 1826 1951 bello

274 1971 474 2022 equitibus
511 1974 696 2023 praeerat
733 1973 877 2012 tertius
914 1972 984 2011 ille
1015 1972 1192 2011 Rutilius
1230 1972 1415 2012 tribunus
1454 1972 1630 2011 militum
1663 1974 1826 2012 auctore

274 2033 446 2083 Appian.
472 2032 573 2072 Iber.
602 2033 656 2071 88
686 2034 730 2071 in
757 2033 1006 2084 expeditione
1031 2033 1264 2072 Pallantina
1290 2027 1406 2087 (conf
1426 2032 1494 2071 lib.
1522 2032 1632 2071 XXX
1657 2046 1695 2071 u.
1718 2027 1825 2086 972)

274 2089 295 2131 ὁ
335 2089 378 2132 δὲ
407 2086 629 2146 (Σκιπίων)
657 2087 870 2133 Ῥουτίλιον
896 2087 1088 2145 Ῥοῦφον,
1126 2091 1356 2146 συγγραφέα
1393 2092 1517 2132 τῶνδε
1565 2098 1644 2132 τῶν
1687 2091 1827 2146 ἔργων,

272 2152 356 2193 τότε
386 2154 658 2206 χιλιαρχοῦντα
689 2150 864 2192 ἐκέλευσε
895 2150 1083 2206 τέσσαρας
1109 2151 1262 2192 ἱππέων
1291 2152 1375 2201 ἴλας
1401 2151 1573 2206 λαβόντα
1598 2150 1827 2192 ἀναστεῖλαι

274 2211 367 2260 τοὺς
410 2210 677 2265 ἐνοχλοῦντας.
750 2214 939 2266 Egregie*
974 2215 1132 2253 constat
1175 2213 1223 2251 de
1277 2216 1456 2264 tempore
1500 2213 1618 2252 huius
1665 2215 1827 2252 saturae

276 2271 476 2313 Ciceronis
514 2273 585 2312 illo
622 2274 870 2313 testimonio:
914 2274 1036 2313 rediit
1074 2273 1208 2324 Scipio
1246 2275 1287 2312 et
1323 2273 1504 2313 Lucilius
1543 2287 1589 2312 ex
1628 2273 1828 2324 Hispania

275 2334 367 2383 post
402 2332 658 2373 tribunorum
695 2334 859 2373 comitia
896 2335 991 2373 anni
1031 2335 1113 2373 621
1118 2330 1140 2386 s
1146 2335 1229 2373 133
1269 2334 1415 2384 quibus
1453 2347 1587 2374 mense
1627 2334 1742 2386 Iulio⁴
1766 2334 1826 2372 Ti.

277 2391 478 2432 Gracchus
505 2394 656 2433 occisus
683 2395 744 2433 est
769 2388 963 2450 (Appian.
983 2394 1020 2433 b.
1042 2407 1073 2434 c.
1093 2394 1114 2432 I
1143 2395 1197 2432 14
1222 2393 1460 2434 Mommseni
1486 2394 1534 2433 de
1559 2395 1646 2433 iure
1666 2394 1827 2444 publico

276 2466 314 2503 p.
334 2452 380 2492 R.
400 2452 421 2491 Ι
453 2454 598 2500 (1887)
640 2467 677 2504 p.
700 2454 784 2493 585
817 2454 923 2493 Plut.
950 2455 1009 2493 Ti.
1037 2453 1201 2493 Gracch.
1231 2455 1267 2492 7.
1303 2456 1370 2494 13.
1405 2449 1500 2507 21),
1539 2456 1632 2493 ante
1665 2455 1829 2493 comitia

277 2513 483 2552 consulum
527 2515 617 2552 acta
660 2515 742 2553 fere
784 2527 919 2554 mense
956 2514 1178 2554 Nouembri
1217 2508 1506 2568 (Mommsenus
1545 2515 1570 2554 l.
1596 2526 1627 2553 s.
1654 2528 1692 2565 p.
1718 2514 1827 2553 583:

279 2571 358 2611 Cic.
396 2572 504 2612 Lael.
547 2575 598 2613 73
647 2571 708 2614 ‘ut
758 2573 892 2626 Scipio
937 2575 979 2613 P.
1012 2575 1219 2625 Rupilium
1269 2575 1404 2625 potuit
1460 2575 1663 2614 consulem
1715 2576 1829 2621 (anni

281 2633 364 2671 622
368 2629 390 2685 s
396 2634 494 2680 132)
526 2633 693 2685 efficere,
723 2635 890 2674 fratrem
922 2637 1006 2674 eius
1038 2634 1207 2675 Lucium
1237 2647 1318 2674 non
1348 2629 1539 2688 potuit')3
1571 2636 1742 2685 scriptus
1769 2637 1830 2674 est

279 2692 405 2744 igitur
463 2695 690 2733 saturarum
739 2695 842 2734 liber
889 2697 981 2746 post
1031 2696 1271 2734 autumnum
1321 2696 1416 2734 anni
1468 2696 1549 2734 621
1556 2690 1575 2747 s
1583 2696 1685 2744 133,
1737 2697 1829 2734 ante

281 2765 427 2791 annum
470 2754 554 2792 625
559 2749 579 2806 s
586 2755 668 2794 129
717 2767 794 2805 quo
834 2754 969 2805 Scipio
1001 2757 1181 2795 mortuus
1219 2757 1290 2795 est.
1359 2754 1473 2801 Quod
1510 2757 1631 2806 poeta
1668 2756 1830 2806 scripsit

281 2825 364 2852 sese
398 2811 660 2863 Consentinis,
692 2814 933 2864 Tarentinis,
966 2814 1111 2855 Siculis
1142 2815 1263 2854 malle
1295 2815 1477 2865 scribere,
1510 2828 1630 2865 quam
1665 2815 1829 2854 urbanis

281 2873 380 2922 illis,
420 2872 599 2923 Scipioni
635 2868 767 2928 (cuius
806 2876 997 2914 sermonis
1039 2876 1261 2926 elegantias
1293 2875 1427 2926 tangit
1458 2889 1494 2913 u.
1518 2876 1615 2914 963.
1651 2870 1756 2928 964)
1790 2877 1830 2914 et

283 2931 437 2971 Rutilio
468 2932 585 2983 Rufo,
616 2933 658 2971 id
690 2935 882 2973 sermonis
915 2936 999 2973 eius
1024 2936 1300 2974 testimonium
1332 2937 1392 2974 est
1429 2936 1651 2986 egregium:
1683 2934 1829 2974 Latino

284 3004 463 3031 sermone
494 2992 536 3030 id
568 3005 691 3044 genus
728 2993 934 3043 utebatur,
972 2995 1131 3044 qualem
1168 2995 1413 3045 usurparant
1450 2994 1648 3045 Scipionis
1679 2995 1829 3033 milites

283 3065 329 3091 ex
355 3054 442 3091 tota
466 3052 589 3092 Italia
614 3054 755 3104 coacti,
780 3067 959 3093 sermone
985 3055 1148 3093 minime
1168 3055 1357 3093 nimirum
1377 3054 1529 3093 urbano
1553 3056 1624 3094 aut
1643 3056 1829 3107 eleganti.
