2060 3444
806 271 891 307 VIII
915 284 950 308 u.
978 275 1179 308 305—30‘1.
1688 270 1773 314 115

227 387 378 438 poterit
397 386 620 438 significare
643 385 711 425 sed
731 387 907 436 corporis
928 386 1172 437 superiorem
1192 387 1349 437 partem
1376 381 1475 438 (Cic.
1490 385 1538 424 de
1556 386 1700 424 senect.
1718 386 1772 424 14

230 443 392 499 ‘magna
423 459 521 486 uoce
554 448 595 485 et
626 446 739 485 bonis
765 446 960 485 lateribus
992 441 1137 499 suasi')
1170 446 1274 485 sicut
1300 446 1406 497 apud
1431 445 1526 484 Hor.
1552 458 1667 484 serm.
1694 446 1714 484 Ι
1735 446 1774 495 2,

229 507 284 546 92
319 503 473 545 ‘uerum
505 506 689 558 depugis‚
722 507 885 556 nasuta,
923 506 1035 545 breui
1076 506 1200 546 latere
1233 518 1279 545 ac
1310 505 1410 556 pede
1441 506 1562 558 longo
1594 502 1682 545 est'.
1715 527 1774 533 —

227 562 319 606 cum
349 569 508 617 pectore
539 562 697 619 pectus]
730 565 995 617 supplendum
1027 568 1088 606 est
1119 565 1261 617 iungit.

350 621 461 667 306.
500 627 724 677 Porphyrio
763 626 812 665 ad
849 626 1011 666 Horatii
1048 638 1275 666 sermonum
1302 625 1321 664 I
1349 627 1392 675 2,
1422 627 1504 664 125
1547 623 1672 666 ‘Haec
1702 626 1774 665 ubi

228 688 442 738 supposuit
473 686 610 726 dextro
643 698 785 737 corpus
816 686 917 725 mihi
947 683 1125 725 laeuum'
1160 683 1262 725 ‘Hoc
1295 688 1356 724 est
1382 686 1489 736 quod
1515 685 1693 725 Lucilius
1714 687 1774 725 ait

227 746 269 785 in
307 746 407 785 VIII
453 743 527 786 “et
570 739 751 786 cruribus
795 759 912 786 crura
955 742 1219 786 dianamffl?
1295 745 1468 785 Dubitat
1515 745 1560 785 G.
1587 746 1772 796 Meyerus

227 806 514 858 Porphyrionis
569 806 700 846 editor
751 806 856 846 sitne
910 805 1119 854 διάλλαξον
1170 805 1439 856 imperatiuus
1489 818 1540 844 an
1589 807 1771 845 futurum

227 865 445 915 διαλλαξων
475 866 807 918 intellegendum:
845 866 914 906 sed
945 865 1128 905 futurum
1158 865 1248 905 ideo
1280 865 1549 916 probabilius,
1588 862 1699 916 quod
1729 866 1771 904 in

227 926 371 966 similis
429 927 659 979 argumenti
715 926 898 966 uersibus
956 927 1190 967 303—305
1247 926 1494 966 indicatiuus
1553 926 1771 965 inuenitur.

226 986 479 1026 Vocabulum
516 986 712 1027 Graecum
749 987 792 1026 in
827 987 947 1026 rebus
992 986 1199 1026 obscaenis
1238 988 1479 1037 usurpatum
1521 987 1620 1037 quin
1663 989 1771 1026 recte

226 1046 426 1086 traditum
463 1047 517 1086 sit
553 1060 632 1086 non
670 1046 869 1086 dubitem:
907 1046 1047 1098 Eurip.
1073 1046 1274 1086 Heraclid.
1303 1047 1387 1086 836
1426 1045 1470 1086 τὸ
1508 1045 1692 1100 δεύτερον
1729 1044 1772 1086 δὲ

225 1105 328 1154 ποὺς
366 1105 623 1159 ἕπαλλαχθεὶς
659 1106 772 1158 ποδί,
813 1105 915 1158 ἀνὴρ
953 1103 991 1146 δ’
1026 1102 1081 1146 ἐπ’
1121 1105 1239 1161 ἀνδρὶ
1279 1105 1372 1154 στὰς
1415 1104 1609 1161 ἐκαρτέρει
1655 1106 1770 1162 μάχῃ.

225 1166 431 1218 Aristoph.
464 1166 568 1206 Nub.
597 1168 681 1206 983
721 1161 808 1207 οὐδ’
845 1166 966 1220 ἴσχειν
1003 1165 1055 1206 τὼ
1092 1162 1186 1208 πόδ’
1226 1165 1401 1223 ἐναλλάξ.
1463 1167 1569 1206 Plut.
1595 1167 1644 1206 de
1675 1169 1770 1206 rect.

224 1228 301 1266 rat.
334 1227 425 1266 aud.
459 1239 544 1278 cap.
579 1228 632 1266 13
666 1241 703 1278 p.
731 1228 786 1266 45
813 1227 849 1266 D
899 1225 967 1267 καὶ
1015 1227 1240 1280 περίκλασις
1290 1226 1469 1279 σώματος
1517 1226 1584 1267 καὶ
1634 1232 1772 1280 μηρῶν

224 1284 431 1335 ἐπάλλαξις
474 1285 652 1340 ἀπρεπής
695 1282 785 1342 (ubi
827 1287 922 1326 uide
967 1300 1071 1339 quae
1115 1287 1456 1338 Wyttenbachius
1500 1282 1680 1342 attulit):
1723 1290 1771 1343 τῇ

224 1344 427 1395 ἐπαλλάξει
457 1352 536 1387 τῶν
561 1346 766 1387 δακτύλων
790 1348 1033 1387 Aristoteles
1060 1347 1108 1387 de
1134 1347 1303 1387 insomn.
1330 1361 1416 1399 cap.
1439 1349 1462 1386 2
1490 1361 1528 1399 p.
1550 1347 1674 1387 460b
1702 1349 1770 1387 20.

224 1406 324 1446 Rem
354 1407 484 1458 ipsam
517 1407 705 1447 similiter
731 1409 922 1447 enarrant
945 1407 1209 1448 Archilochus
1238 1408 1340 1447 72Β
1367 1403 1514 1462 (PLG4
1538 1408 1580 1446 Π
1605 1421 1642 1458 p.
1664 1402 1771 1462 403)

223 1464 320 1506 κάπὶ
362 1465 498 1520 γαστρὶ
540 1466 707 1522 γαστέρα
749 1468 988 1521 προσβαλεῖν
1035 1468 1189 1521 μηρούς
1231 1482 1269 1508 τε
1313 1471 1456 1522 μηροῖς
1498 1468 1643 1507 Anacr.
1686 1469 1769 1506 164

197 1525 201 1534 ’
245 1526 413 1566 1.s.111
442 1541 480 1578 p.
509 1523 634 1582 294):
670 1526 878 1576 πλέξαντες
916 1530 1058 1581 μηροῖς
1097 1526 1186 1581 πέρι
1224 1528 1376 1581 μηρούς
1413 1527 1561 1567 Tibull.
1586 1527 1606 1566 I
1634 1529 1678 1577 8,
1714 1529 1767 1566 26

246 1586 397 1626 Charis.
418 1586 491 1626 GL
518 1587 538 1626 I
568 1601 606 1638 p.
629 1589 697 1639 87,
725 1589 750 1627 5
770 1583 839 1642 K).

346 1641 456 1687 307.
483 1647 706 1698 Porphyrio
732 1647 784 1686 ad
808 1647 972 1687 Horatii
996 1661 1225 1687 sermonum
1244 1648 1263 1687 I
1286 1649 1323 1699 2,
1346 1648 1400 1687 68
1427 1644 1670 1687 ‘Muttonem
1695 1660 1768 1698 pro

224 1706 337 1745 uirili
362 1707 540 1746 membro
566 1707 669 1747 dixit
692 1707 896 1747 Lucilium
921 1707 1125 1747 imitatus:
1150 1708 1219 1747 ille
1246 1708 1394 1747 etenim
1420 1708 1462 1746 in
1496 1708 1587 1746 VII
1608 1704 1700 1761 (om
1725 1709 1769 1746 in

225 1779 316 1816 app.
342 1763 444 1819 crit.)
471 1767 527 1807 sic
553 1767 613 1806 ait
638 1764 698 1806 “a
722 1768 812 1807 leua
833 1799 840 1806 .
863 1799 870 1806 .
893 1799 900 1806 .
921 1769 1152 1818 abstergeret
1175 1765 1366 1807 amica'’.'
1411 1767 1691 1807 Pseudoacron
1717 1767 1769 1806 ad

224 1826 250 1865 1.
271 1839 300 1866 s.
321 1839 369 1866 s.:
402 1824 549 1866 ‘mutto
581 1828 719 1867 autem
750 1827 901 1867 dicitur
937 1828 1160 1867 membrum
1196 1828 1332 1880 uirile,
1372 1830 1419 1867 ut
1449 1828 1630 1868 Lucilius
1664 1828 1768 1866 libro

225 1888 369 1926 octauo
408 1884 533 1926 “leua
568 1887 756 1927 lacrimas
792 1888 970 1927 muttoni
1008 1888 1214 1941 absterget
1254 1885 1445 1927 amica''.'
1513 1887 1636 1927 Libro
1667 1887 1768 1926 VIII

224 1948 332 1986 recte
363 1946 610 1998 adscripsere
640 1948 914 2000 fragmentum
946 1949 987 1987 et
1011 1948 1298 1999 Porphyrionis
1331 1950 1372 1988 et
1399 1948 1549 1988 Lucilii
1580 1947 1766 1987 editores.

225 2007 370 2058 Turpis
400 2007 616 2047 translatio
647 2007 695 2047 fit
720 2020 810 2047 cum
833 2008 948 2059 penis
973 2009 1137 2059 plorans
1162 2008 1393 2048 foedissimo
1420 2021 1538 2048 sensu
1562 2008 1768 2047 inducitur

225 2079 250 2105 a
290 2069 414 2118 poeta
450 2067 567 2118 quasi
604 2068 741 2119 homo,
786 2070 833 2107 ut
872 2068 1067 2108 Horatius
1103 2069 1129 2107 l.
1159 2081 1207 2119 s.‚
1239 2068 1291 2108 ad
1329 2082 1450 2120 quem
1487 2068 1766 2119 explicandum

224 2128 381 2167 ueteres
412 2127 519 2167 hunc
548 2127 696 2167 Lucilii
731 2141 894 2167 uersum
931 2141 1153 2180 apposuere
1187 2126 1307 2168 ‘Huic
1339 2129 1373 2168 si
1403 2130 1601 2168 muttonis
1631 2128 1767 2167 uerbis

224 2187 332 2226 mala
369 2188 487 2227 tanta
522 2187 679 2227 uidenti
716 2188 879 2228 Diceret
914 2189 1014 2228 haec
1054 2188 1212 2228 animus
1244 2202 1276 2228 e.
1298 2202 1334 2239 q.
1355 2201 1384 2228 s.
1446 2189 1589 2239 Neque
1623 2189 1766 2227 melius

224 2247 299 2286 hoc
335 2247 502 2286 uerbum
541 2244 758 2288 ‘lacrimas’
796 2249 1000 2288 illustrare
1040 2261 1251 2299 possumus
1295 2261 1418 2300 quam
1459 2249 1594 2288 uerbis
1631 2248 1767 2287 Boetii

225 2307 272 2345 de
299 2307 529 2347 definitione
554 2301 726 2362 (Mignei
750 2309 895 2359 patrol.
920 2309 1000 2348 uol.
1023 2310 1078 2348 64
1110 2323 1148 2359 p.
1172 2310 1257 2349 904
1277 2304 1332 2363 D)
1362 2306 1523 2359 ‘Turpis
1550 2309 1765 2347 translatio

223 2366 271 2405 fit
312 2366 466 2406 duobus
507 2367 636 2407 modis
680 2381 771 2408 cum
812 2368 981 2408 honesta
1033 2369 1219 2420 turpibus
1263 2368 1472 2408 definimus
1516 2370 1587 2408 aut
1629 2368 1766 2419 turpia

224 2426 402 2466 honestis
438 2428 486 2466 ut
522 2428 557 2467 si
593 2427 685 2478 quis
725 2428 997 2479 patrationem
1028 2428 1219 2468 definiens
1250 2429 1436 2469 lacrimas
1469 2429 1578 2468 dicat
1608 2430 1765 2467 ueneris

224 2486 439 2538 fatigatae:
471 2499 591 2538 quem
616 2488 800 2528 sudorem
810 2483 844 2543 1)
874 2489 1019 2528 melius
1046 2488 1284 2529 nominaret.
1346 2488 1404 2528 At
1440 2490 1580 2528 contra
1617 2488 1765 2538 aliquis

225 2545 334 2584 dicat
374 2546 563 2586 lacrimae
608 2549 703 2587 sunt
746 2548 895 2588 doloris
937 2550 1134 2600 patratio,
1182 2548 1277 2588 huic
1320 2548 1422 2587 uitio
1468 2561 1540 2588 nec
1584 2549 1766 2598 superior

225 2606 426 2656 particula
474 2608 837 2658 temperamentum
886 2605 1060 2648 tribuit'.
1133 2608 1318 2648 Patratio
1369 2610 1503 2647 autem
1554 2601 1655 2659 quid⁴
1700 2608 1764 2658 sit,

225 2665 449 2716 expositum
480 2669 542 2706 est
570 2667 711 2707 Isidor.
744 2664 843 2720 orig.
868 2668 925 2706 IX
952 2670 990 2719 5,
1018 2670 1042 2707 3
1077 2665 1214 2708 ‘Pater
1250 2670 1385 2708 autem
1417 2668 1547 2707 dictus
1579 2680 1625 2706 eo
1657 2667 1765 2718 quod

225 2726 451 2775 patratione
487 2728 653 2776 peracta
688 2727 817 2766 filium
854 2730 980 2767 creat:
1022 2730 1202 2779 patratio
1240 2730 1347 2767 enim
1383 2731 1445 2768 est
1483 2730 1542 2767 rei
1578 2729 1763 2766 ueneriae

226 2783 543 2825 consummatio'.
618 2786 769 2826 Similis
818 2787 896 2826 ioci
948 2789 1107 2839 turpem
1150 2788 1458 2840 ambiguitatem
1504 2788 1626 2826 habes
1670 2787 1762 2826 hist.

347 2890 383 2934 1)
408 2887 513 2924 Lucr.
534 2887 584 2924 IV
613 2892 704 2925 1128
731 2889 955 2935 ‘teriturque
979 2889 1191 2926 thalassina
1214 2889 1331 2925 uestis
1357 2889 1527 2925 Adsidue
1551 2890 1590 2925 et
1615 2889 1765 2925 Veneris

224 2936 392 2972 sudorem
423 2937 587 2972 exercita
617 2937 740 2982 potat’
768 2937 892 2973 Boetii
922 2937 993 2973 hoc
1024 2937 1107 2973 loco
1133 2937 1353 2983 explicatur.
1403 2937 1628 2973 Thalassina
1652 2938 1764 2973 uestis

225 2986 330 3030 teges
362 2983 452 3019 lecti
483 2995 548 3019 seu
573 2985 691 3020 uestis
717 2985 887 3032 stragula
912 2986 986 3030 est,
1018 2987 1063 3020 ut
1087 2996 1149 3031 ap.
1166 2985 1317 3020 Diodor.
1338 2986 1500 3031 excerpt.
1521 2985 1586 3020 lib.
1608 2985 1763 3021 XXXIV

224 3033 263 3067 et
288 3031 425 3067 XXXV
451 3035 484 3076 2,
510 3035 555 3067 35
581 3032 804 3079 στρωμάτων
827 3032 1044 3069 θαλαττίων
1069 3031 1315 3074 πολυτελείας.

1432 3093 1480 3129 8*
