2060 3444
316 260 373 305 48
932 258 983 296 111
1007 272 1043 296 u.
1070 262 1245 298 99-102.

316 389 355 426 p.
377 375 460 414 217
503 376 665 414 auctore
710 374 758 413 de
801 376 875 414 uir.
913 375 1058 414 illustr.
1081 376 1154 425 72,
1181 369 1245 429 8),
1288 375 1397 414 uiam
1439 374 1671 427 Pompeiam
1711 375 1854 416 incerti

317 436 510 484 auctoris,
558 435 599 473 in
650 434 788 474 Sicilia
835 446 958 485 prope
1007 434 1155 474 fretum
1203 436 1244 474 et
1290 434 1514 475 Messanam
1563 435 1700 476 urbem
1750 448 1854 487 quae

318 495 493 545 duxerit,
532 493 668 534 Cicero
705 496 901 534 memorat
937 494 1050 534 Verr.
1075 494 1113 531 V
1140 495 1243 544 169,
1283 494 1487 535 Valeriam
1529 508 1631 547 quae
1673 495 1856 539 Messana

320 554 559 605 Lilybaeum
589 567 729 595 uersus
754 554 895 594 tendat
927 554 1070 594 Strabo
1100 554 1159 593 VI
1183 568 1221 606 p.
1244 555 1339 594 266.
1402 555 1496 594 Fuit
1532 557 1601 596 uia
1630 556 1704 595 illa
1734 568 1855 607 quam

319 614 467 655 Lucilii
497 627 626 655 comes
658 615 788 654 iussus
821 616 882 654 est
912 614 1146 667 degrumare
1177 617 1248 654 aut
1277 614 1319 653 in
1350 615 1524 665 praediis
1553 628 1678 667 prope
1708 615 1856 656 fretum

317 675 460 725 positis
495 677 544 713 ut
580 674 673 714 inde
710 688 734 714 a
763 674 947 714 Messana
982 674 1223 725 principium
1261 675 1410 725 ceperit
1447 677 1518 714 aut
1546 688 1671 726 prope
1701 675 1855 715 Dianae

317 735 528 786 templum:
572 747 652 786 qua.
695 734 743 773 de
786 747 828 773 re
872 736 1043 774 certiora
1085 736 1262 774 statuere
1298 747 1379 774 non
1414 734 1561 775 licebit.
1598 755 1658 762 —
1695 729 1855 788 castris]

320 794 522 834 ablatiu'us
547 794 625 834 loci
657 795 791 845 potius
823 807 943 844 quam
983 794 1163 834 datiuus:
1200 793 1291 833 uide
1327 793 1409 833 ind.
1436 807 1601 846 gramm.
1627 807 1656 835 s.
1677 807 1715 834 u.
1747 794 1856 836 abla-

318 856 436 895 finus.
469 876 528 882 —
559 850 735 907 mensor]
766 854 904 905 Polyb.
927 853 983 893 VI
1008 856 1060 894 41
1105 853 1373 905 Marquardtii
1403 853 1638 895 Mommseni
1668 853 1855 895 enchirid.

319 914 443 965 antiq.
463 914 575 954 Rom.
597 909 652 952 V2
677 908 834 968 (1884)
867 927 904 964 p.
927 915 1024 954 418.
1051 935 1110 942 —
1135 914 1194 953 De
1220 915 1312 954 olim
1337 914 1428 953 uide
1454 913 1506 954 ad
1529 913 1597 954 lib.
1616 913 1676 953 IV
1699 928 1738 955 u.
1759 914 1856 956 168.
1893 966 1896 970 Ι

317 973 398 1014 VII
422 988 459 1013 u.
483 975 579 1013 284.

442 1028 550 1074 101.
582 1028 737 1073 Noni&
761 1047 799 1084 p.
822 1034 920 1084 123,
947 1034 1002 1073 25
1030 1030 1195 1074 ‘Lucitas
1221 1034 1368 1073 dicitur
1393 1036 1558 1086 egestas.
1587 1065 1594 1073 .
1617 1064 1624 1073 .
1647 1065 1654 1073 .
1679 1033 1856 1075 Lucilius

319 1096 547 1145 satyrarum
579 1094 645 1132 lib.
665 1093 728 1133 111
761 1090 894 1133 “illud
916 1125 922 1133 .
945 1124 953 1133 .
975 1124 982 1131 .
1009 1094 1125 1133 rediit
1161 1095 1281 1145 atque
1320 1090 1689 1134 internecionem'’.’
1753 1092 1858 1141 Quid

319 1154 374 1194 sit
402 1153 503 1193 illud
535 1154 641 1204 quod
671 1153 721 1192 ad
745 1154 1057 1194 internecionem
1080 1153 1286 1193 redactum
1312 1166 1395 1194 esse
1420 1154 1568 1194 dicitur
1592 1154 1676 1193 erui
1701 1153 1857 1204 nequit:

319 1215 489 1254 fortasse
521 1213 568 1252 de
600 1213 704 1253 bello
735 1214 1003 1265 fugitiuorum
1037 1215 1173 1266 agitur
1210 1213 1317 1264 quod
1353 1225 1442 1253 cum
1481 1214 1601 1265 plane
1632 1213 1857 1254 confectum

319 1276 383 1324 sit,
408 1273 509 1313 nihil
528 1274 686 1314 obstare
712 1275 875 1324 exponit
900 1273 1029 1313 amico
1052 1275 1173 1325 poeta
1198 1275 1296 1325 quin
1323 1273 1376 1313 ad
1399 1273 1548 1314 fretum
1572 1273 1855 1325 proficiscatur.

317 1334 450 1373 Incita
474 1335 515 1374 et
538 1333 756 1373 internecio
782 1333 1068 1384 parhomoeon:
1093 1333 1185 1373 uide
1210 1334 1290 1372 ind.
1310 1346 1475 1386 gramm.
1496 1346 1525 1373 s.
1545 1347 1582 1373 u.
1609 1332 1856 1374 allitteratio‚

443 1388 551 1434 102.
589 1393 740 1433 Probus
778 1393 831 1433 ad
866 1393 1047 1433 bucolica.
1082 1392 1254 1446 Vergilii
1289 1406 1327 1444 p.
1356 1394 1460 1444 326,
1494 1395 1547 1433 17
1574 1393 1613 1432 Η
1653 1390 1856 1433 ‘Facelitis

320 1455 454 1493 autem
486 1454 640 1493 Dianae
678 1453 855 1492 Lucilius
894 1466 1050 1504 quoque
1087 1453 1130 1492 in
1166 1454 1285 1493 tertio
1322 1454 1551 1505 satyrarum
1587 1453 1771 1493 meminit
1800 1454 1857 1493 sic

321 1510 395 1553 “et
420 1544 429 1553 .
451 1544 458 1551 .
481 1544 489 1552 .
521 1513 626 1553 freta
648 1524 872 1553 messanam
904 1507 980 1568 (sic
1013 1512 1218 1554 Parisinus
1252 1512 1499 1561 Monacensis
1530 1512 1762 1563 Vaticanus,
1792 1512 1858 1552 hic

318 1574 361 1613 in
403 1574 583 1625 margine
625 1568 847 1627 messanae)
880 1603 889 1612 .
917 1603 924 1611 .
952 1603 960 1612 .
993 1573 1186 1613 facelinae
1230 1566 1462 1627 (fascebinae
1504 1567 1743 1627 Vaticanus)
1775 1603 1784 1613 .
1811 1603 1819 1612 .
1846 1602 1855 1612 .

321 1630 525 1674 dianae”.'
583 1632 780 1684 Loquitur
809 1635 930 1684 poeta
959 1633 1056 1684 ipse,
1088 1633 1227 1672 comiti
1257 1645 1328 1672 suo
1360 1634 1431 1684 qui
1455 1634 1629 1684 exponat
1651 1634 1858 1684 tamquam

319 1706 492 1746 paterga
521 1694 678 1733 itineris
710 1693 816 1744 quod
844 1695 1099 1743 suscepturus
1124 1694 1178 1732 sit
1201 1704 1335 1733 secum
1359 1692 1510 1732 amicus
1534 1693 1625 1732 uiae
1651 1691 1857 1733 faciendae

320 1766 440 1793 causa
470 1755 518 1792 ut
548 1754 801 1804 exposuimus
833 1753 884 1792 ad
915 1766 952 1791 u.
975 1753 1041 1793 99.
1103 1752 1226 1792 quat
1255 1752 1431 1792 conferre
1469 1751 1602 1792 Senec.
1627 1752 1774 1792 consol.
1806 1750 1859 1792 ad

319 1813 439 1853 Marc.
461 1812 575 1852 XVII
608 1810 659 1853 ‘si
691 1814 780 1863 quis
812 1812 1029 1864 Syracusas
1053 1813 1207 1864 petenti
1231 1812 1380 1853 diceret
1405 1808 1572 1852 “omnia
1596 1811 1858 1863 incommoda,

320 1885 455 1913 omnes
505 1873 735 1923 uoluptates
777 1872 937 1913 futurae
984 1873 1316 1925 peregrinationis
1366 1874 1461 1912 tuae
1513 1874 1605 1912 ante
1655 1883 1856 1924 cognosce,

319 1933 461 1973 deinde
492 1935 552 1973 ita
582 1934 740 1985 nauiga.
798 1933 894 1972 haec
919 1935 1014 1973 sunt
1039 1945 1140 1983 quae
1164 1933 1304 1972 mirari
1327 1932 1473 1983 possis:
1504 1931 1659 1972 uidebis
1683 1931 1857 1983 primum

320 1993 451 2044 ipsam
490 1993 664 2033 insulam
704 1992 754 2031 ab
794 1992 917 2032 Italia
957 1995 1126 2044 angusto
1166 1991 1435 2032 interscissam
1474 1991 1577 2032 freto
1611 2022 1618 2030 .
1645 2022 1653 2030 .
1681 2023 1689 2032 .
1716 1990 1857 2032 deinde

320 2053 474 2092 uidebis
500 2083 508 2091 .
531 2084 538 2091 .
561 2084 567 2090 .
593 2053 708 2092 illam
733 2052 957 2092 fabulosam
977 2050 1220 2102 Charybdim
1239 2083 1248 2092 .
1269 2083 1278 2092 .
1300 2083 1307 2090 .
1327 2051 1481 2091 uidebis
1501 2051 1857 2092 celebratissimum

321 2112 563 2152 carminibus
601 2113 753 2152 fontem
791 2107 1063 2152 Arethusam'’
1082 2109 1093 2125 ’
1121 2125 1153 2152 e.
1173 2125 1210 2163 q.
1231 2124 1260 2151 s.
1333 2111 1554 2151 Enumerat
1595 2113 1716 2162 poeta
1758 2122 1857 2161 quos

321 2173 427 2212 locos
463 2173 533 2212 ille
571 2184 703 2211 secum
740 2173 898 2213 uisurus
936 2173 990 2212 sit
1024 2173 1219 2223 ponitque
1260 2173 1392 2223 primo
1426 2172 1547 2220 freta,
1588 2172 1615 2210 i.
1644 2183 1676 2210 e.
1712 2171 1857 2220 fretum

321 2233 428 2283 quod
469 2234 616 2283 petisse
659 2232 858 2272 Lucilium
900 2231 1125 2283 Porphyrio
1169 2227 1266 2286 (96)
1315 2231 1459 2271 tradit:
1506 2231 1703 2282 pluralem
1751 2229 1858 2281 quod

320 2294 456 2344 posuit
484 2292 528 2331 id
558 2292 869 2343 comparandum
900 2294 961 2332 est
990 2304 1082 2332 cum
1111 2292 1254 2342 templa
1284 2305 1321 2330 u.
1345 2292 1428 2331 104
1457 2285 1644 2345 (‘templa
1673 2289 1740 2330 dei
1762 2302 1856 2331 saxo

320 2352 540 2392 uenerabar
557 2354 710 2392 structa
728 2349 901 2392 uetusto'
923 2351 1073 2404 Vergil.
1086 2351 1187 2391 Aen.
1199 2351 1262 2391 III
1282 2352 1360 2402 843
1379 2350 1474 2391 conf
1487 2349 1603 2390 Ouid.
1622 2350 1714 2391 fast.
1727 2349 1749 2389 Ι
1769 2344 1855 2404 70).

320 2413 461 2463 Neque
504 2412 610 2451 enim
652 2412 736 2452 ullo
779 2412 867 2452 loco
904 2411 1108 2464 Vergilius
1145 2410 1328 2451 adhibuit
1368 2411 1512 2460 fretum
1547 2410 1749 2462 singulare
1789 2409 1858 2453 sed

321 2472 468 2523 ubique
504 2472 716 2523 pluraliter
753 2472 889 2523 posuit
917 2472 1030 2520 freta.
1087 2471 1224 2510 Etiam
1254 2472 1298 2510 in
1328 2470 1503 2510 miliario
1533 2469 1681 2522 Popilii
1711 2470 1857 2510 fretum

322 2534 383 2573 est
412 2532 561 2572 fretum
592 2531 771 2572 Siculum
802 2530 887 2570 CIL
913 2531 933 2570 I
959 2532 1041 2570 551
1079 2528 1146 2570 ‘ad
1176 2531 1324 2570 fretum
1355 2530 1406 2569 ad
1431 2525 1655 2582 statuam').
1712 2529 1856 2569 Secun-

320 2595 388 2631 tur
424 2592 503 2632 duo
533 2592 682 2643 oppida
712 2591 764 2631 ad
795 2592 942 2630 fretum
979 2592 1068 2631 sita.
1117 2587 1357 2631 ‘Messanam
1383 2621 1390 2628 .
1413 2621 1420 2629 .
1441 2620 1450 2630 .
1476 2590 1630 2641 Regina
1665 2585 1857 2641 moenia':

322 2653 418 2692 conf
450 2651 564 2692 Ouid.
590 2654 750 2692 metam.
775 2650 870 2690 XIV
897 2652 922 2690 8
954 2664 1062 2701 seqq.
1100 2651 1148 2690 de
1186 2649 1337 2690 Glauco
1376 2649 1554 2690 Siciliam
1590 2650 1857 2700 relinquente:

323 2710 514 2763 ‘liquerat
556 2714 597 2751 et
639 2711 828 2761 Zanclen,
877 2711 1123 2761 aduersaque
1171 2712 1330 2750 moenia
1371 2710 1474 2762 Regi
1523 2709 1856 2762 nauifragumque

322 2769 483 2812 fretum’
529 2774 570 2811 et
611 2785 648 2810 u.
690 2773 743 2811 17
790 2768 923 2810 ‘litore
964 2771 1007 2810 in
1049 2771 1192 2810 Italico
1234 2770 1430 2810 Messenia
1478 2770 1636 2809 moenia.
1683 2764 1857 2809 contra':

322 2832 370 2871 de
406 2834 560 2871 moenia
596 2832 712 2871 docet
748 2830 856 2870 Seru.
895 2833 1035 2870 auctus
1078 2830 1130 2870 ad
1165 2830 1264 2869 Aen.
1282 2829 1325 2869 Π
1351 2830 1436 2869 234
1482 2826 1606 2869 ‘urbis
1647 2829 1756 2868 tecta
1790 2827 1857 2867 uel

323 2892 438 2931 aedes
475 2888 778 2942 accipiendum’.
838 2890 967 2930 Addit
1002 2889 1144 2930 deinde
1179 2889 1366 2941 Liparas,
1404 2901 1502 2940 quas
1533 2890 1670 2928 utrum
1700 2888 1857 2937 adierit,

322 2953 519 2990 incertum
550 2963 601 2990 an
631 2950 910 2991 tantummodo
942 2950 1233 3001 contemplatus
1265 2950 1320 2989 sit
1348 2962 1370 2989 e
1401 2950 1507 2988 naui.
1569 2947 1648 2988 Sed
1678 2949 1856 2999 apparet,

323 3009 482 3062 Liparis
512 3023 601 3050 cum
641 3013 796 3066 peteret
827 3010 1023 3061 Siciliam,
1059 3010 1134 3049 hac
1171 3011 1239 3049 uia
1269 3009 1479 3049 Facelinae
1514 3008 1667 3060 templa
1701 3007 1856 3064 Dianae
