2060 3444
287 242 373 284 326
827 241 927 275 XXX
951 253 987 275 u.
1017 244 1263 276 1011—1016.

286 354 423 392 Iunius
456 355 607 401 tibique.
669 353 755 405 Ego
785 352 963 392 Lucilius
1001 354 1174 404 gratiam
1210 353 1338 392 habeo
1368 352 1468 403 illis,
1505 355 1575 405 qui
1604 368 1668 394 me
1699 355 1752 394 ad
1780 357 1820 395 te

287 414 555 463 produxerint,
587 414 627 451 et
656 412 744 462 tibi,
775 413 845 463 qui
874 425 964 452 mea
995 413 1144 463 scripta
1170 413 1210 452 et
1234 413 1364 465 legere
1389 414 1562 453 uolueris
1588 416 1629 453 et
1653 415 1821 465 probare

287 474 474 523 potueris.
536 473 669 511 simitu
698 473 742 510 in
773 472 880 511 exitu
911 485 1047 512 uersus
1078 473 1212 522 posita
1243 474 1303 512 est
1330 474 1459 513 forma
1489 474 1669 513 obsoleta
1700 487 1821 525 quam

287 533 448 571 uidetur
478 533 691 582 sumpsisse
722 533 841 582 poeta
873 545 893 571 e
923 532 1061 571 Plauti
1091 532 1248 572 fabulis.

409 586 550 631 1012.
588 592 742 631 Nonius
790 606 827 642 p.
856 593 960 641 326,
994 594 1047 631 32
1105 588 1248 642 eIacet,
1297 592 1447 642 sordet,
1502 594 1700 633 neclectus
1750 595 1820 634 est.

286 652 463 691 Lucilius
494 651 562 690 lib.
582 651 691 689 XXX
723 648 796 690 “et
827 664 898 690 sua
922 653 1123 701 percipere
1153 654 1254 691 retro
1285 651 1420 692 relicta
1445 649 1636 692 iacere’'.'
1697 655 1823 704 perci-

202 764 205 765 7
287 712 400 762 peret
432 710 664 750 Guilielmus
696 705 741 764 (1.
762 723 790 750 s.
811 724 840 750 s.
861 725 897 761 p.
921 706 1008 763 37),
1038 711 1142 750 idem
1176 712 1334 757 rellicta,
1368 712 1475 762 quod
1505 714 1613 752 caret
1643 714 1822 764 exemplo

273 767 351 824 .(L.
371 770 553 809 Muelleri
584 771 632 809 de
662 783 704 809 re
741 772 853 809 metr.
881 771 930 810 ed
947 771 988 809 H
1012 785 1050 821 p.
1071 765 1191 824 450),
1229 773 1453 822 comparari
1482 774 1616 822 potest
1642 774 1824 812 rellatum

287 830 443 869 Lucret.
475 829 517 868 H
557 831 667 869 1001
715 830 871 869 Terent.
903 830 1059 869 Phorm.
1097 832 1148 869 21
1201 832 1365 870 reclusit
1401 831 1533 871 Plaut.
1573 831 1685 883 Oapt.
1726 834 1822 872 918.

287 889 436 942 Agitur
467 889 514 928 de
545 889 692 928 Lucilii
723 890 878 929 aemulo
911 891 1095 940 quodam,
1128 903 1246 941 quem
1282 891 1419 930 eadem
1457 891 1641 931 claritate
1670 893 1824 944 ingenii

290 951 411 989 fuisse
454 949 659 999 probabile
697 951 758 988 est
795 951 915 999 atque
956 949 1116 989 Goethii
1152 950 1460 990 obtrectatorem
1490 951 1822 991 Pustkuchenum.

289 1010 348 1048 De
379 1009 501 1048 Accio
533 1010 685 1061 cogitat
714 1009 928 1049 Muellerus
959 1011 1043 1050 sine
1075 1022 1204 1049 causa.

412 1063 553 1108 1013.
579 1069 733 1108 Nonius
759 1082 796 1119 p.
826 1070 923 1118 303,
951 1071 1006 1109 20
1034 1066 1179 1119 ‘Ferre,
1203 1070 1379 1109 laudare.
1421 1069 1602 1110 Lucilius
1627 1071 1695 1111 lib.
1715 1073 1825 1111 XXX

292 1125 365 1167 “et
391 1159 397 1166 .
427 1159 434 1166 .
463 1159 470 1166 .
496 1125 652 1167 ferri'’.'
726 1128 998 1168 Clarissimum
1041 1129 1089 1168 de
1133 1129 1262 1181 gloria
1303 1142 1466 1180 poeseos
1508 1130 1741 1171 Lucilianae
1784 1133 1825 1172 et

292 1189 528 1227 auctoritate
567 1187 673 1239 apud
711 1189 896 1238 aequales
934 1189 1207 1229 testimonium
1243 1191 1385 1240 poetae
1422 1191 1559 1240 ipsius.
1627 1190 1692 1230 Ad
1727 1192 1826 1240 ferri

292 1240 497 1298 comparat
516 1247 654 1286 Dousa
672 1247 849 1298 Propert.
869 1248 910 1286 H
931 1249 968 1298 5,
992 1251 1013 1287 1
1045 1245 1145 1287 ‘Hoc
1169 1262 1310 1287 uerum
1336 1251 1396 1288 est
1419 1251 1505 1288 tota
1530 1252 1570 1289 te
1595 1251 1702 1300 fen-i,
1723 1250 1826 1301 Gyn—

291 1308 389 1356 thia,
414 1307 542 1346 Roma
567 1308 607 1346 et
625 1320 704 1346 non
723 1308 863 1358 ignota
881 1308 1017 1347 uiuere
1036 1309 1216 1359 nequitia
1224 1305 1258 1346 P'
1281 1330 1336 1335 —
1363 1309 1519 1349 Terent.
1539 1309 1717 1350 Eunuch.
1738 1312 1823 1350 428

293 1364 506 1416 ‘Tuumne,
543 1366 702 1406 obsecro
745 1369 802 1417 te,
844 1368 919 1406 hoc
956 1367 1108 1407 dictum
1145 1367 1256 1407 erat?
1299 1368 1425 1408 Vetus
1463 1369 1621 1408 credidi.
1662 1373 1703 1415 ἡ
1742 1370 1824 1409 Α11-

292 1427 449 1465 dieras?
497 1430 535 1471 4ss
583 1426 726 1477 Saepe,
776 1429 816 1465 et
863 1427 991 1466 fertur
1032 1429 1075 1466 in
1117 1425 1285 1478 primis’.
1358 1428 1525 1468 Aristot.
1556 1429 1655 1468 rhet.
1681 1430 1743 1469 HI
1770 1432 1822 1469 12

292 1501 329 1536 p.
359 1480 500 1525 1413b
529 1488 581 1524 12
633 1485 888 1537 βαστάζονται
941 1484 984 1526 δὲ
1034 1486 1076 1526 οἱ
1119 1485 1424 1540 ἆναγνωστικοί,
1472 1483 1559 1527 οἷον
1607 1488 1826 1542 Χαιρήμων

294 1541 479 1599 (ἀκριβὴς
509 1543 583 1598 γὰρ
615 1544 743 1599 ὥσπερ
775 1540 1059 1600 λογογράφος)·
1108 1545 1174 1586 καὶ
1204 1546 1428 1599 Λικύμνιος
1464 1553 1543 1587 τῶν
1577 1547 1826 1602 διθυραμβο-

292 1619 430 1644 ποιων.

415 1659 558 1705 1014.
595 1665 750 1704 Nonius
781 1679 818 1716 p.
847 1666 951 1714 388,
978 1667 1032 1705 23
1077 1663 1282 1716 ‘Saeuum,
1326 1666 1479 1706 durum.
1520 1697 1528 1706 .
1562 1699 1568 1706 .
1604 1699 1611 1706 .
1648 1667 1826 1708 Lucilius

293 1725 360 1763 lib.
387 1725 495 1763 XXX
541 1718 669 1778 “id(it
701 1719 838 1778 L)que
881 1726 962 1764 tuis
1005 1727 1121 1775 factis
1163 1727 1294 1765 saeuis
1335 1757 1342 1765 .
1377 1757 1383 1765 .
1419 1758 1426 1765 .
1464 1723 1642 1767 dictis”.'
1715 1728 1827 1768 Idem

294 1798 331 1834 p.
359 1785 457 1833 409,
485 1785 509 1822 9
544 1781 703 1834 ‘Ti-iste,
735 1785 904 1834 crudele,
934 1786 1086 1824 inmite.
1120 1816 1128 1824 .
1151 1816 1160 1824 .
1181 1817 1189 1824 .
1214 1785 1394 1826 Lucilius
1425 1786 1492 1825 lib.
1517 1787 1627 1826 XXX
1667 1783 1827 1836 “itaque

294 1845 375 1882 tuis
411 1845 515 1882 seuis
550 1844 666 1891 factis
693 1874 699 1881 .
728 1875 735 1882 .
764 1875 770 1882 .
798 1841 975 1884 dictis’'.'
1038 1846 1153 1893 idque
1189 1847 1296 1885 recte
1332 1845 1490 1895 Iunius,
1533 1858 1622 1886 cum
1659 1848 1826 1898 utroque

294 1904 380 1942 loco
413 1903 512 1941 codd
542 1904 558 1941 i
588 1903 764 1942 litteram
796 1905 1003 1943 testentur.
1065 1906 1193 1944 tristia
1223 1906 1326 1944 dicta
1356 1907 1449 1944 sunt
1478 1918 1616 1946 uersus
1648 1908 1826 1946 saturae:

295 1962 486 2000 Horatius
517 1975 630 2002 serm.
655 1962 696 2001 H
724 1965 761 2012 1,
789 1964 840 2001 21
878 1960 1042 2013 ‘quanto
1073 1964 1218 2003 rectius
1256 1965 1330 2004 hoc
1367 1978 1488 2014 quam
1524 1966 1633 2005 tristi
1671 1967 1827 2006 laedere

295 2034 412 2059 uersu
437 2021 704 2060 Pantolabum
730 2034 906 2061 scurram
930 2023 1303 2074 Nomentanumque
1327 2021 1540 2074 nepotem'..
1593 2022 1727 2075 ‘idque
1746 2027 1826 2066 tuis

296 2082 425 2119 saeuis
450 2081 566 2119 factis
592 2082 632 2119 et
655 2081 837 2120 tristibus
863 2081 980 2121 dictis
1008 2084 1045 2120 te
1071 2084 1259 2133 consequi
1277 2083 1387 2134 cupis
1407 2085 1453 2122 ut
1474 2084 1599 2123 risum
1618 2083 1828 2125 excutias':

296 2139 390 2178 Hor.
418 2152 531 2178 serm.
556 2140 577 2178 I
603 2141 642 2189 4,
669 2141 736 2179 34.
763 2141 830 2179 83.
901 2140 1132 2181 Chiasmum
1163 2143 1281 2191 factis
1319 2144 1450 2182 saewezs
1492 2144 1685 2194 praebent
1728 2145 1827 2184 codd

296 2214 334 2249 p.
362 2200 445 2238 388
479 2212 576 2248 quos
607 2202 763 2239 secutus
794 2213 882 2240 sum
911 2202 958 2240 ut
987 2202 1169 2241 meliores
1200 2203 1244 2240 in
1274 2202 1432 2242 exordio
1463 2215 1611 2243 uersus.

419 2253 560 2297 1015.
592 2260 746 2299 Nonius
776 2273 814 2310 p.
843 2261 940 2311 284,
968 2262 1021 2299 14
1056 2258 1238 2300 ‘Differre
1265 2292 1302 2300 ..
1325 2293 1332 2300 .
1358 2262 1575 2313 diffamare,
1606 2263 1825 2316 diuulgare.

297 2317 476 2357 Lucilius
507 2318 574 2356 lib.
600 2319 710 2357 XXX
743 2316 922 2370 “gaudes
950 2351 986 2358 ..
1009 2351 1016 2359 .
1043 2318 1236 2361 differs''.'
1293 2321 1352 2360 De
1385 2319 1645 2363 ‘sermonibus
1677 2321 1824 2377 differs'

296 2377 496 2416 locutione
539 2378 630 2417 uide
674 2378 725 2417 ad
755 2393 792 2417 u.
827 2381 959 2419 1016:
1003 2379 1090 2419 Liu.
1115 2381 1285 2419 XXXIV
1310 2382 1384 2431 49,
1412 2382 1436 2420 5
1482 2378 1828 2423 ‘Acrocorinthum

297 2438 394 2486 ipsis
427 2438 622 2487 extemplo
653 2438 882 2478 uidentibus
913 2451 1082 2478 uacuam
1111 2440 1282 2480 Achaeis
1311 2441 1573 2491 traditurum,
1610 2444 1656 2481 ut
1692 2455 1827 2483 omnes

299 2497 461 2546 scirent,
497 2499 633 2535 utrum
663 2498 852 2537 Romanis
885 2511 936 2537 an
966 2498 1120 2539 Aetolis
1151 2501 1314 2539 mentiri
1343 2513 1429 2540 mos
1461 2503 1580 2551 esset,
1618 2503 1688 2552 qui
1723 2503 1827 2542 male

299 2557 550 2594 commissam
592 2556 818 2596 libertatem
861 2558 1008 2609 populo
1050 2559 1230 2599 Romano
1276 2560 1522 2601 sermonibus
1571 2559 1827 2601 distulerint'.

245 2664 250 2668 ι
298 2615 419 2653 Recte
458 2615 630 2665 explicat
664 2617 819 2656 Nonius
856 2618 1031 2666 differre,
1072 2618 1295 2668 diuulyare,
1337 2621 1384 2659 ut
1421 2619 1499 2660 Cic.
1530 2633 1603 2671 pro
1628 2621 1743 2660 Font.
1771 2624 1827 2662 20

300 2670 485 2713 ‘maxime
517 2676 623 2713 enim
652 2677 806 2715 inimici
836 2677 938 2716 hanc
968 2690 1053 2716 rem
1077 2679 1323 2718 sermonibus
1355 2679 1560 2731 diuulgari
1584 2679 1827 2720 uoluerunt'.

298 2733 431 2772 Verba
456 2736 548 2772 sunt
574 2735 810 2774 aduersarii:
834 2737 1016 2776 imitatus
1042 2739 1103 2776 est
1126 2738 1320 2777 Horatius
1346 2751 1460 2778 serm.
1480 2739 1501 2778 I
1520 2741 1560 2789 4,
1581 2741 1604 2778 7
1610 2741 1634 2779 8
1657 2737 1827 2780 ‘laedere

300 2789 476 2842 gaudes’,
506 2794 652 2843 inquis,
686 2792 741 2833 ‘et
770 2795 846 2834 hoc
876 2796 1008 2835 studio
1039 2809 1187 2846 prauus
1219 2794 1344 2838 facis'.

421 2847 562 2892 1016.
594 2854 747 2893 Nonius
779 2868 816 2904 p.
844 2856 941 2905 284,
968 2857 1021 2894 23
1049 2852 1243 2907 ‘Differre,
1275 2857 1452 2896 diuidere
1478 2859 1543 2897 uel
1568 2859 1801 2899 scindere...
1818 2891 1826 2899 .

299 2909 476 2950 Lucilius
518 2912 586 2950 lib.
613 2913 722 2951 XXX
767 2911 839 2953 “et
871 2945 878 2952 .
911 2945 919 2953 .
954 2946 960 2952 .
993 2913 1187 2955 differs’'.’
1261 2916 1393 2956 Verba
1441 2920 1536 2957 sunt
1590 2918 1826 2958 aduersarii:

300 2968 491 3008 Horatius
523 2984 636 3010 serm.
660 2973 682 3010 I
707 2974 752 3023 4,
779 2974 833 3012 36
879 2969 935 3012 ‘et
981 2975 1254 3026 quodcumque
1303 2977 1424 3016 semel
1472 2978 1593 3017 cartis
1641 2978 1826 3028 illeuerit,
