2060 3444
247 255 305 299 26
885 255 905 293 1
927 268 963 292 u.
991 260 1143 294 50—51.

248 369 345 409 deus
376 369 567 421 profatur.
633 367 738 408 Gaue
770 369 842 410 deo
872 369 1058 422 indignos
1090 372 1221 421 putes:
1258 384 1338 411 non
1369 371 1543 424 putabis,
1573 372 1608 412 si
1638 371 1788 411 similia

248 442 348 479 quae
393 428 626 468 admiserint
667 428 866 469 Lucienus
911 431 952 468 et
990 428 1140 470 Seneca
1181 432 1221 469 et
1263 432 1473 482 praecipue
1512 431 1787 482 Epicharmus,

250 488 318 539 qui
356 489 398 527 in
436 488 649 528 comoediis
690 488 782 528 deos
823 489 1052 541 saepissime
1084 489 1241 529 induxit
1270 490 1319 531 de
1349 490 1492 531 eduliis
1523 491 1786 531 uociferantes

248 548 569 588 consideraueris.
621 548 725 588 Sunt
753 549 941 588 uidelicet
971 549 1094 589 uerba
1123 549 1200 598 dei,
1231 550 1397 590 fortasse
1429 551 1592 602 propter
1617 551 1787 602 piscium
1861 591 1862 594 ,

249 610 489 648 mentionem
521 609 700 660 Neptuni
737 609 969 660 exponentis
1006 610 1047 647 in
1087 610 1254 650 concilio
1293 610 1389 660 quid
1426 610 1600 650 audierit
1628 610 1787 662 Lupum

248 668 487 720 gloriantem
525 668 573 707 de
611 681 707 708 cena
755 670 906 720 opima,
948 682 1068 720 quam
1106 669 1239 709 helluo
1277 671 1457 710 conuiuis
1493 683 1584 710 mox
1621 670 1787 710 datm-us

247 730 310 768 sit.
379 728 538 768 Etenim
583 728 689 779 apud
734 731 885 769 ueteres
925 729 1137 780 Neptunus
1183 729 1296 769 audit
1340 727 1560 782 ‘pistricum
1604 729 1787 770 dominus

247 790 367 839 atque
417 801 669 838 maenarum,
717 810 775 815 —
824 785 893 828 rex
950 789 1144 829 salsorum
1193 785 1400 842 gurgitum
1450 791 1491 829 et
1537 785 1787 830 tremebundi

247 843 423 887 motator
449 845 538 887 soli'
567 843 733 902 (Arnob.
754 848 816 887 111
843 849 894 888 31
924 863 962 900 p.
987 850 1090 899 133,
1119 851 1139 888 1
1174 848 1306 888 Reiff:
1349 850 1417 900 qui
1454 849 1614 889 uidetur
1650 861 1788 890 uersus

246 920 330 948 esse
356 909 498 959 poetae
524 908 692 947 alicuius
717 902 945 962 neoterici):
971 908 1136 948 Philem.
1158 907 1315 948 OAFH
1334 923 1370 960 p.
1388 910 1487 959 500,
1503 911 1556 948 22
1571 909 1608 948 K
1633 905 1681 948 ὃν
1705 911 1788 957 τοῖς

248 970 360 1015 θεοῖς
385 966 494 1020 φέρει
516 967 723 1007 Ποσειδῶν
748 966 917 1021 γόγγρον
942 967 999 1016 εἰς
1024 966 1092 1008 τὸν
1111 967 1299 1021 οὐρανόν,
1321 969 1483 1009 Lucian.
1503 969 1586 1009 Iou.
1607 969 1708 1022 trag.
1732 969 1785 1008 25

238 1024 406 1084 Ἄπαγε,
451 1027 700 1074 θυννῶδες
745 1026 785 1067 τὸ
829 1025 1044 1080 ἐνθύμημα
1084 1023 1116 1068 ὦ
1158 1027 1354 1069 Πόσειδον
1397 1030 1473 1068 κτλ.
1542 1028 1645 1067 Vide
1686 1041 1788 1080 quae

246 1087 419 1127 diximus
451 1087 502 1127 ad
527 1101 564 1126 u.
587 1088 653 1127 54.
1755 1129 1757 1131 ,

370 1142 448 1188 51.
481 1147 635 1188 Nonius
660 1161 697 1199 p.
720 1148 819 1197 500,
847 1150 900 1187 17
936 1145 1165 1188 ‘Ablatiuus
1197 1161 1269 1200 pro
1301 1149 1488 1200 genetiuo
1516 1179 1522 1186 .
1546 1179 1553 1186 .
1575 1178 1582 1186 .
1610 1147 1787 1190 Lucilius

249 1209 473 1259 satyrarum
505 1207 572 1247 lib.
593 1207 613 1247 Ι
646 1204 796 1258 “porro
822 1219 1083 1258 quaecumque
1109 1211 1143 1248 et
1167 1208 1400 1259 cuicumque
1425 1210 1472 1247 ut
1496 1207 1669 1248 diximus
1695 1209 1788 1248 ante

247 1267 448 1307 obstiterit
484 1267 614 1318 primo
651 1268 727 1307 hoc
764 1268 968 1308 minuendi
1004 1268 1126 1307 refert
1162 1265 1255 1308 res’'
1289 1267 1394 1307 idem
1424 1267 1491 1307 lib.
1512 1267 1570 1308 VI
1602 1262 1657 1321 (u.
1680 1262 1786 1322 237)

250 1324 323 1366 “et
352 1327 394 1367 id
425 1327 553 1367 solum
579 1327 769 1367 aduersae
801 1328 986 1367 fortunae
1016 1341 1137 1378 reque
1169 1324 1352 1368 resistit”
1371 1325 1382 1342 ’
1416 1322 1502 1381 (ubi
1538 1341 1581 1367 re
1612 1327 1652 1367 L
1675 1340 1725 1367 m.
1749 1330 1788 1378 1,

247 1388 304 1427 rei
336 1382 507 1441 reliqui).
569 1387 752 1439 Apparet
781 1388 1086 1440 grammaticum
1118 1388 1159 1427 in
1191 1387 1344 1427 duobus
1376 1387 1522 1427 Lucilii
1554 1388 1788 1439 fragmentis

246 1447 415 1486 formam
456 1459 498 1486 re
538 1442 638 1501 (qua
677 1447 725 1487 de
765 1448 861 1487 conf
897 1447 1102 1499 Georgesii
1142 1448 1359 1487 formarum
1399 1447 1662 1500 lexicologum
1699 1460 1728 1487 s.
1749 1461 1786 1486 u.

248 1519 309 1547 res
342 1506 427 1546 CIL
452 1507 472 1546 I
502 1502 546 1546 1²
570 1521 607 1558 p.
632 1509 713 1547 193
741 1507 840 1547 XIII
868 1508 922 1547 18
956 1504 1013 1546 ‘re
1050 1507 1239 1547 militaris
1276 1502 1576 1561 peritissimus’)
1614 1520 1703 1547 cum
1734 1508 1789 1547 sit

246 1567 406 1607 datiuus
438 1567 669 1618 utrobique,
707 1569 842 1618 inepte
879 1569 921 1607 et
957 1567 1180 1607 ablatiuum
1223 1569 1264 1607 et
1300 1567 1528 1620 genetiuum
1567 1567 1786 1618 appellare:

248 1640 367 1677 quam
405 1627 573 1666 formam
611 1627 769 1667 restitui
807 1640 881 1679 par
918 1629 978 1667 est
1015 1627 1122 1667 exitu
1160 1640 1298 1667 uersus
1338 1626 1461 1666 uerbo
1501 1625 1610 1677 re[s]
1646 1628 1707 1667 ita
1743 1628 1790 1666 ut

247 1687 323 1726 feci
360 1687 539 1738 soletque
577 1687 700 1739 uulgo
740 1687 828 1725 fieri
873 1688 1040 1727 mutato.
1112 1686 1334 1726 Gerundiui
1375 1687 1544 1726 formam
1587 1687 1789 1726 minuendi

246 1747 357 1785 nolui
407 1759 566 1786 seruare
610 1748 726 1786 unico
770 1747 950 1797 exemplo
999 1746 1135 1786 Plauti
1175 1745 1287 1798 Gapt.
1319 1760 1356 1785 u.
1394 1747 1506 1787 1008
1553 1743 1668 1786 ‘lucis
1717 1746 1788 1786 das

250 1806 387 1846 tuendi
425 1803 596 1858 copiam’
635 1807 761 1847 fretus
799 1802 898 1861 (Leo
938 1806 1069 1846 Plaut.
1095 1807 1253 1846 Forsch.
1280 1820 1317 1857 p.
1340 1802 1464 1860 328):
1513 1819 1640 1858 neque
1683 1807 1789 1846 enim

248 1866 380 1906 deesse
425 1868 497 1906 aut
536 1866 777 1906 adiectiuum
821 1867 1006 1918 genetiuo
1037 1868 1084 1906 ut
1118 1879 1268 1914 onarus
1299 1861 1449 1920 (Plaut.
1482 1865 1594 1905 Asin.
1630 1867 1714 1906 855
1754 1867 1788 1907 si

249 1927 366 1967 huius
398 1928 454 1966 rei
492 1940 554 1966 me
592 1926 821 1967 mendacem
858 1922 1078 1979 inueneris)
1115 1939 1242 1977 neque
1274 1926 1495 1966 ablatiuum
1527 1927 1654 1966 ueluti
1684 1937 1790 1965 more

248 1987 465 2026 arbitratus
508 1999 595 2027 sum
639 2000 767 2038 neque
811 1988 1040 2038 genetiuum
1087 1998 1170 2026 esse
1213 1986 1372 2026 finalem
1410 1986 1520 2026 cuius
1557 1986 1605 2026 de
1636 1984 1789 2038 origine

247 2047 417 2086 multum
448 2046 684 2086 laborarunt
713 2047 950 2098 interpretes
982 2046 1069 2086 Ter.
1090 2045 1259 2097 Adelph.
1281 2047 1368 2085 270
1399 2045 1467 2085 sed
1493 2058 1576 2085 esse
1602 2045 1787 2097 supplen-

248 2106 345 2145 dum
376 2106 515 2145 datiuo
546 2107 717 2146 intentus
746 2106 812 2145 uel
842 2109 961 2146 natus
992 2106 1256 2146 adiectiuum:
1294 2106 1389 2146 conf
1421 2105 1552 2145 Plaut.
1573 2105 1678 2145 Pers.
1699 2106 1785 2144 428

249 2163 498 2205 ‘referundae
557 2179 630 2218 ego
688 2165 816 2206 habeo
874 2166 1054 2219 linguam
1112 2167 1250 2205 natam
1308 2162 1477 2217 gratiae’
1538 2164 1637 2204 Rud.
1673 2165 1786 2204 1374

249 2223 541 2265 ‘iusiurandum
573 2227 631 2265 rei
656 2225 872 2266 seruandae
899 2239 978 2265 non
1004 2226 1226 2278 perdendae
1252 2225 1454 2265 conditum
1481 2222 1554 2264 est’
1577 2220 1789 2278 (Draegeri

249 2288 404 2336 syntax.
423 2286 516 2326 hist.
537 2287 561 2325 l.
583 2286 625 2325 L.
646 2281 706 2325 11²
737 2300 774 2336 p.
796 2281 914 2340 836).
972 2286 1105 2326 Verba
1137 2283 1384 2336 ‘cuicumque
1417 2287 1462 2324 ut
1493 2285 1662 2324 diximus
1694 2286 1787 2324 ante

247 2346 450 2386 obstiterit
474 2343 617 2397 primo'
646 2358 744 2386 sana
769 2358 852 2385 esse
878 2347 1022 2397 quouis
1048 2347 1215 2398 pignore
1238 2344 1789 2385 contendaszhemistichium

248 2409 291 2445 ut
322 2406 494 2445 diximus
531 2409 621 2445 ante
662 2407 870 2445 mutarunt
899 2405 1107 2446 Lucretius
1132 2405 1152 2444 I
1180 2407 1263 2445 907
1299 2402 1435 2456 ‘paulo
1472 2404 1578 2455 quod
1618 2404 1788 2444 din‘mus

248 2462 371 2515 ante',
402 2465 505 2505 idem
539 2466 624 2504 846
659 2462 795 2516 ‘supra
835 2479 934 2516 quos
965 2465 1138 2504 diximus
1176 2461 1282 2504 ante'
1322 2467 1362 2503 et
1394 2463 1529 2503 Cicero
1561 2464 1674 2503 Arat.
1704 2465 1788 2503 120

249 2526 391 2564 Baehr.
432 2523 547 2576 ‘quos
584 2525 755 2565 diximus
792 2522 913 2565 ante'.
976 2525 1036 2564 De
1074 2526 1259 2564 obstiterit
1289 2524 1383 2564 conf
1408 2524 1539 2563 Plaut.
1561 2522 1674 2574 Gapt.
1703 2525 1784 2562 791

250 2582 418 2624 ‘eminor
448 2586 763 2636 interminorque
800 2587 942 2636 nequis
978 2586 1035 2624 mi
1071 2585 1272 2625 obstiterit
1309 2584 1469 2623 obuiam
1489 2614 1497 2623 .
1520 2614 1556 2621 ..
1589 2596 1681 2622 nam
1719 2584 1789 2634 qui

250 2645 452 2684 obstiterit
482 2659 549 2685 ore
581 2643 710 2685 sistet'
743 2645 941 2696 Amphitr.
971 2646 1055 2685 985
1083 2642 1170 2684 ‘nec
1195 2645 1408 2695 quisquam
1436 2645 1521 2683 tam
1547 2643 1675 2682 audax
1701 2643 1789 2683 fuat

249 2706 366 2744 homo
406 2705 474 2755 qui
515 2705 675 2749 obuiam
708 2706 878 2745 obsistat
908 2702 1034 2744 mihi’.
1097 2705 1233 2743 Priore
1264 2715 1381 2743 uersu
1414 2700 1700 2754 ‘quaecumque
1732 2699 1786 2742 et’

249 2777 328 2804 non
361 2777 475 2816 posse
507 2765 670 2804 tolerari
695 2765 974 2804 Lachmannus
1004 2765 1220 2804 intellexit:
1252 2765 1321 2814 qui
1353 2763 1458 2814 quod
1490 2763 1625 2814 posuit
1654 2759 1788 2813 ‘quae-

249 2837 416 2875 cumque
448 2822 537 2873 est’,
568 2825 610 2863 id
640 2824 916 2875 probaremus,
947 2826 983 2864 si
1014 2823 1269 2874 sequentibus
1299 2835 1459 2862 sensum
1490 2824 1531 2862 et
1560 2822 1689 2862 lucem
1720 2822 1787 2860 ad-

250 2884 371 2923 ferret
419 2884 562 2924 uerbis.
629 2885 712 2924 Nos
761 2897 920 2923 uersum
964 2883 1015 2922 ad
1050 2884 1137 2923 qu.
1163 2883 1222 2922 VI
1253 2884 1336 2923 411
1391 2879 1606 2923 ‘subsidere
1648 2883 1788 2931 terras,

186 2947 192 2951 ’
240 2956 498 2994 *quocumque
537 2945 580 2983 in
624 2944 765 2994 triuio,
808 2945 1041 2994 cuicumque
1091 2945 1152 2983 est
1200 2942 1337 2992 obuia,
1385 2939 1537 2982 narrat’
1579 2942 1788 2981 restituere

251 3005 385 3043 conati
421 3017 558 3044 sumus
596 3005 788 3056 ponentes
827 3001 1092 3056 ‘quacumque
1127 3000 1197 3043 it':
1238 3003 1333 3043 conf
1365 3002 1460 3042 Hor.
1480 3015 1593 3042 serm.
1613 3001 1635 3040 I
1661 3002 1706 3051 6,
1731 3002 1784 3040 31
