2060 3444
282 265 369 309 322
866 261 967 297 XXX
992 274 1027 297 u.
1050 263 1249 297 991—996.

281 393 311 418 z.
343 380 445 417 Rom
475 377 570 416 XVI
604 378 714 415 1901
759 390 795 426 p.
818 376 915 415 383.
982 374 1156 414 Datiuus
1200 375 1261 413 est
1303 375 1541 423 euplocamo,
1581 373 1820 413 uocabulum

281 440 404 478 simili
446 437 563 476 modo
607 436 832 475 adhibitum
875 446 953 485 quo
997 435 1283 484 calliplocamos
1325 435 1578 484 callisphyros
1616 433 1685 472 lib.
1704 433 1820 472 XVII

282 513 318 537 u.
348 499 445 537 540.
521 496 790 536 Conferendus
845 497 906 534 est
949 495 1000 534 ad
1042 494 1079 533 h.
1105 507 1143 533 11.
1188 496 1229 533 et
1270 494 1478 544 sequentes
1521 493 1819 544 Theophrastus

282 559 328 597 de
380 558 532 608 nuptiis
582 557 666 596 siue
716 555 863 594 Seneca
920 556 1004 594 siue
1053 554 1322 605 Hieronymus
1371 566 1434 604 ap.
1472 553 1668 593 Bockium
1716 553 1820 593 stud.

282 617 498 668 Lips.XIX
517 630 555 667 p.
572 617 640 666 61,
655 617 679 654 5
709 613 853 654 ‘Multa
879 616 983 664 sunt,
1009 626 1110 665 quae
1136 615 1410 653 matronarum
1434 613 1571 652 usibus
1597 614 1821 652 necessaria

281 679 394 717 sunt:
418 678 617 727 pretiosae
643 678 785 725 uestes,
817 688 970 724 aurum,
1002 687 1192 726 gemmae,
1218 675 1414 724 sumptus,
1439 673 1620 723 ancillae,
1644 673 1821 724 supellex

282 738 408 786 uaria,
445 737 609 775 lecticae
647 737 688 774 et
724 735 861 775 esseda
892 731 1112 773 deaurata’.
1181 733 1498 773 Discerniculum
1534 734 1697 784 proprie
1735 734 1822 772 erat

250 834 252 837 ,
282 799 556 836 matronarum
604 795 652 834 de
703 808 781 845 quo
825 794 1062 833 Plutarchus
1112 795 1265 844 quaest.
1303 793 1416 833 Rom.
1450 793 1504 831 87
1556 791 1621 832 διὰ
1664 791 1703 832 τί
1742 797 1821 832 τῶν

281 854 543 909 γαμουμένων
574 854 694 911 αἰχμῇ
726 854 910 907 δορατίου
942 852 1015 905 τὴν
1045 852 1174 905 κόμην
1206 852 1498 905 διακρίνουσινς

402 910 513 955 992.
545 915 699 954 Nonius
739 928 776 964 p.
799 915 897 963 523,
921 914 973 952 18
1007 910 1192 964 ‘Operari
1230 915 1290 952 est
1321 913 1413 952 deos
1444 912 1630 964 religiose
1661 913 1701 950 et
1732 923 1821 950 cum

284 988 440 1015 summa
477 976 730 1014 veneratione
770 973 975 1013 sacrificiis
1011 974 1149 1022 litare,
1192 973 1257 1011 uel
1297 973 1516 1012 conuiuari.
1549 1002 1557 1010 .
1580 1003 1586 1010 .
1609 1003 1617 1010 .
1642 971 1820 1010 Lucilius

282 1036 349 1074 lib.
370 1035 478 1073 XXX
511 1032 615 1073 “aut
645 1037 780 1083 operat
818 1033 954 1084 aliquo
991 1034 1034 1071 in
1071 1027 1152 1086 (om
1186 1027 1241 1086 G)
1280 1032 1426 1071 celebri
1467 1045 1557 1071 cum
1588 1031 1821 1081 aequalibus

282 1091 437 1134 fan0'’.'
499 1097 701 1144 operatum
731 1093 1027 1142 Lachmannus,
1064 1095 1227 1142 operata
1257 1091 1513 1131 Guilielmus:
1551 1104 1628 1130 uox
1659 1091 1822 1142 propria

278 1156 329 1193 de
367 1155 581 1193 mulierum
617 1154 850 1192 ministeriis
887 1152 1087 1204 religiosis
1125 1165 1204 1202 qua
1241 1152 1288 1190 de
1331 1153 1514 1202 exposuit
1544 1151 1821 1190 Rothsteinius

281 1215 334 1253 ad
352 1214 530 1264 Propert.
551 1213 591 1251 II
613 1214 667 1252 28
676 1213 713 1262 b,
734 1213 802 1251 45.
824 1214 893 1261 33,
916 1215 936 1250 1
961 1210 1127 1251 ‘Tristia
1152 1213 1233 1250 iam
1255 1211 1423 1251 redeunt
1446 1212 1593 1250 iterum
1612 1211 1822 1250 sollemnia.

283 1274 414 1314 nobis:
448 1273 621 1324 Cynthia
650 1274 734 1311 iam
758 1274 893 1311 noctes
919 1274 980 1311 est
1004 1273 1169 1322 operata
1201 1268 1362 1310 decem'.
1418 1270 1582 1310 Lucian.
1608 1270 1743 1309 Amor.
1765 1271 1820 1309 42

281 1332 360 1373 ἀπὸ
398 1339 466 1385 τῆς
504 1332 631 1380 οἰκίας
667 1331 797 1379 ἔξοδοι
824 1363 830 1370 .
854 1363 860 1370 .
884 1363 891 1370 .
918 1325 974 1371 ὧν
1011 1329 1128 1370 ἐνίων
1165 1330 1208 1370 οἰ
1240 1329 1525 1382 κακοδαίμονες
1555 1327 1697 1382 ἄνδρες
1728 1327 1821 1369 οὐδὲ

283 1391 381 1432 αὐτὰ
414 1392 519 1432 ἴσασι
549 1391 595 1431 τὰ
627 1389 814 1443 ὀνόματα,
845 1390 1055 1441 κωλιάδας,
1087 1390 1123 1430 εἰ
1151 1389 1274 1443 τύχοι,
1305 1388 1372 1429 καὶ
1401 1389 1671 1443 γενετυλλίδας
1696 1386 1723 1441 ἢ
1747 1388 1822 1440 τὴν

284 1451 466 1505 Φρυγίαν
498 1451 669 1503 δαίμονα
699 1449 764 1490 καὶ
794 1449 864 1491 τὸν
896 1448 1097 1502 δυσέρωτα
1127 1455 1262 1501 κῶμον
1293 1447 1357 1489 ἐπὶ
1387 1452 1441 1504 τῷ
1473 1447 1645 1501 ποιμένι,
1675 1447 1821 1488 τελεταὶ

281 1506 317 1550 δ’
341 1509 569 1563 ἀπόρρητοι,
599 1508 665 1549 καὶ
695 1508 813 1562 χωρὶς
843 1508 1003 1563 ἀνδρῶν
1034 1505 1160 1563 (quod
1185 1508 1363 1548 Lucilius
1388 1509 1542 1548 indicat
1570 1508 1702 1548 uerbis
1733 1521 1821 1548 cum

280 1566 527 1624 aequalibus)
564 1569 721 1609 ὕποπτα
758 1568 952 1622 μυστήρια
988 1569 1057 1608 καί
1090 1590 1149 1595 -
1186 1568 1225 1608 τί
1257 1566 1332 1622 γὰρ
1371 1567 1436 1608 δεῖ
1466 1566 1730 1621 περιπλέκειν;
1764 1590 1818 1595 —-

281 1629 485 1681 διαφθορὰ
517 1635 662 1682 ψυχῆς.

399 1685 511 1729 993.
543 1689 697 1729 Nonius
729 1703 766 1739 p.
788 1690 886 1738 522,
915 1690 967 1727 19
1002 1685 1148 1739 ‘Apud,
1186 1688 1248 1727 ad.
1279 1687 1456 1727 Lucilius
1487 1687 1556 1726 lib.
1575 1687 1685 1727 XXX
1716 1684 1821 1726 “aut

280 1763 371 1789 cum
407 1781 414 1788 .
445 1781 452 1788 .
485 1780 492 1787 .
527 1751 738 1788 conmenta
783 1750 826 1787 ui
881 1751 952 1787 aut
1007 1747 1115 1799 apud
1151 1779 1157 1786 .
1190 1779 1196 1786 .
1229 1779 1236 1786 .
1272 1744 1504 1787 amicam’'.'
1575 1749 1662 1787 ulai
1713 1749 1820 1787 recte

278 1809 449 1860 Lipsius.
511 1809 648 1848 Monet
696 1808 796 1847 Cato
846 1808 894 1847 de
943 1807 1031 1860 agri
1075 1808 1167 1846 cult.
1203 1809 1310 1856 143,
1338 1810 1359 1846 1
1401 1807 1449 1847 de
1486 1807 1609 1847 uilica
1648 1803 1821 1846 ‘uicinas

279 1870 459 1919 aliasque
496 1869 681 1907 mulieres
720 1881 839 1918 quam
876 1869 1087 1906 minimum
1122 1868 1262 1906 utatur
1298 1880 1398 1906 neue
1436 1867 1599 1907 domum
1636 1880 1738 1906 neue
1770 1866 1820 1905 ad

280 1942 363 1969 sese
388 1930 569 1978 recipiat·
619 1928 670 1967 ad
694 1940 832 1967 cenam
858 1940 987 1976 nequo
1013 1928 1079 1966 eat
1104 1939 1203 1965 neue
1236 1926 1475 1965 ambulatrix
1501 1924 1605 1966 siet’.
1661 1927 1820 1966 Similia.

279 1988 479 2027 Lucianus
510 1987 644 2027 Amor.
673 1989 727 2025 42
767 1988 837 2036 qui
876 1986 984 2025 locus
1022 1986 1165 2025 lacuna
1196 1987 1257 2025 est
1287 1986 1552 2025 deformatus:
1583 1985 1710 2033 εὐθὺς
1740 1983 1819 2026 ἀπὸ

279 2053 349 2099 τῆς
379 2046 508 2093 οἰκίας
538 2045 667 2093 ἔξοδοι
697 2043 763 2084 καὶ
793 2051 870 2092 πᾶς
901 2043 1048 2095 θεατὴς
1072 2042 1283 2098 ἐπιτρίβων
1307 2043 1400 2092 τοὺς
1427 2044 1696 2098 γεγαμηκότας
1721 2039 1820 2084 mis:

278 2106 468 2145 laudatur
504 2106 646 2144 mulier
682 2105 881 2143 damiseda
919 2103 1003 2143 CIL
1029 2104 1087 2142 VI
1115 2106 1165 2142 11
1179 2105 1264 2143 602
1303 2106 1368 2143 cui
1405 2105 1607 2143 contraria
1644 2107 1704 2144 est
1746 2105 1820 2143 illa

281 2159 532 2204 ambulatrix.
575 2186 634 2190 —
678 2164 787 2213 apud
835 2164 1037 2212 aurificem
1084 2164 1245 2214 uulgari
1292 2164 1410 2203 modo
1453 2164 1605 2203 dictum
1648 2164 1696 2203 de
1741 2177 1819 2214 quo

281 2225 452 2263 diximus
494 2224 545 2262 ad
585 2225 723 2263 incert.
755 2237 792 2262 u.
823 2224 934 2262 1215
962 2236 1069 2274 seqq.
1117 2244 1168 2250 -—
1215 2223 1274 2262 De
1318 2223 1478 2263 aurifice
1521 2223 1819 2274 Theophrastus

281 2285 307 2324 1.
327 2297 356 2323 s.
377 2296 405 2323 s.
431 2297 469 2333 p.
491 2284 544 2322 62
580 2280 696 2322 ‘anus
728 2284 768 2322 et
799 2283 978 2322 aurifices
1011 2285 1052 2323 et
1078 2283 1254 2322 hariolos
1280 2285 1320 2322 et
1344 2284 1548 2323 institores
1574 2296 1820 2336 gemmarum

282 2344 573 2392 sericarumque
609 2344 783 2382 uestium
819 2344 854 2382 si
896 2344 1177 2392 intromiseris,
1220 2343 1441 2393 periculum
1481 2343 1699 2393 pudicitiae
1730 2340 1818 2383 est’.

282 2402 485 2442 Sollicitus
517 2415 600 2442 esse
631 2402 747 2441 debet
783 2402 830 2441 de
868 2402 1064 2453 pudicitia
1102 2404 1283 2452 maritus,
1325 2415 1412 2441 cum
1445 2404 1524 2442 iter
1554 2403 1688 2454 aliquo
1719 2417 1819 2444 uxor

284 2464 345 2501 est
375 2464 608 2501 commenta.

401 2517 513 2561 995.
557 2522 711 2561 Nonius
754 2535 792 2572 p.
821 2523 924 2570 272,
952 2523 1005 2561 13
1059 2519 1264 2571 ‘Caedere,
1314 2523 1563 2562 conmiscere.
1641 2523 1818 2562 Lucilius

281 2582 348 2620 lib.
368 2582 477 2619 XXX
503 2579 629 2620 “lana
650 2612 657 2620 .
678 2612 686 2620 .
709 2612 717 2620 .
733 2582 856 2630 fallor
875 2612 882 2619 .
904 2611 913 2620 .
934 2612 942 2620 .
963 2578 1167 2620 cedunt”.’
1217 2582 1329 2621 Idem
1346 2596 1385 2632 p.
1406 2583 1504 2631 462,
1527 2583 1581 2621 24
1604 2579 1819 2622 ‘Pallorem

281 2643 523 2680 uetustatem
559 2643 599 2679 et
634 2641 928 2692 neglegentiam
963 2641 1141 2680 Lucilius
1178 2641 1244 2680 lib.
1266 2642 1376 2680 XXX
1413 2642 1544 2681 uoluit
1581 2642 1661 2681 dici
1690 2654 1817 2693 posse.

206 2698 211 2702 ’
284 2698 409 2739 “lana
436 2731 444 2738 .
466 2731 502 2738 ..
535 2697 765 2739 caedunt''.’
839 2701 984 2740 Mulier
1026 2713 1098 2740 nec
1140 2701 1275 2740 lanam
1318 2714 1390 2741 nec
1431 2701 1651 2740 lanificium
1693 2703 1818 2741 curat.

282 2761 484 2810 Aristoph.
504 2759 670 2810 Lysistr.
684 2761 707 2798 7
713 2761 767 2799 28
787 2755 916 2799 οἴκαδ’
932 2759 1066 2800 ἐλθεῖν
1084 2759 1288 2813 βούλομαι.
1320 2760 1422 2801 οἴκοι
1440 2761 1514 2814 γάρ
1533 2759 1639 2800 ἔστιν
1653 2758 1737 2815 ἔριά
1750 2775 1817 2813 μοι

283 2819 466 2870 Μιλήσια
484 2818 563 2858 ὑπὸ
582 2825 661 2858 τῶν
680 2818 780 2859 σέων
798 2819 1118 2871 κατακοπτόμενα
1137 2851 1146 2859 .
1161 2851 1169 2858 .
1187 2851 1194 2859 .
1212 2815 1291 2860 ἀλλ’
1315 2818 1366 2860 ἐῶ
1382 2816 1588 2860 ’πολέσθαι
1607 2818 1721 2873 τᾶρια
1739 2822 1816 2860 κτλ.

401 2875 514 2920 996.
544 2879 583 2918 N
585 2880 698 2918 onius
735 2893 773 2930 p.
795 2881 899 2929 350,
921 2880 974 2919 18
1015 2877 1165 2919 ‘Metiri
1208 2882 1268 2919 est
1310 2882 1566 2920 transmeare.
1638 2880 1817 2919 Lucilius

282 2938 349 2976 lib.
369 2939 479 2977 XXX
512 2936 607 2977 “uir
636 2952 745 2978 mare
775 2941 941 2979 metitur
970 2952 1162 2992 magnum
1193 2942 1248 2979 est
1283 2939 1468 2979 fiuctibus
1499 2937 1720 2980 tradidiff’?
1784 2941 1820 2979 et

282 3009 322 3036 se
340 2998 549 3047 Mercerus,
570 2999 690 3038 tradit
713 2998 806 3038 edit.
831 3001 956 3050 princ.
982 3012 1091 3039 mare
1115 3012 1302 3049 maynwm
1327 3012 1374 3039 ex
1395 2999 1519 3039 Ennii
1537 3001 1598 3040 est
1615 3000 1817 3051 sumptum
