2060 3444
274 296 360 338 312
755 292 1042 328 XXVI—XXIX
1068 304 1104 327 u.
1133 295 1332 327 957—960.

274 410 438 461 perierit
476 410 546 458 qui
582 409 673 458 post
703 406 925 458 Vergilium
962 407 1186 445 memorant
1223 399 1338 459 (conf
1370 402 1467 445 Otto
1505 405 1552 443 de
1590 405 1812 456 prouerbiis

274 484 311 520 p.
337 470 382 507 R.
408 483 446 520 p.
474 463 571 521 24),
613 468 645 505 ii
687 479 822 506 omnes
866 478 913 504 ex
950 466 1130 517 Vergilio
1171 465 1380 505 scholiisue
1417 464 1662 516 Vergilianis
1699 477 1813 505 suam

274 529 528 579 sumpserunt
547 527 766 566 scientiam.
810 526 1052 565 Memorauit
1071 526 1162 564 ante
1175 524 1402 576 Vergilium
1420 524 1613 564 Afranius
1639 518 1746 578 (274
1757 519 1812 579 R)

275 590 504 641 togatarum
548 587 718 637 scriptor
759 583 1038 625 ‘deliberatum
1081 587 1141 624 est
1183 597 1264 623 non
1300 586 1431 624 tacere
1468 581 1584 636 (me)
1621 584 1813 636 amplius:

274 648 492 688 Amunclas
525 642 720 702 (amyclas
752 640 843 699 cod)
875 642 1034 697 <enim>
1070 644 1238 684 tacendo
1275 645 1439 695 periisse
1471 641 1618 683 audio’:
1656 658 1734 695 quo
1770 645 1814 684 in

275 721 392 748 uersu
432 707 538 758 quod
568 706 852 758 Hertzbergius
888 706 1027 756 posuit
1056 704 1304 744 Amunculas
1341 704 1430 743 ideo
1469 703 1672 755 displicet,
1709 704 1816 755 quod

276 768 469 807 eiusmodi
506 768 675 806 formam
706 767 749 804 in
790 766 899 804 exitu
937 778 1073 805 uersus
1109 765 1244 815 potius
1281 765 1377 815 poni
1415 765 1573 814 oportet
1609 765 1650 803 et
1689 765 1815 814 parti-

255 829 407 867 culam
439 829 541 867 enim
573 838 693 876 quam
719 826 970 864 Hermannus
1003 824 1158 864 addidit
1186 825 1385 863 sententia
1410 823 1617 876 efflagitat.
1668 823 1816 874 Oppidi

277 900 420 927 nomen
435 886 654 925 Amunclas
666 886 787 925 fuisse
799 886 972 924 testatur
984 885 1085 924 Plin.
1100 886 1181 923 nat.
1196 884 1289 924 hist.
1300 883 1399 922 Vm
1416 885 1500 922 104
1516 879 1714 938 (Solin.11
1727 878 1815 938 32).
1837 881 1840 885 ’

277 948 422 986 Errare
461 946 645 986 Seruium
682 947 722 984 et
757 945 918 983 Afranii
953 944 1056 984 illud
1098 957 1181 983 esse
1225 945 1497 995 fragmentum
1541 945 1652 983 cuius
1696 943 1817 983 uerba

278 1020 436 1058 pessum
468 1006 622 1045 dederit
647 1006 932 1057 grammaticus
964 1004 1169 1044 contendit
1199 1003 1441 1043 Ribbeckius
1466 1004 1491 1042 l.
1519 1016 1547 1043 s.
1575 1016 1603 1042 s.
1666 1003 1816 1043 Tamen

278 1067 375 1118 quid
404 1066 663 1117 probabilius,
695 1079 814 1116 quam
846 1066 886 1104 et
917 1064 1056 1116 oppidi
1086 1065 1210 1115 positi
1240 1065 1283 1102 in
1315 1063 1513 1103 Auruncis
1545 1065 1586 1103 et
1615 1063 1819 1114 prouerbii

277 1127 414 1166 Latini
444 1126 510 1173 uel
541 1125 701 1164 fabulae
732 1125 970 1164 domesticae
1001 1125 1226 1164 meminisse
1257 1125 1416 1174 praeter
1452 1124 1616 1174 togatae
1653 1122 1818 1174 scripto-

278 1199 362 1226 rem
393 1187 516 1225 etiam
546 1186 707 1235 poetam
738 1183 998 1223 Auruncum?
1049 1184 1271 1223 Amunclae
1302 1195 1443 1222 nomen
1481 1183 1587 1233 apud
1618 1182 1818 1222 Lucilium

278 1259 424 1298 ponere
455 1245 584 1284 nolui:
623 1245 776 1296 legerat
807 1245 912 1283 enim
943 1243 1082 1283 doctus
1113 1245 1234 1294 poeta
1269 1243 1550 1282 historicorum
1587 1243 1710 1283 libros
1748 1243 1819 1293 qui

280 1306 473 1357 oppidum
500 1318 524 1343 a
548 1306 682 1344 uetere
710 1304 913 1343 Laconum
946 1304 1092 1355 oppido
1118 1303 1313 1354 originem
1337 1303 1506 1342 traxisse
1531 1303 1818 1342 enarrauerint.

279 1366 411 1404 Plaut.
437 1365 548 1405 Asin.
578 1365 631 1403 23
666 1361 813 1403 ‘iurato
849 1364 951 1403 mihi
987 1363 1104 1402 uideo
1142 1374 1299 1404 necesse
1337 1373 1421 1402 esse
1459 1363 1592 1412 eloqui
1629 1362 1819 1413 quicquid

280 1421 423 1477 roges'.
466 1424 708 1463 Menaechm.
737 1426 819 1463 117
855 1421 1104 1474 ‘portitorem
1136 1423 1297 1462 domum
1328 1422 1422 1461 duxi
1453 1423 1514 1461 ita
1539 1434 1695 1461 omnem
1719 1422 1820 1461 mihi

280 1499 363 1524 rem
383 1497 541 1524 necesse
560 1484 694 1534 eloqui
714 1481 788 1523 est'
810 1496 913 1534 quae
932 1483 1112 1534 exempla
1133 1482 1384 1533 patefaciunt
1408 1493 1523 1521 suum
1549 1483 1590 1521 et
1613 1482 1820 1532 proprium

281 1545 427 1584 Lucilii
459 1544 640 1584 uersibus
672 1556 755 1583 esse
787 1556 1006 1583 sermonem
1039 1543 1088 1582 ab
1119 1542 1287 1582 Afranio
1318 1542 1492 1595 multum
1517 1541 1729 1582 diuersum.
1772 1541 1820 1581 In

282 1607 408 1644 altero
444 1616 563 1643 uersu
599 1604 755 1642 hiatum
792 1604 918 1643 sciens
957 1602 1116 1642 admisi:
1161 1598 1270 1641 ‘nam
1307 1597 1390 1641 scio
1426 1602 1614 1652 Amyclas
1651 1601 1819 1641 tacendo

281 1665 444 1715 periisse
476 1661 718 1715 <antiquum
749 1659 997 1715 oppidum>':
1029 1663 1147 1702 sicuti
1178 1662 1358 1701 Naeuius
1390 1661 1490 1701 ORF
1518 1663 1603 1701 110
1637 1658 1732 1701 ‘uno
1770 1661 1821 1701 ab

284 1726 413 1763 amica
443 1720 622 1763 abduxit'
656 1723 737 1762 alii.

402 1779 514 1823 959.
559 1782 804 1822 Glossarium
837 1781 937 1822 GGL
963 1782 1004 1821 Π
1032 1796 1070 1833 p.
1099 1783 1196 1831 131,
1223 1782 1289 1820 61.
1320 1783 1373 1821 62
1421 1779 1683 1821 ‘muttonium
1725 1794 1822 1834 προ-

283 1844 517 1895 βασκαντον.
562 1845 718 1889 λουκιος
750 1838 1066 1896 (προβασκάνιον
1097 1841 1293 1888 λουκίλιος
1325 1837 1445 1895 editt)
1480 1842 1701 1880 muttonius
1726 1854 1823 1893 προ-

286 1899 518 1955 βασκάνιον’
546 1916 583 1952 p.
613 1903 709 1951 132,
737 1903 760 1940 5
790 1899 1028 1941 ‘mutonium
1054 1898 1276 1954 πρόσθεμα’
1304 1897 1383 1955 (ΙΠ
1407 1915 1446 1952 p.
1474 1902 1572 1950 351,
1593 1902 1647 1940 46
1677 1898 1821 1940 ‘mutu-

286 1964 398 2001 nium
430 1957 570 2014 we'og’).
621 1963 842 2000 muttonius
873 1963 919 2000 ut
949 1961 1130 2000 lenonius
1165 1961 1355 2000 fullonius
1388 1974 1412 1999 a
1442 1962 1572 2000 mutto
1611 1956 1698 2013 (lib.
1725 1960 1823 1999 VIII

284 2036 321 2060 u.
350 2017 474 2075 307),
512 2022 754 2060 muttonium
791 2033 862 2071 pro
907 2021 1160 2060 substantiuo
1202 2020 1364 2059 uidetur
1406 2021 1528 2059 fuisse
1564 2020 1738 2070 positum
1784 2021 1824 2059 et

286 2080 530 2132 significasse
554 2082 774 2119 moetinum
800 2079 907 2130 quod
930 2081 998 2119 lib.
1017 2080 1059 2118 II
1078 2093 1116 2118 u.
1140 2081 1192 2118 78
1220 2081 1464 2119 memoratur
1482 2081 1651 2130 signum.
1695 2079 1822 2119 Voca-

285 2140 422 2179 bulum
454 2139 661 2190 probabile
693 2141 753 2178 est
784 2140 905 2179 fuisse
936 2141 1111 2190 positum
1140 2141 1183 2178 in
1209 2139 1424 2189 septenarii
1449 2139 1515 2178 uel
1542 2140 1689 2178 senarii
1714 2139 1823 2178 exitu

287 2199 358 2238 ubi
395 2199 523 2238 ueluti
558 2199 735 2238 lenonius
771 2199 919 2238 similia
957 2200 1190 2250 plerumque
1230 2200 1433 2249 ponuntur
1476 2199 1583 2250 apud
1619 2198 1821 2247 Plautum,

290 2259 396 2310 apud
414 2258 614 2298 Lucilium
638 2259 765 2297 ueluti
794 2259 1043 2309 Vulcaniam3
1067 2271 1207 2298 reuera
1230 2259 1272 2297 in
1297 2259 1557 2309 inscriptione
1577 2258 1821 2309 Pompeiana

287 2319 369 2357 exit
405 2319 651 2369 septenarius
697 2315 911 2369 ‘sceptrum
954 2332 1026 2370 pro
1069 2315 1267 2358 mutunio’
1301 2317 1401 2357 CLE
1427 2319 1448 2357 I
1479 2332 1517 2369 p.
1548 2319 1644 2367 109,
1671 2319 1753 2357 231
1770 2317 1823 2356 B:

289 2391 390 2428 quae
421 2379 628 2427 inscriptio
661 2379 765 2428 quod
796 2378 939 2428 incipit
972 2376 1117 2417 ‘fucere
1144 2378 1344 2428 quondam
1369 2378 1479 2416 Vibii
1512 2374 1822 2428 opulentissimi'

288 2437 492 2488 prouerbii
521 2438 607 2476 loco
640 2439 862 2487 antiquitus
893 2438 1053 2477 uidetur
1083 2439 1206 2477 fuisse
1237 2439 1444 2488 tamquam
1475 2437 1578 2476 illud
1609 2431 1713 2489 ἦσάν
1738 2432 1820 2476 ποτ’

291 2491 393 2548 ἦσαν
424 2494 581 2548 ἄλκιμοι
612 2493 819 2547 Μιλήσιοι.

408 2551 520 2596 960.
551 2556 699 2596 Paulus
732 2570 779 2595 ex
808 2557 913 2595 Fest.
939 2570 976 2607 p.
1005 2558 1087 2595 311
1123 2553 1224 2595 ‘Sub
1254 2558 1378 2595 uitem
1412 2556 1616 2607 proeliari
1639 2556 1825 2595 dicuntur

289 2616 448 2666 milites,
481 2627 570 2654 cum
601 2616 673 2654 sub
703 2617 822 2655 uinea
859 2616 1028 2654 militari
1063 2618 1257 2668 pugnant.
1318 2615 1499 2655 Lucilius
1537 2612 1696 2666 “neque
1733 2627 1824 2666 pro-

215 2697 220 2700 ·
291 2675 374 2714 dire
417 2677 460 2713 in
504 2676 630 2714 altum
673 2675 862 2726 proeliari
903 2676 1044 2724 procul
1093 2677 1164 2714 sub
1213 2671 1351 2714 uite''.'
1420 2676 1564 2715 Festus
1602 2689 1640 2726 p.
1667 2676 1770 2724 310,
1798 2675 1822 2713 6

292 2730 403 2760 ‘———
428 2734 464 2772 ri
524 2734 710 2774 dicuntur

972 2735 1141 2774 militari
1193 2749 1276 2787 pug
1533 2748 1608 2785 que
1665 2734 1824 2785 prodire

522 2795 565 2833 ul
607 2795 678 2833 sub
720 2791 825 2834 κήτε’.
902 2794 1178 2845 Septenarium
1221 2794 1398 2834 restituit
1442 2794 1637 2846 Scaliger:
1683 2791 1824 2844 ‘neque

279 2852 449 2903 ‘prodire
473 2850 515 2891 in
541 2854 670 2892 altum
694 2855 883 2904 proeliari
907 2854 979 2892 sub
1005 2856 1130 2893 uitem
1154 2851 1320 2904 procu1'‚
1346 2854 1522 2894 senarios
1546 2853 1824 2893 Lachmannus

294 2913 381 2950 alii:
425 2909 640 2962 ‘nequeunt
682 2914 840 2963 prodire
882 2914 923 2952 in
967 2915 1094 2952 altum
1136 2914 1370 2964 proeliarier
1411 2914 1549 2964 procul
1593 2913 1664 2952 sub
1712 2909 1824 2951 uite'.

294 2971 539 3022 Scaligerum
563 2972 688 3011 secuti
712 2986 863 3022 sumus,
895 2973 1000 3023 quod
1024 2986 1184 3012 uersum
1207 2973 1407 3025 integrum
1433 2972 1615 3012 attulisse
1640 2972 1825 3011 Verrium

293 3030 497 3079 probabile
528 3032 599 3081 est,
631 3032 771 3070 deinde
805 3033 909 3082 quod
940 3033 1184 3083 septenarios
1216 3033 1347 3072 afferri
1378 3046 1451 3082 pro
1475 3032 1658 3082 portione
1683 3031 1824 3083 proba-—
