2060 3444
0 3336 24 3444 ςεῖῑῐῑῒι·
3 3320 5 3324 <
0 3301 10 3306 '-
0 3278 6 3291 ⁴‘
0 3206 3 3212 ⁷

766 282 885 320 XXVI
910 295 948 321 u.-
975 286 1175 320 εδει-662.
1659 279 1743 323 241

200 401 335 440 rantes
380 399 554 439 clament
598 395 812 438 ‘mordicus
856 400 991 449 petere
1035 410 1177 436 aurum
1217 410 1237 436 e
1274 397 1437 436 flamma
1481 395 1683 447 expediat,
1728 408 1748 434 e

202 472 323 500 caeno
367 456 533 498 cibum’·
577 459 673 498 conf
700 459 751 497 ad
781 472 818 496 ιι.
854 459 951 497 669.
1026 458 1166 497 Vtitur
1206 457 1428 509 prouerbiis
1472 456 1612 508 qualia
1656 457 1751 494 sunt

201 520 379 571 Xenoph.
399 519 515 559 Mem.
541 518 562 557 I
590 520 711 569 3,10
743 512 888 566 οὗτος.
941 515 1045 557 ,κᾶν
1070 517 1125 565 εἰς
1151 523 1232 570 πῦρ
1258 516 1390 557 ἅλοιτο
1413 511 1613 570 (Sympos.
1636 516 1745 566 4,16

203 579 346 620 Oecon.
375 581 443 630 21,
471 573 516 634 7)
542 549 648 618 Plu’t.
677 577 805 618 Crass.
832 590 916 630 cap.
946 580 969 618 2
1004 577 1051 617 de
1085 576 1218 617 Crassi
1249 577 1406 617 diuitiis
1438 574 1484 615 τὰ
1516 574 1558 616 δὲ
1590 578 1749 615 πλεῖστα

200 639 365 693 τούτων,
397 638 434 680 εἰ
451 632 529 679 δεῖ
553 637 646 691 μετὰ
677 637 933 691 βλασφημίας
963 637 1088 678 εἰπεῖν
1119 635 1162 677 τὸ
1194 634 1358 689 ἀληθές,
1392 635 1435 677 ἐκ
1466 635 1594 690 πυρὸς
1625 634 1748 687 συνή-

201 714 293 754 γαγε
318 698 385 740 καὶ
409 697 584 752 πολέμου
611 694 798 754 (Aristot.
824 698 923 738 rhet.
949 698 992 738 H
1017 711 1102 750 cap
1126 699 1149 737 6
1178 712 1214 750 p.
1239 695 1352 737 1383
1367 697 1392 737 b
1416 691 1503 752 25).
1555 696 1750 736 Similiter

201 760 359 800 Petron.
388 761 443 799 43
477 756 544 798 ‘ab
577 772 664 800 asse
696 760 824 799 creuit
852 761 892 799 et
916 761 1082 811 paratus
1107 758 1187 798 fuit
1211 757 1475 809 quadrantem
1503 757 1551 796 de
1577 758 1749 796 stercore

202 821 401 860 mordicus
432 817 590 860 tollere’
623 820 693 859 ubi
729 819 821 858 uide
851 819 1152 859 Friedlaenderi
1189 819 1323 858 adnot.
1351 817 1429 858 Cic.
1457 818 1504 857 de
1529 817 1595 856 fin.
1622 817 1664 856 H
1691 818 1746 856 55

204 877 428 932 ‘pecuniam
457 903 512 908 —-
540 893 641 932 quae
675 880 835 931 quidem
866 880 933 919 uel
961 892 1052 919 cum
1075 879 1253 932 periculo
1281 878 1508 930 quaerenda
1534 879 1594 917 est
1618 874 1748 917 uobis’

203 942 251 981 dc
282 955 363 992 rep.
389 941 452 980 HI
479 942 517 988 5,
545 941 569 980 8
599 938 752 993 ‘geram
775 953 926 980 morem
951 940 1078 991 uobis,
1110 941 1150 979 et
1174 953 1237 979 me
1263 939 1440 979 oblinam
1466 939 1611 978 sciens:
1645 937 1749 989 quod

203 1003 412 1053 quoniam,
451 1001 521 1053 qui
554 1015 695 1040 aurum
726 1002 942 1052 quaerunt,
979 1013 1060 1040 non
1089 1001 1238 1052 putant
1269 999 1346 1039 sibi
1379 998 1672 1039 recusandum.
1695 1030 1702 1037 .
1725 995 1748 1036 .'

203 1062 359 1102 Terent.
385 1062 487 1101 Eun.
515 1063 602 1101 490
640 1057 749 1101 ‘nam
787 1062 857 1113 qui
893 1062 988 1101 huic
1026 1062 1205 1100 animum
1237 1060 1441 1100 adsentari
1477 1059 1698 1109 induxeris,
1731 1072 1751 1098 e

203 1122 366 1162 flamma
395 1124 530 1174 petere
561 1124 602 1162 te
634 1122 766 1162 cibum
796 1134 912 1174 posse
946 1118 1146 1161 arbitror'.

325 1178 437 1223 660.
474 1183 629 1222 Nonius
660 1196 698 1234 p.
727 1182 826 1233 269,
855 1184 877 1221 7
932 1179 1167 1232 ‘Conficere,
1218 1180 1415 1234 colligere.
1451 1212 1458 1220 .
1493 1212 1500 1219 .
1535 1212 1542 1219 .
1574 1179 1751 1219 Lucilius

204 1243 271 1282 lib.
298 1243 431 1282 XXVI
464 1239 575 1282 “non
606 1245 646 1282 te
677 1242 979 1282 multitudinem
1010 1245 1174 1282 tuorum
1207 1254 1328 1293 quam
1359 1242 1403 1280 in
1441 1242 1574 1280 album
1608 1240 1754 1279 indidit

205 1316 231 1344 a
262 1304 420 1343 dextera
452 1305 608 1352 conficis
644 1299 760 1343 ibi''.'
823 1303 991 1342 Numeri
1027 1304 1134 1344 recte
1171 1302 1361 1341 uidentur
1399 1314 1555 1340 currere
1592 1302 1753 1351 praeter

84 1377 124 1421 ς-
204 1364 364 1413 confh'ois
397 1363 503 1414 quod
533 1364 577 1402 in
606 1363 738 1403 media
764 1363 920 1415 syllaba
944 1364 1050 1403 male
1076 1363 1237 1402 feritur:
1269 1358 1430 1402 tuorum
1457 1361 1684 1412 disyllabon
1710 1361 1752 1399 in

204 1436 343 1464 uersus
403 1424 602 1475 principio
663 1425 841 1476 positum
907 1423 1210 1463 commendatur
1271 1422 1499 1463 comoediae
1561 1421 1751 1473 exemplis

207 1479 345 1539 (CFW
369 1485 586 1524 Muellerus
618 1484 666 1523 de
691 1483 823 1524 Plaut.
848 1484 1005 1535 prosod.
1031 1498 1069 1535 p.
1098 1478 1218 1538 279),
1249 1483 1368 1533 quam
1396 1485 1440 1523 in
1465 1482 1624 1522 hiatum
1648 1482 1752 1532 pati-

205 1547 272 1584 tur
302 1545 540 1597 legitimum,
571 1545 740 1596 denique
765 1545 831 1584 uel
856 1546 1001 1584 indidit
1025 1545 1221 1595 producta
1245 1544 1391 1583 ultima
1416 1544 1595 1582 excusari
1619 1543 1754 1593 potest

207 1604 314 1656 apud
350 1605 543 1655 palliatae
579 1605 836 1644 imitatorem.
907 1605 1058 1644 Tamen
1096 1605 1294 1644 sententia
1332 1603 1545 1642 admodum
1587 1602 1754 1642 obscura

208 1666 279 1704 cst.
342 1665 564 1713 Conficere,
607 1666 653 1704 ut
690 1678 736 1704 ex
774 1665 914 1704 ceteris
954 1666 1143 1715 exemplis
1188 1665 1373 1715 apparet,
1417 1663 1554 1703 eadem
1598 1663 1754 1702 ratione

208 1725 423 1765 secundum
460 1725 635 1765 Nonium
676 1727 913 1776 usurpatum
957 1727 1033 1776 est,
1079 1738 1159 1775 qua
1186 1724 1295 1763 Caes.
1321 1724 1358 1762 b.
1386 1722 1431 1762 G.
1459 1723 1500 1762 H
1527 1724 1566 1773 4,
1593 1723 1617 1761 5
1665 1720 1753 1762 ‘hos

207 1797 322 1836 posse
354 1785 544 1824 conficere
577 1786 732 1825 armata
763 1785 877 1824 milia
911 1782 1085 1824 centum'
1119 1784 1253 1824 Plane.
1280 1784 1321 1822 in
1348 1782 1427 1823 Cic.
1457 1785 1572 1834 epist.
1597 1783 1634 1822 X
1661 1784 1700 1833 8,
1727 1784 1751 1821 6

210 1843 359 1885 ‘tantas
399 1847 550 1897 copias,
588 1847 760 1896 quantas
791 1846 866 1884 hae
901 1847 1038 1897 gentes
1066 1877 1073 1884 .
1102 1877 1108 1884 .
1138 1877 1144 1883 .
1174 1844 1363 1884 conficere
1400 1841 1582 1895 possunt'
1623 1838 1754 1897 (cuius

209 1917 302 1945 usus
340 1907 458 1957 plura
495 1906 676 1957 exempla
720 1905 907 1945 adferunt
949 1906 1120 1956 interpp.
1136 1907 1138 1910 ’
1156 1904 1334 1944 Caesaris
1360 1905 1385 1942 l.
1412 1917 1441 1944 s.
1469 1899 1519 1958 s.)
1558 1902 1636 1943 Cic.
1680 1916 1753 1955 pro

208 1966 337 2005 Flacc.
367 1967 421 2006 20
454 1963 573 2005 ‘duae
603 1967 780 2006 rationes
812 1965 1078 2005 conficiendae
1106 1962 1313 2017 pecuniae-³
1343 1959 1451 2019 (Ter.
1476 1965 1635 2003 Phorm.
1665 1958 1752 2018 38).

208 2026 358 2078 Agitur
388 2039 481 2078 ergo
515 2028 585 2065 aut
616 2026 663 2065 de
689 2026 948 2065 multitudine
975 2026 1152 2065 ciborum
1179 2027 1250 2065 aut
1275 2024 1322 2064 de
1348 2038 1602 2064 nummorum
1628 2024 1754 2074 copia.

210 2085 287 2126 Sed
331 2084 568 2126 offendimur
610 2088 673 2126 tot
715 2086 831 2126 rebus
875 2086 1147 2138 singularibus
1191 2086 1234 2124 in
1278 2085 1416 2125 eodem
1458 2098 1577 2124 uersu
1621 2098 1754 2124 occur-

209 2146 397 2186 rentibus.
459 2147 622 2186 Etenim
653 2148 757 2186 sicut
787 2148 955 2197 conficis,
987 2147 1047 2186 ita
1078 2149 1118 2185 et
1149 2147 1306 2186 dextera
1338 2146 1525 2196 displicet
1555 2147 1597 2184 ιιι
1623 2145 1755 2184 medio

213 2219 327 2246 uersu
368 2208 502 2258 posita
545 2208 674 2246 forma
715 2207 888 2259 plenior:
940 2207 1035 2246 conf
1074 2206 1376 2258 Engelbrechtii
1418 2206 1554 2245 studia
1598 2205 1754 2244 Terent.

210 2281 247 2318 p.
276 2267 343 2306 25.
404 2267 684 2307 Lachmannus
716 2268 877 2318 scripsit
909 2264 1054 2306 ‘nonne
1086 2266 1386 2306 multitudinem
1422 2268 1602 2316 tuorum,
1635 2279 1755 2316 quam

211 2327 253 2366 in
285 2326 420 2366 album
450 2326 597 2366 indidit
627 2327 707 2367 iam
739 2326 890 2378 dextra,
922 2327 1104 2367 conficies
1135 2323 1267 2377 tibi‘R',
1299 2328 1438 2366 contra
1467 2326 1683 2366 Muellerus
1713 2322 1755 2364 ιιι

210 2387 343 2426 Nonio
383 2383 527 2426 ‘nonne
563 2387 864 2426 multitudinem
901 2389 1080 2437 tuorum,
1125 2400 1247 2438 quam
1283 2387 1327 2426 in
1371 2387 1507 2426 album
1549 2386 1757 2426 indidistei

212 2446 368 2498 dextra,
406 2448 557 2486 confeci
592 2445 711 2487 tibi?'
756 2448 955 2486 Neutrum
995 2447 1205 2500 intellego:
1243 2459 1370 2498 neque
1409 2447 1570 2486 omnino
1609 2446 1756 2496 album,

212 2505 394 2558 λεύκωμα
424 2507 526 2546 illud
558 2507 800 2548 Graecorum
832 2509 995 2576 agnosci
1025 2520 1140 2559 posse
1174 2507 1354 2547 arbitror
1373 2506 1440 2546 sed
1467 2507 1604 2546 aluwm
1629 2507 1755 2545 homi-

213 2567 293 2606 nis.
338 2564 395 2606 ‘in
439 2580 481 2607 os
525 2581 658 2608 meum
699 2568 817 2608 hodie
861 2569 948 2607 uini
990 2569 1147 2620 guttam
1190 2564 1334 2606 indidi'
1378 2567 1508 2606 Plaut.
1543 2565 1629 2606 Cas.
1658 2567 1755 2605 247.

213 2627 356 2677 Itaque
387 2628 585 2679 temptaui
617 2625 712 2667 ‘non
743 2629 783 2667 te
815 2628 1116 2668 multitudinem
1148 2641 1282 2667 curem
1314 2640 1435 2678 quam
1465 2628 1509 2666 in
1535 2627 1672 2666 aluum
1697 2627 1757 2664 in-

214 2687 311 2737 didi,
341 2688 421 2726 ista
446 2688 586 2728 dextra
611 2689 824 2728 confecisse
848 2685 932 2727 ibi'·
924 2718 932 2727 .
967 2685 1061 2727 non
1087 2701 1220 2727 curem
1245 2688 1423 2728 ciborum
1450 2689 1491 2727 et
1516 2688 1757 2726 ferculorum

215 2747 371 2798 copiam
409 2760 530 2798 quam
566 2748 610 2787 in
652 2750 724 2787 tua
767 2761 864 2788 cena
906 2750 1051 2788 uoraui
1092 2750 1132 2787 te
1175 2749 1219 2787 in
1262 2761 1386 2787 caeno
1430 2747 1635 2800 collegisse
1678 2748 1758 2786 ista

215 2819 360 2858 spurca
383 2808 455 2846 tua
487 2805 653 2847 dextra':
684 2809 867 2858 loquitur
896 2809 1109 2859 parasitus.

336 2862 448 2908 662.
479 2867 634 2907 Nonius
653 2881 691 2919 p.
707 2868 806 2917 254,
821 2868 844 2906 6
868 2864 1047 2919 ‘Capere,
1066 2869 1255 2919 accipere.
1277 2898 1284 2906 .
1301 2866 1524 2907 ..Lucilius
1543 2866 1611 2905 lib.
1625 2865 1758 2906 XXVI

218 2923 367 2966 “malis
403 2939 554 2968 necesse
596 2928 722 2967 lutum
748 2959 755 2966 .
784 2959 791 2966 .
820 2959 826 2966 .
845 2939 979 2978 purae
1005 2959 1012 2966 .
1041 2959 1048 2967 .
1077 2959 1084 2966 .
1111 2924 1303 2976 cibum''.’
1366 2927 1478 2966 Idem
1508 2939 1547 2978 p.
1575 2927 1674 2976 337,
1702 2927 1757 2966 10

218 2983 421 3037 ‘Lautum,
446 2987 649 3027 mundum.
680 2986 865 3043 .Lucilius
883 2986 952 3027 lib.
972 2987 1104 3027 XXVI
1125 2984 1275 3027 “malis
1293 2998 1444 3027 necesse
1463 2989 1518 3026 est
1535 2987 1709 3026 lautum.
1726 3018 1733 3025 .
1750 3018 1757 3025 .

217 3044 408 3087 cibum'’.'
471 3047 531 3087 De
562 3049 761 3099 scriptura
797 3060 936 3087 uersus
974 3047 1072 3087 satis
1111 3050 1268 3088 constat
1302 3047 1455 3087 duobus
1488 3046 1608 3095 Nonii
1646 3046 1757 3086 testi-

288 3120 404 3148 Lucam
421 3121 487 3148 rell.
507 3121 553 3148 ed.
573 3122 683 3148 max.
711 3122 752 3147 11.
1426 3117 1469 3149 16
