2060 3444
681 311 715 348 x
739 324 776 349 u.
803 315 1004 350 392—893.
1030 312 1080 348 xl
1105 325 1140 349 u.
1168 316 1369 350 394—396.
1726 314 1809 357 149

261 426 331 467 sed
369 423 479 467 altis’
512 420 620 481 (Liu.
646 423 741 466 XXI
768 427 836 476 62,
864 422 928 481 3):
972 439 1063 466 nam
1103 426 1185 466 illis
1223 424 1304 466 iam
1346 428 1590 479 temporibus
1635 429 1808 470 altitudo

261 486 420 527 aedium
456 487 606 527 Romae
650 487 820 527 molesta
864 489 952 526 erat
995 487 1100 538 quod
1145 488 1319 526 testatur
1349 488 1391 526 P.
1418 488 1564 528 Rutilii
1602 489 1691 528 Rufi
1730 502 1807 529 cos.

262 542 448 600 649s105
501 548 620 586 amici
669 545 817 586 Lucilii
867 548 996 587 oratio
1047 547 1095 586 de
1146 547 1263 586 modo
1315 548 1586 587 aedificiorum
1637 545 1809 604 (Meyeri

260 602 383 647 ORF²
406 621 444 659 p.
473 602 589 662 265).
652 606 830 658 Colloqu.
862 607 1016 646 Monac.
1051 605 1149 646 CGL
1176 605 1239 646 III
1264 621 1300 658 p.
1330 607 1414 647 649
1429 609 1530 647 med.
1578 606 1806 650 ‘ascendite

261 668 359 718 quot
383 666 540 707 scalas?
572 664 699 707 duas'.
734 667 804 707 ‘De
829 668 1037 706 meretrice
1063 668 1132 719 agi
1157 669 1384 718 suspicatur
1408 668 1674 709 Buechelerus
1701 682 1807 709 com-

258 729 400 778 parato
432 740 550 767 uersu
575 728 711 767 quen.
732 727 795 767 III
816 728 899 767 136
935 724 1111 767 ‘dubitas
1145 728 1229 766 alta
1255 726 1433 768 Chionen
1459 728 1652 769 deducere
1678 727 1805 770 sella’.

258 787 335 829 Pr0
378 788 549 828 desubito
593 787 793 841 Peregrin.
826 787 924 827 Silu.
951 787 1088 827 Itiner.
1120 787 1317 828 Hierosol.
1349 788 1409 828 ed.
1435 788 1478 828 P.
1500 788 1645 840 Geyeri
1670 804 1707 841 p.
1736 791 1805 841 59,

257 850 326 888 12.
356 849 409 888 22
436 862 474 899 p.
497 849 566 899 63,
587 849 611 887 3
645 848 835 888 adsumto.

378 903 489 949 393.
521 908 676 948 Nonius
701 923 740 960 p.
769 909 868 959 553,
895 910 921 947 4
956 906 1142 948 ‘Rorarii
1175 940 1182 948 .
1205 941 1212 948 .
1234 939 1242 947 .
1269 909 1376 948 idem
1406 909 1476 948 lib.
1502 910 1538 948 X
1571 906 1708 962 “pone
1735 942 1742 950 .
1765 942 1773 950 .
1795 942 1803 950 .

256 965 432 1008 uelox''.'
486 969 546 1008 De
578 970 740 1009 rorariis
773 969 914 1009 Liuius
939 969 1040 1008 VIII
1066 969 1104 1019 8,
1132 969 1157 1008 8
1193 966 1383 1020 ‘primum
1414 970 1608 1010 uexillum
1639 971 1803 1011 triarios

255 1027 435 1079 ducebat,
463 1031 697 1069 ueteranum
722 1030 893 1069 militem
925 1031 1128 1081 spectatae
1161 1030 1338 1080 uirtutis,
1369 1030 1586 1070 secundum
1615 1032 1803 1082 rorarios,

253 1090 386 1129 minus
417 1090 571 1130 roboris
601 1091 732 1129 aetate
758 1091 967 1141 factisque,
999 1091 1164 1129 terfium
1190 1102 1387 1140 accensos,
1418 1091 1609 1131 minimae
1633 1091 1802 1132 fiduciae

253 1147 431 1189 manum'
476 1150 615 1203 Veget.
652 1149 694 1189 11
734 1151 786 1190 15
807 1150 909 1190 med.
960 1147 1112 1190 ‘Prima
1167 1149 1271 1190 acies
1326 1151 1572 1203 principum,
1629 1152 1802 1192 secunda

252 1210 504 1251 hastatorum
535 1211 656 1250 armis
687 1210 837 1250 talibus
864 1210 1028 1251 docetur
1052 1212 1261 1251 instructa.
1311 1210 1410 1251 Post
1433 1211 1505 1252 hos
1532 1213 1647 1251 erant
1671 1213 1801 1252 feren-

252 1271 349 1309 tarii
380 1272 421 1310 et
450 1271 552 1310 leuis
585 1269 790 1310 armatura
817 1301 824 1309 .
848 1302 855 1309 .
878 1302 885 1309 .
912 1273 1027 1311 erant
1056 1272 1155 1310 item
1187 1272 1391 1324 sagittarii
1417 1303 1425 1311 .
1448 1303 1455 1311 .
1478 1303 1485 1310 .
1513 1274 1629 1312 erant
1666 1273 1800 1313 fundi-

251 1327 373 1370 tores’
396 1362 404 1370 .
426 1363 433 1370 .
456 1363 463 1370 .
484 1343 569 1382 cap.
592 1333 645 1371 17
681 1328 922 1371 ‘Ferentarii
953 1333 1088 1371 autem
1114 1362 1123 1371 .
1145 1363 1153 1371 .
1175 1363 1182 1370 .
1210 1331 1416 1384 sagittarii
1449 1332 1687 1383 funditores,
1723 1333 1800 1374 hoc

252 1392 312 1430 est
341 1391 444 1431 leuis
483 1392 706 1442 armatura,
744 1391 995 1432 aduersarios
1031 1392 1308 1444 prouocabant
1345 1394 1437 1431 ante
1476 1394 1602 1432 aciem
1639 1406 1799 1445 praece·-

182 1447 185 1449 ’
251 1450 399 1491 dentes.
451 1451 495 1491 Si
524 1452 657 1492 hostes
686 1453 827 1505 fugare
851 1453 1079 1504 potuerant,
1111 1453 1390 1504 sequebantur,
1422 1454 1458 1493 si
1483 1465 1620 1493 eorum
1646 1452 1798 1494 uirtute

251 1512 322 1550 aut
351 1512 610 1552 multitudine
641 1512 942 1564 premebantur,
979 1512 1288 1552 reuertebantur
1319 1513 1370 1552 ad
1406 1525 1499 1553 suos
1538 1515 1578 1553 et
1605 1517 1699 1563 post
1735 1526 1799 1554 eos

249 1569 432 1611 stabant’.
489 1572 712 1624 Descripsit
742 1573 869 1625 igitur
898 1574 1018 1624 poeta
1050 1574 1176 1613 aciem
1203 1585 1281 1624 quo
1306 1572 1424 1613 modo
1449 1575 1649 1613 instructa
1674 1575 1798 1614 fuerit

251 1633 343 1671 ante
384 1645 579 1685 pugnam,
624 1634 743 1673 sicuti
780 1633 971 1685 Vegetius
996 1634 1023 1672 1.
1049 1646 1079 1672 s.
1105 1633 1147 1672 H
1172 1645 1257 1684 cap.
1286 1633 1340 1672 15
1366 1634 1455 1672 init.
1501 1630 1693 1687 ‘qualiter
1734 1636 1796 1674 in-

250 1692 440 1731 sta-nenda
471 1693 524 1732 sit
555 1694 673 1742 acies,
704 1694 740 1733 si
770 1706 907 1745 pugna
936 1690 1174 1733 immineat'.
1223 1693 1415 1733 Rorarius
1447 1694 1663 1744 paludatus
1695 1697 1795 1746 erat,

250 1752 274 1790 i.
296 1764 327 1790 e.
348 1764 445 1804 sago
471 1753 556 1792 siue
579 1753 759 1804 clamyde
778 1753 942 1793 indutus
963 1754 1083 1793 sicuti
1101 1753 1323 1794 funditores
1342 1754 1387 1792 in
1406 1754 1592 1794 columna
1610 1754 1795 1795 Traiani:

250 1812 346 1851 conf
369 1811 542 1852 Cichorii
574 1812 638 1852 die
668 1813 819 1853 Reliefs
851 1813 922 1853 der
953 1813 1259 1864 Trajanssaeule
1283 1812 1303 1851 I
1327 1813 1409 1853 tab.
1433 1813 1587 1854 XLVII
1614 1816 1711 1855 167.

944 2146 947 2148 ·
968 2130 1064 2186 XI.

366 2228 475 2274 394.
508 2232 661 2274 Gellius
685 2234 743 2273 IV
766 2236 833 2285 17,
861 2237 882 2274 1
919 2231 1082 2274 ‘Lucilii
1107 2248 1152 2274 ex
1178 2235 1234 2274 XI
1265 2248 1403 2276 uersus
1429 2237 1523 2276 sunt
1543 2233 1788 2288 “Scipiadae

247 2324 255 2332 .
277 2323 314 2332 ..
341 2290 508 2333 fuisse”.
565 2294 763 2333 obiciebat
806 2308 829 2334 o
872 2296 1011 2335 littera
1052 2294 1249 2346 producta
1285 2296 1433 2336 multos
1470 2297 1602 2348 legere
1640 2294 1787 2338 audio’.

244 2353 424 2403 Magnus
473 2353 608 2404 Scipio
660 2354 774 2393 audit
825 2355 933 2406 apud
982 2355 1199 2406 Lucilium,
1256 2357 1360 2395 sicut
1410 2358 1548 2396 incert.
1592 2371 1630 2396 u.
1672 2359 1785 2397 1138

246 2409 468 2453 ‘Cornelius
505 2413 672 2454 Publius
707 2412 850 2455 ‘noster'
896 2415 1132 2455 Latinorum
1176 2417 1387 2467 patronus:
1429 2417 1679 2468 praeclarum
1722 2418 1788 2458 hic

244 2485 380 2512 uersus
419 2475 479 2513 est
515 2473 668 2526 gloriae
700 2474 898 2526 Scipionis
938 2476 1224 2515 testimonium.
1287 2476 1347 2515 De
1379 2476 1439 2515 Ti.
1467 2476 1626 2516 Claudii
1657 2477 1786 2516 Aselli

245 2534 287 2572 et
316 2532 359 2571 P.
382 2532 556 2573 Cornelii
585 2535 809 2575 inimicitiis
841 2536 936 2575 conf
962 2536 1115 2587 Meyeri
1146 2530 1281 2575 ORF²
1304 2550 1342 2587 p.
1366 2536 1448 2575 183
1476 2548 1584 2587 seqq.
1637 2537 1785 2577 Versus

244 2592 432 2632 uidentur
461 2593 583 2634 fuisse
613 2596 773 2634 saturae
805 2595 972 2635 alicuius
1004 2595 1221 2636 exordium.

366 2647 476 2694 396.
509 2653 738 2694 Ciceronem
769 2668 815 2694 ex
845 2655 993 2695 Lucilii
1016 2655 1119 2695 libro
1144 2656 1202 2695 XI
1232 2656 1335 2696 hanc
1365 2656 1543 2696 fabulam
1570 2659 1785 2708 sumpsisse

244 2714 376 2763 patet:
405 2713 509 2753 unde
540 2714 718 2754 Lucilius
762 2717 993 2766 sumpserit,
1030 2716 1148 2755 facile
1192 2716 1452 2769 intellegitur.
1523 2715 1670 2756 Censor
1706 2718 1786 2756 fuit

244 2772 287 2811 P.
307 2771 520 2813 Africanus
546 2786 651 2814 anno
679 2770 889 2827 612l142,
919 2774 1295 2816 lustrum'condidit
1324 2776 1369 2815 L.
1388 2777 1603 2816 Mummius
1630 2777 1785 2829 collega

243 2833 346 2871 teste
383 2832 556 2873 Lucilio:
598 2833 703 2874 unde
745 2835 803 2873 nil
846 2836 926 2875 nisi
961 2835 1136 2887 lepidam
1178 2835 1367 2875 fabellam
1404 2836 1578 2876 efficitur
1614 2849 1698 2876 esse
1736 2850 1784 2876 ea

244 2904 345 2942 quae
388 2894 528 2932 narrat
562 2893 694 2933 Valer.
721 2893 882 2934 Maxim.
907 2894 966 2934 IV
994 2898 1036 2944 1,
1075 2897 1129 2935 10
1173 2909 1252 2946 qua
1302 2895 1350 2934 de
1399 2909 1441 2935 re
1485 2897 1638 2948 egimus
1680 2897 1781 2937 Mus.

243 2951 368 2991 Rhen.
396 2952 563 2992 XXXIX
601 2953 715 2993 1884
758 2967 796 3005 p.
828 2955 882 2994 65
910 2967 1018 3006 seqq.
1091 2954 1310 2994 Accusauit
1353 2954 1580 3006 Scipionem
1622 2955 1782 2997 Asellus

243 3011 427 3052 tribunus
481 3012 609 3064 plebis
658 3025 763 3054 anno
809 3009 1008 3067 614s14o
1056 3015 1154 3054 conf
1198 3013 1452 3066 Oxyrhynch.
1483 3015 1581 3067 Pap.
1612 3017 1691 3056 uol.
1722 3016 1782 3055 IV

241 3085 280 3123 p.
308 3073 392 3112 112
443 3066 740 3127 (182—184):
788 3087 835 3114 ex
886 3073 1085 3126 Scipionis
1134 3074 1382 3116 orationibus
1432 3070 1603 3130 (Meyeri
1647 3071 1782 3117 ORF²
