2060 3444
295 230 378 273 116
942 228 1023 263 VIII
1047 240 1085 263 u.
1111 231 1310 265 307—309.

294 342 479 392 Apollon.
507 342 618 392 Tyrii
645 354 730 391 cap.
753 342 807 380 34
843 338 936 380 ‘non
962 343 1095 392 potest
1120 341 1280 381 melius:
1312 354 1434 392 usque
1461 343 1511 381 ad
1538 339 1751 381 lacrimas’.
1776 364 1826 369 —

292 401 434 440 Amica
464 401 637 451 denique
670 400 817 439 dicitur
847 413 990 440 manus
1022 402 1150 441 laeua.
1207 401 1285 440 Sed
1317 415 1365 439 ne
1391 401 1541 441 diutius
1573 403 1672 440 meis
1697 402 1830 441 uerbis

293 462 365 500 has
398 460 530 500 sordes
562 462 743 511 tractem,
775 460 975 500 Martialis
1006 462 1142 511 potius
1181 461 1231 500 ad
1269 473 1430 500 uersum
1460 463 1565 501 recte
1597 461 1831 513 intellegen-

294 521 389 559 dum
431 522 655 559 arcessatur
687 522 756 570 qui
786 519 843 558 IX
869 522 921 559 41
957 519 1054 559 haec
1086 520 1226 559 scribit
1264 517 1442 560 ‘Pontice
1475 520 1579 571 quod
1611 533 1831 571 numquam

294 581 436 630 futuis,
474 580 541 619 sed
580 579 732 630 paelice
770 581 887 619 laeua
919 580 1052 619 Vteris
1092 581 1133 619 et
1163 579 1311 618 Veneri
1347 581 1473 619 seruit
1512 581 1639 620 amica
1675 592 1830 625 memus,

293 640 379 679 Hoc
411 640 511 678 nihil
543 652 628 678 esse
659 638 810 689 putas?
841 639 969 678 scelus
1002 641 1063 679 est
1087 639 1186 678 mihi
1211 639 1336 691 crede,
1368 639 1437 679 sed
1462 640 1603 691 ingens
1629 640 1831 687 Quantum

294 700 359 738 uix
404 700 536 738 animo
581 699 756 748 concipis
800 699 885 749 ipse
929 701 1010 738 tuo.
1078 699 1230 749 Nempe
1277 698 1399 738 semel
1442 699 1582 751 futuit,
1623 701 1833 751 generaret

294 759 489 798 Horatius
540 761 585 797 ut
634 760 735 810 tres,
786 759 892 798 Mars
936 759 1075 809 semel,
1124 761 1171 797 ut
1213 759 1393 810 geminos
1436 758 1514 797 Ilia
1557 761 1667 798 casta
1706 759 1830 798 daret.

294 818 438 857 Omnia
482 818 712 868 perdiderat
755 820 790 857 si
833 818 1108 858 masturbatus
1158 819 1326 868 uterque
1369 818 1600 858 Mandasset
1647 819 1831 858 manibus

294 878 442 930 gaudia
474 878 590 916 foeda
621 875 718 917 suis’
791 877 921 928 Priap.
944 879 1011 928 33,
1039 879 1064 916 5
1085 878 1118 916 B
1152 874 1299 928 ‘Turpe
1331 878 1491 928 quidem
1522 878 1643 928 factu,
1682 877 1751 917 sed
1781 890 1831 918 ne

274 939 490 989 tentigine
522 950 687 988 rumpar
711 937 830 976 Falce
863 937 962 976 mihi
986 939 1119 987 posita
1144 937 1214 976 fiet
1238 939 1367 977 amica
1390 934 1561 976 manus’.
1619 937 1831 977 Sinistram

293 1010 456 1036 manum
482 999 615 1036 nescio
642 1009 721 1048 qua
746 997 795 1035 de
822 1010 942 1037 causa
967 996 1070 1036 idem
1097 997 1296 1036 Martialis
1323 999 1606 1036 commemorat
1629 998 1672 1035 in
1694 997 1831 1036 eadem

293 1053 544 1108 turpitudine
584 1056 641 1095 XI
675 1057 748 1108 58,
778 1059 843 1095 11.
879 1058 951 1108 73,
978 1059 1004 1095 4
1050 1052 1164 1109 (conf
1185 1057 1224 1094 II
1252 1052 1440 1109 43,14).
1509 1057 1662 1096 Manus
1704 1068 1831 1096 amca

294 1118 420 1168 igitur
451 1117 558 1156 idem
591 1116 712 1167 ualet,
745 1117 851 1166 quod
882 1129 1023 1156 manus
1049 1117 1220 1155 fututrix
1247 1111 1383 1170 (Mart.
1409 1115 1466 1155 XI
1493 1111 1579 1187 22).
1637 1115 1831 1155 Similiter

294 1177 512 1227 Scythinus
550 1176 626 1215 ΑΡ
656 1169 733 1215 XII
768 1177 852 1215 232
892 1175 941 1215 ad
985 1178 1207 1215 muttonem
1250 1175 1525 1215 lacrimantem
1566 1170 1711 1227 Ορθὸν
1753 1180 1830 1215 νῦν

294 1234 459 1287 ἕστηκας
496 1233 713 1286 ἀνώνυμον
756 1233 849 1275 οὐδὲ
887 1235 1074 1291 μαραίνῃ·
1117 1230 1343 1275 Ἐντέτασαι
1386 1230 1424 1274 δ’
1452 1232 1506 1282 ὡς
1547 1232 1599 1274 ἂν
1643 1234 1696 1286 μή
1738 1248 1847 1286 ποτε,

293 1294 554 1347 παυσόμενον.
618 1290 720 1334 ”Αλλ
769 1294 828 1334 ὅτε
874 1309 940 1346 μοι
986 1293 1216 1346 Νεμεσηνὸς
1260 1293 1355 1334 όλον
1403 1292 1634 1346 παοέκλινεν
1676 1292 1831 1345 ἑαυτόν,

295 1354 437 1394 Πάντα
476 1353 614 1402 διδοὺς
650 1352 676 1392 ἃ
713 1352 837 1405 θέλω,
881 1354 1021 1406 νεκρὸν
1064 1352 1320 1407 ἀπεκρέμασο.
1391 1353 1525 1394 Τείνεο
1568 1352 1635 1393 καὶ
1677 1353 1829 1407 ῥ’ήσσου

292 1429 358 1454 και
390 1414 579 1467 δάκρυε·
612 1412 741 1453 πάντα
772 1413 959 1464 ματαίως
997 1413 1080 1466 Οὐχ
1110 1411 1206 1462 ἔξεις
1237 1412 1344 1453 ἔλεον
1374 1412 1499 1466 χειρὸς
1529 1409 1596 1464 ἀφ’
1629 1410 1827 1466 ἡμετέρης.

294 1475 426 1513 Aliter
450 1474 498 1512 de
524 1473 561 1512 h.
582 1487 618 1511 u
645 1474 790 1512 statuit
815 1472 859 1512 G.
880 1473 1134 1512 Hermannus
1161 1474 1208 1511 el.
1234 1473 1337 1512 doct.
1357 1475 1469 1512 metr.
1496 1473 1564 1511 lib.
1590 1472 1630 1511 II
1656 1485 1739 1523 cap.
1762 1473 1829 1512 36.

415 1528 526 1573 308.
559 1532 714 1572 Νο111113
746 1546 783 1583 p.
812 1533 911 1582 498,
938 1534 962 1572 8
997 1530 1225 1572 ‘Genitiuus
1253 1532 1406 1583 positus
1437 1545 1509 1583 pro
1545 1532 1735 1571 ablatiuo.

295 1593 472 1632 Lucilius
510 1594 737 1643 satyrarum
768 1592 836 1631 lib.
863 1589 964 1631 VI‘
971 1590 1143 1632 ‘hortare
1180 1592 1341 1632 illorum
1378 1591 1412 1631 31
1447 1592 1597 1642 possim
1629 1593 1718 1642 capi
1749 1604 1830 1660 sor·
1853 1600 1855 1602 ’

293 1650 393 1692 tiri'’
474 1652 580 1690 idem
611 1652 678 1690 lib.
705 1651 804 1691 VIII
842 1647 934 1706 (VI
955 1646 1360 1706 Guelferbytanus)‘
1366 1648 1550 1701 ‘quarum
1589 1653 1668 1690 et.

293 1684 542 1764 digeamus''.
548 1709 558 1725 ’
610 1711 696 1751 Hoc
721 1712 820 1750 scire
845 1711 987 1751 medici
1013 1713 1154 1762 opinor
1179 1711 1352 1751 officium
1379 1713 1438 1750 est
1462 1711 1651 1750 sollertis:
1684 1707 1830 1750 ‘tenuis

293 1785 386 1811 uero
423 1772 541 1811 homo
579 1771 743 1822 implere
781 1784 821 1811 se
861 1771 995 1819 debet,
1032 1772 1173 1822 plenus
1212 1767 1439 1810 extenuare'
1479 1773 1639 1811 auctore
1672 1770 1784 1810 Celso
1809 1770 1829 1808 I

293 1845 377 1882 cap.
406 1832 430 1871 3
463 1845 501 1882 p.
531 1832 597 1880 18,
625 1832 649 1870 5
670 1830 855 1870 Daremb.

413 1886 524 1930 309.
556 1891 709 1930 Nonius
747 1904 793 1930 ex
830 1890 1089 1943 grammatico
1121 1904 1158 1941 p.
1188 1892 1284 1940 119,
1313 1892 1364 1928 21
1402 1887 1599 1939 ‘Giycriffi
1638 1889 1830 1929 intestina

293 1951 534 2002 gallinarum
566 1951 788 1990 conhisetita
814 1945 1076 2004 (conquisita)
1104 1952 1226 1990 cocta.
1278 1949 1454 1988 Lucilius
1480 1948 1547 1988 lib.
1574 1949 1673 1988 VIII
1701 1947 1829 1999 ((9130-

291 2012 373 2049 rim·
422 2013 515 2049 simt
564 2012 647 2049 siue
695 2010 792 2049 adeo
840 2006 1051 2058 hepetia'’.’
1128 2008 1284 2048 Gizeria
1334 2010 1374 2047 et
1422 2008 1584 2059 hepatia
1633 2010 1828 2048 memorat

293 2070 500 2109 Habinnas
533 2069 640 2120 apud
670 2069 827 2109 Petron.
854 2081 937 2120 cap.
966 2069 1020 2108 66
1055 2081 1142 2108 cum
1175 2081 1294 2107 cenae
1325 2067 1441 2107 modo
1472 2068 1634 2107 habitae
1666 2067 1828 2106 delicias

293 2131 470 2168 enarrat:
489 2125 637 2179 ἡπάτια
648 2141 931 2179 saepenumero
944 2130 1085 2178 poetae
1100 2129 1242 2167 comici
1254 2127 1395 2167 Graeci
1411 2127 1578 2166 laudant
1591 2122 1753 2180 (Athen.
1766 2127 1829 2166 ΠΙ

293 2203 331 2239 p.
361 2190 443 2228 107
456 2183 509 2243 F)
537 2201 637 2238 quae
663 2188 828 2239 Apicius
847 2188 903 2226 IV
926 2189 1009 2227 116
1037 2188 1216 2238 appellat
1240 2187 1440 2226 iocuscula
1465 2187 1716 2238 gallinarum,
1744 2187 1825 2226 137

294 2248 495 2287 iocuscula
513 2249 722 2299 pullorum.
755 2247 866 2286 Idem
884 2248 1050 2298 Apicius
1069 2247 1127 2286 IV
1150 2249 1229 2286 141
1261 2244 1424 2299 ‘gizeria
1442 2246 1640 2297 pullorum
1662 2242 1829 2296 coquis'‚

294 2308 479 2347 similiter
507 2309 586 2346 181
617 2308 653 2344 V
681 2309 776 2347 200.
829 2307 956 2346 Sicuti
987 2307 1093 2358 apud
1117 2307 1306 2356 Nonium,
1337 2307 1396 2345 ita
1428 2319 1472 2344 ex
1505 2306 1604 2344 codd
1629 2307 1670 2344 et
1696 2305 1828 2356 Apicii

294 2370 334 2406 et
364 2367 482 2407 Pauli
519 2362 586 2420 (ex
624 2367 741 2406 Festo
773 2381 810 2417 p
839 2368 892 2406 95
934 2363 1096 2418 ‘gizeria
1134 2379 1179 2404 ex
1216 2366 1353 2404 multis
1392 2365 1566 2405 obsoniis
1604 2361 1824 2415 decerpta')

294 2430 334 2466 et
366 2427 656 2466 Glossariorum
690 2421 809 2479 (OGL
836 2426 877 2464 II
901 2440 938 2476 p.
967 2427 1036 2474 33,
1063 2427 1116 2465 62
1150 2426 1212 2464 ΙΠ
1239 2426 1415 2475 488,11
1451 2424 1488 2461 V
1515 2425 1613 2473 642,
1641 2419 1715 2478 23)
1751 2424 1827 2463 dif-

293 2487 396 2526 ficile
428 2488 489 2525 est
520 2488 697 2525 statuere
728 2488 864 2524 utrum
893 2487 1041 2535 yizeria
1072 2498 1123 2524 an
1152 2486 1302 2534 {Jiyeria
1333 2485 1387 2523 sit
1417 2484 1684 2523 scribendum.
1719 2495 1826 2524 acce-

294 2547 355 2585 dit
391 2546 496 2596 quod
531 2558 558 2594 y
589 2548 629 2584 et
664 2557 686 2585 z
722 2545 881 2584 litteiae
918 2547 961 2583 111
999 2546 1197 2595 scriptura
1233 2543 1552 2595 Anglosaxonica
1596 2555 1715 2593 quam
1759 2555 1827 2582 uo-

294 2608 387 2645 cant
417 2605 648 2644 simillimae-
676 2605 803 2644 altera
834 2605 999 2643 alterius
1031 2604 1140 2642 fuere
1172 2598 1518 2657 (Wattenbachius
1545 2602 1765 2654 Anleitung
1796 2615 1825 2640 z.

294 2666 363 2704 lat.
389 2659 614 2716 Ρ3136081.4
638 2664 769 2714 Leipz.
799 2664 911 2702 1886
938 2677 975 2714 p.
1004 2660 1091 2716 50).
1160 2664 1310 2702 Tamen
1346 2664 1451 2701 recte
1499 2661 1667 2701 adnotat
1702 2661 1826 2700 Lach-

294 2737 478 2764 mannus:
518 2721 690 2762 ‘Gizeria
720 2725 861 2762 neutro
893 2736 1035 2775 genere
1069 2723 1271 2762 dicuntur:
1308 2722 1413 2760 male
1445 2720 1622 2773 Scaliger
1654 2722 1827 2770 yiyeriae

293 2786 393 2822 sunt.
469 2782 620 2821 Gallice
663 2783 810 2821 dicitur
848 2782 975 2832 ye'sicr
1018 2778 1132 2834 [conf
1173 2781 1394 2820 Groeberus
1444 2780 1590 2819 archiu.
1640 2780 1824 2831 lexicogr.

210 2831 215 2835 ¹
293 2843 381 2882 Lat.
406 2843 448 2882 Π
476 2843 588 2881 1885
615 2855 652 2892 p.
675 2843 759 2881 438
785 2842 1042 2892 Koertingius
1067 2841 1155 2880 Lat.
1181 2853 1330 2880 roman.
1350 2839 1546 2878 Worterb.
1567 2851 1595 2878 s.
1615 2835 1685 2891 u.],
1715 2851 1788 2889 per
1806 2853 1826 2877 z

293 2902 469 2941 litteram
501 2902 689 2941 scribitur
720 2901 828 2951 apud
852 2901 1083 2940 Petronium
1106 2901 1269 2939 Festum
1294 2900 1490 2950 Apicium,
1522 2912 1642 2949 quare
1671 2898 1827 2938 fallitur

295 2960 339 3000 Ο.
359 2962 587 3011 Muellerus,
621 2961 688 3010 qui
714 2961 870 2999 mauult
895 2973 983 2999 cum
1015 2959 1304 3011 lexicographis
1337 2958 1457 2997 scribi
1479 2954 1655 3007 mama&
1700 2957 1824 3004 Quem
