2060 3444
83 1199 125 1244 §J

708 262 838 299 incert.
865 262 941 298 sed.
968 274 1004 298 u.
1033 264 1279 298 1244-1246.
1683 259 1771 303 395

229 377 318 418 ideo
356 378 457 418 sales
494 377 706 416 masculini
743 377 899 427 generis
940 377 1001 415 est
1037 378 1083 414 ut
1123 374 1232 426 apud
1269 374 1467 414 Lucilium
1507 371 1605 415 “ore
1647 374 1771 414 salem

231 439 404 487 expiauit
433 432 675 477 amarum’'.'
739 436 1004 487 Sumpserunt
1033 437 1200 486 uterque
1233 436 1404 486 scriptor
1434 435 1535 474 illud
1572 435 1771 487 fragmen-

229 500 316 538 tum
347 511 394 537 ex
424 497 527 536 libro
558 496 628 535 ubi
658 498 891 547 corruptum
921 497 1003 535 iam
1036 497 1210 545 expiauit
1245 495 1453 547 legebatur
1489 495 1672 534 uerbum:
1710 507 1772 534 ex-

223 559 381 608 pirauit
400 556 605 607 Columna,
625 552 828 606 exputauit
844 556 1125 605 Baehrmsius,
1144 555 1354 595 Lucretius
1373 555 1415 594 H
1436 555 1520 595 354
1550 552 1771 607 ‘sanguinis

229 619 414 669 expirans
458 617 632 657 calidum
676 617 724 655 de
768 618 926 667 pectore
970 613 1145 655 fiumen’.
1214 615 1348 655 Vertit
1390 615 1570 655 Lucilius
1611 615 1771 654 Homer.

230 677 371 730 Odyss.
397 692 415 717 ε
442 679 526 717 322
561 675 751 729 στόματος
783 671 820 716 δ’
856 674 1062 724 ἐξέπτυσεν
1092 675 1224 727 ἅλμην
1255 674 1415 728 πικρήν.

352 731 495 778 1245.
527 737 677 776 Paulus
710 750 756 776 ex
787 735 907 776 Festo'
936 751 975 788 p.
1004 738 1071 787 70,
1099 737 1124 775 3
1159 733 1385 787 ‘Depuuere
1410 729 1636 790 (Depuuire
1666 737 1773 774 recte

231 793 446 852 Scaliger),
483 797 657 837 caedere.
724 796 903 836 Lucilius
943 794 1198 848 “palmisque
1234 796 1433 836 misellam
1475 797 1653 845 depuuiit
1694 790 1774 847 (ita

230 858 304 898 cod
336 857 464 898 Guelf.
503 859 544 897 et
574 857 748 907 Monac,
785 856 858 896 alii
893 851 1073 911 depuuit)
1111 853 1220 906 me''‚
1256 857 1299 895 id
1337 858 1398 896 est
1433 855 1663 895 uerberauit
1698 869 1772 895 me.

232 918 337 970 quod
369 920 502 969 ipsum
533 931 579 957 ex
612 916 764 957 Graeco
796 919 857 957 est
887 931 964 969 apo
995 918 1042 956 tu
1072 913 1235 968 paiein'.
1286 917 1345 955 De
1377 917 1545 965 depuuio
1576 916 1774 956 uocabulo

221 980 326 1019 ‘conf
366 978 564 1019 Solmseni
608 978 713 1017 stud.
746 978 797 1017 ad
827 978 920 1018 hist.
953 991 1141 1017 sonorum
1166 978 1192 1016 1.
1218 977 1307 1016 Lat.
1334 991 1371 1028 p.
1401 978 1483 1016 166
1530 978 1600 1027 qui
1642 977 1776 1026 depuit

231 1039 403 1091 scripsit.
474 1039 624 1078 Tamen
668 1050 740 1077 nec
783 1039 976 1087 depuuere
1018 1037 1186 1077 uerbum
1229 1051 1301 1077 nec
1344 1038 1507 1086 depuuit
1552 1037 1774 1087 perfectum

233 1098 362 1138 adhuc
393 1101 488 1149 apto
519 1099 751 1138 testimonio
781 1098 994 1149 probatum
1026 1100 1096 1137 est.
1148 1097 1277 1144 Quare
1309 1098 1435 1136 satius
1467 1098 1544 1136 erit
1568 1097 1610 1135 in
1630 1098 1776 1146 pauire

231 1159 347 1198 uerbi
386 1159 572 1211 analogia
609 1159 686 1197 niti
724 1158 772 1198 de
808 1159 884 1198 hoc
922 1158 1141 1209 composito
1178 1157 1381 1197 iudicium.
1451 1157 1571 1196 Recte
1615 1157 1776 1206 depuire

232 1220 517 1272 grammaticus
550 1220 614 1258 cui
639 1218 825 1258 debemus
849 1218 997 1258 Naeuii
1023 1218 1163 1258 comici
1190 1213 1296 1272 (134
1310 1212 1365 1272 R)
1391 1230 1550 1257 uersum
1577 1214 1776 1267 ‘depuuiit

233 1277 327 1332 (cod
351 1277 500 1330 depuit)
526 1292 588 1318 me
613 1279 800 1318 miseram
825 1279 877 1318 ad
901 1276 1052 1318 necem’
1082 1292 1199 1330 quem
1223 1279 1406 1318 imitatus
1427 1279 1487 1317 est
1506 1290 1595 1316 cum
1617 1278 1775 1316 Terent.

232 1340 391 1379 Phorm.
419 1341 503 1379 327
550 1336 843 1379 ‘deuerberasse
887 1353 1014 1390 usque
1059 1339 1110 1378 ad
1153 1335 1318 1388 necem’‚
1362 1340 1449 1377 tum
1485 1337 1665 1377 Lucilius
1702 1338 1777 1377 hoc

233 1413 364 1440 uersu.
441 1399 700 1451 Comparauit
743 1400 882 1439 Dousa
912 1400 1017 1439 Fest.
1048 1413 1086 1450 p.
1117 1401 1219 1449 191,
1247 1400 1273 1437 4
1319 1396 1545 1449 ‘obpuuiat,
1590 1398 1777 1437 uerberat

234 1455 505 1514 (scribendum
546 1455 738 1513 uerberat)
777 1473 801 1498 a
838 1459 1038 1510 puniendo
1076 1459 1119 1498 id
1155 1461 1216 1499 est
1258 1456 1466 1508 feriendo'‚
1502 1459 1777 1508 pauimentum

235 1521 326 1559 alia.
387 1520 575 1559 Formam
607 1520 784 1568 depuwiit
814 1533 904 1559 cum
941 1520 1014 1559 cod
1046 1519 1228 1558 Gudiano
1267 1521 1307 1558 et
1336 1519 1566 1559 Monacensi
1603 1518 1776 1557 seruaui.

234 1580 319 1619 Alii
348 1580 589 1631 trisyllabon
621 1580 864 1631 scripserunt
903 1577 1143 1630 ‘palmisque
1174 1579 1373 1619 misellam
1403 1579 1582 1629 Depuuit
1618 1590 1681 1616 me
1717 1577 1777 1616 in-

234 1641 441 1680 finitiuum
471 1640 663 1689 depuucre
695 1640 766 1690 qui
797 1640 1045 1679 arbitrantur
1075 1641 1180 1679 recte
1213 1652 1296 1679 esse
1326 1639 1523 1678 traditum
1547 1639 1573 1677 l.
1601 1651 1630 1678 s.
1657 1650 1686 1677 s.
1714 1651 1776 1688 ap.

235 1700 416 1740 Paulum.
479 1700 630 1739 Tamen
666 1701 904 1751 pronomina
939 1712 1000 1738 me
1031 1703 1065 1739 tc
1095 1711 1136 1746 se
1174 1713 1291 1750 saepe
1328 1700 1371 1738 in
1410 1700 1519 1738 exitu
1555 1699 1778 1737 hexametri

234 1760 371 1812 posuit
407 1762 536 1811 poeta.
604 1760 747 1811 Itaque
785 1760 994 1811 depuuire‚
1032 1761 1078 1799 ut
1115 1759 1347 1799 debattuere
1386 1759 1493 1810 apud
1532 1759 1778 1808 Petronium,

235 1820 494 1860 deuerberare
532 1820 638 1871 apud
676 1820 916 1859 Terentium.
980 1820 1169 1866 Queritur
1205 1820 1342 1871 puella
1380 1819 1566 1858 similiter
1602 1820 1779 1858 tractata

237 1882 357 1932 atque
395 1878 634 1934 ῥαπιζομένη
666 1880 875 1920 Menandri
911 1883 951 1919 et
986 1881 1059 1919 illa
1084 1880 1153 1918 ΑΡ
1179 1880 1216 1918 V
1244 1881 1328 1919 288
1358 1874 1414 1918 ‘H
1437 1885 1560 1932 γραῦς
1592 1875 1616 1930 ἡ
1649 1877 1778 1930 τρικό-

237 1955 384 1993 ρωνος,
422 1937 446 1991 ἡ
479 1937 690 1991 ἡμετέρους
723 1939 789 1980 διὰ
827 1939 1006 1992 μόχθους
1046 1939 1186 1992 μοίρης
1228 1938 1426 1992 ἀμβολίην
1462 1938 1630 1978 πολλάκι
1667 1938 1777 1986 δεξα-

238 1998 336 2052 μένη
367 1997 507 2053 ἄγριον
538 1993 633 2053 ἦτορ
665 1998 740 2053 ἔχει
771 1998 838 2039 καὶ
868 1998 1048 2053 θέλγεται
1079 1993 1166 2039 οὔτ’
1200 1998 1263 2039 ἐπὶ
1294 2002 1424 2053 χρυσῷ
1454 1997 1543 2038 οὔτε
1581 1996 1778 2053 ζωροτέρῳ

239 2060 386 2113 μείζονι
428 2059 631 2116 κισσυβίῳ.
693 2059 766 2111 τὴν
810 2060 963 2114 κούρην
1007 2054 1045 2099 δ’
1091 2058 1168 2099 αἰεὶ
1203 2058 1484 2112 περιδέρκεται·
1523 2058 1560 2098 εί
1601 2056 1644 2098 δέ
1688 2052 1776 2097 ποτ’

239 2119 365 2172 αὐτὴν
407 2118 569 2176 ἄθρήσῃ
612 2120 800 2172 κρυφίοις
847 2118 993 2172 ὄμμασι
1042 2118 1291 2173 ῥεμβομένην
1339 2114 1365 2159 ἆ
1415 2117 1512 2172 μέγα
1561 2117 1780 2170 τολμήεσσα

238 2180 479 2233 ῥαπίσμασιν
510 2178 614 2232 ἀμφὶ
645 2179 836 2234 πρόσωπα
866 2179 1029 2231 πλήσσει
1054 2179 1128 2232 τὴν
1158 2177 1316 2231 ἁπαλὴν
1341 2178 1474 2233 οἰκτρὰ
1499 2176 1780 2231 κινυρομένην.

363 2234 504 2280 1246.
536 2240 678 2280 Festus
708 2254 746 2291 p.
775 2241 872 2290 301,
901 2242 956 2279 10
990 2237 1126 2279 ‘Solox
1151 2241 1257 2288 lana,
1288 2252 1433 2289 crassa,
1465 2241 1506 2278 et
1529 2251 1648 2289 pecus
1675 2238 1781 2288 quod

240 2301 389 2350 passim
420 2300 599 2350 pascitur
629 2312 708 2339 non
737 2302 898 2339 tectum.
926 2330 933 2338 .
956 2331 963 2338 .
986 2331 993 2338 .
1020 2301 1061 2339 et
1084 2298 1262 2339 Lucilius
1290 2296 1468 2349 “pastali
1495 2330 1501 2337 .
1524 2330 1531 2337 .
1554 2330 1562 2337 .
1588 2294 1780 2338 soloce’'.’

241 2359 389 2399 Paulus
419 2373 458 2409 p.
487 2360 585 2409 300,
611 2360 636 2398 3
671 2356 808 2398 ‘Solox
838 2360 934 2399 lana
965 2371 1109 2409 crassa,
1141 2359 1206 2398 uel
1236 2371 1355 2409 pecus
1387 2360 1481 2397 lana
1514 2372 1593 2397 non
1630 2359 1781 2397 tectum

241 2451 249 2458 .
283 2450 290 2457 .
326 2450 333 2458 .
366 2419 420 2458 Et
462 2418 639 2458 Lucilius
685 2416 862 2468 “pastali
900 2450 907 2458 .
941 2450 949 2458 .
983 2450 990 2458 .
1028 2420 1133 2459 hirco
1177 2420 1297 2469 atque
1336 2414 1526 2458 soloce’'.’
1591 2418 1623 2456 E
1662 2418 1780 2456 Festo

243 2475 299 2532 (p.
328 2479 427 2528 242,
454 2475 528 2532 29)
561 2492 668 2519 nunc
698 2479 885 2518 mutilato
917 2479 1014 2518 olim
1040 2479 1187 2519 Paulus
1218 2493 1256 2530 p.
1285 2479 1382 2528 243,
1410 2479 1434 2517 5
1470 2475 1661 2517 ‘Pastales
1687 2490 1781 2516 oues

243 2538 342 2578 Cato
372 2540 509 2589 posuit
538 2552 610 2590 pro
648 2536 872 2590 pascuales’
906 2534 1026 2592 (Cato
1052 2553 1090 2589 p.
1118 2540 1187 2587 66,
1216 2542 1236 2578 1
1254 2533 1391 2592 Iord.).
1453 2539 1573 2577 Recte
1604 2538 1782 2585 pascalis

242 2598 413 2638 editores
444 2598 592 2638 Lucilii
623 2600 664 2639 et
695 2598 875 2648 Catonis3
908 2613 935 2638 u
966 2599 1113 2638 extrita
1144 2601 1190 2638 ut
1219 2598 1262 2637 in
1294 2598 1461 2638 cardelis
1493 2593 1670 2652 (Petron.
1692 2598 1747 2636 46
1772 2626 1782 2644 ,

245 2658 457 2699 Febrarius
484 2654 683 2713 (Append.
704 2659 825 2699 Probi
843 2659 885 2698 in
906 2659 1010 2698 arch.
1030 2659 1142 2698 lexic.
1163 2659 1250 2698 Lat.
1270 2659 1328 2698 X]
1351 2660 1464 2698 1900
1484 2671 1521 2708 p.
1544 2659 1642 2707 329,
1664 2658 1747 2705 208
1772 2686 1782 2705 ,

244 2721 426 2767 quattuor
462 2731 526 2769 ap.
564 2719 740 2758 Ennium
783 2713 934 2772 (annal.
959 2719 980 2758 I
1007 2720 1061 2758 93
1078 2714 1132 2773 V)
1177 2718 1420 2769 disyllabon,
1463 2719 1682 2766 fluctuatim
1718 2729 1781 2766 ap.

245 2777 458 2817 Afranium
492 2780 573 2818 237
590 2779 626 2817 R
656 2778 895 2829 trisyllabon
926 2779 1176 2829 comparauit
1206 2778 1250 2818 L.
1269 2778 1503 2817 Muellerus:
1541 2777 1636 2816 conf
1662 2776 1782 2815 Lind-

247 2838 335 2887 sayi
371 2837 419 2876 de
450 2838 476 2876 l.
507 2837 596 2876 Lat.
628 2850 713 2888 cap.
738 2838 780 2877 Π
811 2837 836 2888 ξ
864 2838 919 2877 54
959 2838 1266 2877 Schuchhardtii
1302 2838 1350 2877 de
1388 2838 1604 2876 uocalismo
1636 2837 1661 2874 1.
1693 2835 1782 2874 Lat.

247 2897 355 2947 uulg.
379 2896 421 2935 H
445 2910 483 2946 p.
511 2897 595 2935 467
611 2909 718 2947 seqq.
761 2898 842 2949 Agi
873 2898 920 2936 de
946 2897 1088 2937 ouibus
1113 2899 1293 2947 apparet,
1325 2910 1494 2947 quarum
1519 2908 1666 2947 genera
1690 2896 1784 2933 sunt

248 2956 343 2994 duo:
385 2956 565 3006 pascales
602 2958 796 2995 uocantur
833 2970 935 3007 quae
972 2958 1101 2996 tectae
1138 2969 1218 2995 non
1255 2958 1349 2996 sunt
1385 2955 1573 3004 stabulis,
1613 2955 1783 2993 alterum

249 3027 372 3068 genus
402 3015 629 3057 uillaticum
660 3017 721 3057 est
751 3016 887 3057 ouium
917 3019 1112 3056 tectarum.
1141 3015 1267 3059 Festi
1298 3016 1421 3059 uerba
1451 3015 1554 3060 male
1586 3014 1785 3059 intellexit
