2060 3444
761 235 891 272 incert.
920 235 996 272 sed.
1022 247 1058 270 u.
1090 239 1336 271 1125—1128.
1750 236 1835 278 357

280 352 336 391 sic
368 351 516 391 dicitur
546 346 630 403 <a>
657 349 805 389 Plauto
839 346 1042 389 “Athenis
1068 347 1249 389 Atticis''
1284 344 1444 404 (Pseud.
1474 345 1580 404 416)
1614 352 1654 390 et
1679 350 1835 390 Lucilio

281 409 522 462 “Campana
560 407 759 461 Capua'x'?
810 410 933 450 Libro
958 410 1022 449 ΠΙ
1060 411 1360 462 adscripserunt
1391 410 1529 450 Dousa
1561 412 1677 462 pater
1708 411 1835 450 Lach-

280 484 449 511 mannus
482 471 564 511 alii.

401 526 544 572 1126.
576 532 732 571 Nonius
765 544 811 570 ex
843 532 1106 584 grammatico
1132 545 1170 582 p.
1200 532 1297 582 120,
1328 531 1381 570 18
1412 528 1710 583 ‘Hippocampi,
1743 532 1836 583 equi

278 593 441 643 marini,
481 606 505 632 a
541 592 645 631 flexu
678 592 914 642 caudarum,
956 605 1057 643 quae
1088 594 1269 643 piscosae
1301 593 1405 631 sunt.
1457 593 1498 631 et
1535 594 1596 631 est
1628 591 1834 632 Graecum.

279 685 286 692 .
316 685 322 692 .
350 684 358 692 .
390 653 570 693 Lucilius
619 655 851 693 transuerso
908 653 1045 692 ordine
1103 653 1240 703 posuit
1314 649 1595 702 “hippocampi
1652 654 1836 702 elefanto-

277 711 512 754 camillos”.'
578 714 823 753 Transuerso
856 713 994 753 ordine
1025 713 1172 764 posuit,
1206 713 1313 764 quod
1344 714 1594 763 hippocampi
1626 715 1836 764 epitritum

276 775 419 814 herous
471 787 550 814 non
602 775 721 826 capit.
795 774 933 813 Dousa
982 775 1100 825 pater
1155 774 1316 825 scripsit
1367 770 1834 825 ‘camphippelephanto-

276 832 464 875 camelos’
499 835 605 886 quod
637 835 878 874 uocabulum
909 834 1190 874 Lachmannus
1221 835 1383 886 recepit.
1442 833 1557 880 Quod
1588 835 1758 886 legimus
1790 835 1834 873 in

226 905 229 907 ·
274 895 414 935 fabula
444 895 656 935 notissima
685 896 804 934 huius
837 896 983 935 aetatis
1015 894 1229 935 Rostandii
1260 896 1403 946 poetae
1440 908 1543 946 quae
1577 894 1736 945 Cyraiio
1773 896 1833 934 in-

276 956 465 996 scribitur
492 951 587 1010 (act.
615 956 636 995 I
662 969 713 996 sc.
741 956 882 995 4med.
909 970 946 1006 p.
975 957 1030 995 43
1060 956 1152 995 edit.
1180 956 1306 995 Paris.
1337 951 1471 1010 1898)
1508 953 1703 994 ‘l’animal
1736 957 1834 1005 seul,

276 1018 494 1066 monsieur,
539 1014 609 1067 qu’
650 1017 922 1068 Aristophane
967 1017 1126 1067 appelle
1169 1013 1832 1067 Hippocampelephantocamelos’

277 1091 308 1117 e.
336 1091 372 1128 q.
399 1090 442 1128 s.,
480 1090 560 1128 quo
599 1077 754 1117 nitatur
786 1079 948 1116 auctore
985 1077 1269 1129 grammatico,
1309 1077 1382 1115 alii
1420 1078 1626 1128 quaerant.
1690 1077 1835 1117 Versui

276 1139 389 1177 deest
419 1151 512 1189 pars
545 1138 850 1188 semiquinaria:
881 1139 924 1176 in
957 1151 1036 1188 quo
1069 1137 1408 1177 enumerabantur
1438 1150 1549 1176 mera
1581 1139 1762 1177 monstra
1794 1140 1835 1177 et

275 1200 480 1250 portenta,
525 1199 906 1248 elephantocamellos
956 1199 1230 1238 nominatiuus
1282 1198 1516 1250 singularis,
1568 1198 1663 1237 uide
1712 1198 1831 1238 indic.

275 1272 441 1311 gramm.
469 1272 497 1299 s.
524 1273 562 1298 u.
594 1259 823 1309 singyularis.
888 1259 1197 1299 Substantiuum
1235 1259 1618 1308 elephantocamellos
1655 1259 1751 1298 fecit
1788 1261 1835 1298 ut

274 1319 644 1371 στρουθοκάμηλος,
675 1320 966 1369 hippocamelus
998 1321 1110 1359 extat
1141 1319 1248 1370 apud
1274 1320 1404 1359 solum
1430 1319 1654 1359 Ausonium
1681 1321 1724 1358 in
1751 1321 1832 1371 epi-

275 1382 497 1432 grammate
528 1394 566 1431 p.
595 1381 694 1426 341,
723 1382 746 1419 9
775 1380 869 1419 edit.
896 1380 1069 1431 Peiper.,
1106 1381 1267 1420 inuerso
1307 1380 1444 1419 ordine
1484 1380 1632 1419 dicitur
1669 1382 1832 1420 camelo-

267 1441 466 1490 pardalis.
532 1440 691 1480 Similia
728 1440 967 1493 χηναλώπηξ
1006 1440 1104 1479 alia:
1144 1441 1192 1480 de
1231 1441 1384 1491 duplici
1416 1441 1430 1479 l
1469 1441 1565 1480 conf
1594 1440 1831 1493 Georgesius

273 1502 315 1540 in
347 1502 568 1541 formarum
599 1502 726 1540 lexico
754 1514 782 1540 s.
809 1515 847 1540 u.
874 1502 1060 1540 camelus.

398 1557 542 1602 1127.
574 1561 730 1601 Nonius
763 1575 809 1601 ex
842 1562 1105 1613 grammatico
1137 1575 1174 1612 p.
1205 1562 1302 1611 198,
1332 1563 1358 1600 7.
1391 1559 1569 1600 ‘Canalis
1595 1562 1830 1601 masculino.

276 1654 283 1661 .
319 1654 325 1660 .
362 1654 368 1661 .
407 1623 600 1662 feminino
637 1622 815 1661 Lucilius
853 1618 1222 1674 hypo<co>risticos
1267 1622 1532 1661 canaliculam
1577 1619 1703 1661 dicit'.
1767 1622 1831 1660 In-

274 1682 438 1722 uenitur
467 1683 571 1721 idem
610 1682 904 1722 deminutiuum
930 1695 1011 1721 non
1038 1696 1099 1733 ap.
1120 1678 1235 1721 Varr.
1263 1695 1336 1720 rer.
1364 1684 1460 1721 rust.
1481 1682 1544 1721 III
1566 1683 1604 1731 5,
1627 1683 1682 1721 14
1710 1695 1830 1733 quem

275 1743 408 1782 locum
446 1743 583 1782 Dousa
622 1743 796 1782 contulit
833 1737 923 1797 (ubi
959 1744 1065 1782 recte
1104 1743 1301 1782 traditum
1339 1744 1392 1782 sit
1430 1737 1728 1797 canaliculum),
1762 1743 1831 1782 sed

275 1817 336 1854 ap.
365 1803 539 1843 Gellium
563 1803 681 1842 XVII
709 1806 776 1852 11,
805 1805 828 1842 2
862 1803 932 1842 ubi
963 1804 1208 1843 canaliculas
1239 1803 1426 1842 traditur.
1478 1803 1620 1854 Neque
1652 1803 1830 1843 dubitem

276 1864 323 1903 de
355 1864 432 1903 fide
464 1864 588 1903 Nonii
626 1876 715 1902 cum
747 1863 790 1902 L.
811 1864 1005 1903 Muellero
1044 1865 1084 1903 et
1114 1864 1282 1903 Loeweo
1321 1863 1453 1914 prodr.
1481 1878 1518 1914 p.
1548 1864 1646 1913 311,
1674 1865 1722 1913 4,
1761 1864 1831 1914 qui

277 1925 502 1964 confudisse
533 1924 710 1963 Nonium
751 1924 1045 1963 deminutiuum
1083 1937 1173 1963 cum
1210 1924 1406 1963 uocabulo
1446 1924 1665 1963 canalieola
1703 1924 1830 1975 suspi-

277 1987 431 2034 cantur,
457 1985 505 2023 de
532 1998 610 2035 quo
638 1985 733 2024 conf
754 1984 866 2023 Paul.
895 1997 951 2023 ex.
978 1985 1083 2024 Fest.
1110 1999 1148 2035 p.
1177 1985 1232 2023 45
1260 1985 1389 2024 Plaut.
1419 1984 1531 2024 Cure.
1555 1986 1639 2023 476
1663 1985 1827 2024 Tertull.

274 2045 323 2084 de
347 2046 443 2095 pall.
473 2046 497 2084 5
524 2045 545 2084 I
570 2059 607 2096 p.
637 2046 722 2085 950
738 2044 912 2084 Oehler.:
946 2042 1095 2097 ὀχέτιον
1120 2045 1237 2096 Diog.
1264 2045 1397 2083 Laert.
1424 2045 1504 2083 VII
1533 2047 1599 2084 17.
1647 2045 1829 2084 Positum

273 2106 354 2145 fuit
373 2106 668 2145 deminutiuum
685 2105 821 2144 eadem
844 2118 981 2145 uersus
1002 2106 1092 2145 sede
1114 2107 1202 2156 qua
1214 2105 1455 2156 quaesticuli
1474 2105 1541 2144 lib.
1556 2105 1658 2144 VIII
1677 2119 1714 2144 u.
1731 2107 1829 2155 318,

273 2167 486 2205 uermiculi
510 2166 590 2205 VII
616 2180 652 2205 u.
683 2167 786 2205 266:
818 2166 911 2205 uide
942 2166 1061 2205 indic.
1088 2179 1254 2217 gramm.
1282 2179 1311 2206 s.
1339 2180 1375 2204 u.
1402 2167 1659 2205 demiiiutiua.

398 2221 541 2266 1128.
568 2227 752 2266 Donatus
779 2226 830 2265 ad
854 2227 1033 2265 Terentii
1051 2226 1249 2265 Andriam
1268 2226 1288 2264 I
1310 2229 1348 2276 2,
1371 2228 1424 2265 12
1452 2226 1472 2264 Ι
1497 2240 1535 2277 p.
1558 2227 1612 2266 88
1628 2227 1827 2266 Wessner.

274 2283 495 2336 ‘CarnifeX,
534 2288 605 2325 aut
637 2286 920 2325 excarnificans
954 2287 1177 2335 dominum,
1216 2289 1287 2325 aut
1324 2287 1409 2338 ipse
1448 2287 1593 2338 dignus
1632 2287 1828 2336 carnifice,

273 2349 318 2385 ut
357 2359 448 2386 caro
486 2347 575 2396 fiat,
614 2346 655 2385 id
695 2348 755 2386 est
792 2346 977 2386 lanietur.
1047 2347 1227 2386 Lucilius
1267 2343 1433 2386 “carcer
1472 2347 1527 2385 eis
1567 2341 1642 2401 (ita
1668 2346 1707 2385 A
1744 2360 1827 2386 car-

273 2419 360 2445 cere
389 2407 481 2460 OT)
519 2406 588 2445 uix
626 2419 781 2446 carcere
826 2404 1031 2459 dignus''.'
1102 2407 1213 2446 Idem
1258 2407 1309 2446 ad
1348 2408 1587 2446 Eunuchum
1614 2407 1676 2445 m
1704 2409 1741 2456 2,
1773 2409 1824 2446 19

273 2481 310 2517 p.
340 2467 426 2505 374
466 2464 561 2506 ‘Vix
598 2468 671 2506 aut
714 2467 876 2506 difficile
921 2467 1138 2518 significat,
1185 2469 1256 2506 aut
1293 2480 1391 2517 non3
1436 2468 1483 2505 ut
1526 2467 1580 2506 sit
1623 2480 1695 2506 nec
1738 2467 1824 2506 hoc.

274 2527 465 2566 Lucanus
515 2524 682 2566 “carcer
730 2529 798 2566 uix
850 2540 1006 2567 carcere
1058 2524 1264 2580 dignus''.'
1340 2527 1405 2566 Ad
1450 2527 1616 2566 eandem
1641 2527 1701 2565 IV
1728 2528 1771 2577 3,
1801 2529 1824 2566 3

273 2601 311 2638 p.
340 2588 424 2626 407
461 2584 614 2627 ‘Scelus
645 2585 828 2639 αὔξησις·
862 2588 953 2638 plus
986 2588 1092 2627 enim
1125 2590 1185 2628 est
1217 2588 1343 2627 scelus
1376 2601 1498 2638 quam
1530 2588 1730 2627 scelestus.
1781 2589 1828 2627 ut

274 2647 452 2687 Lucilius
486 2644 653 2687 “carcer
677 2662 715 2686 u.
743 2660 772 2687 c.
805 2645 1009 2700 dignus”.'
1062 2648 1109 2687 In
1140 2648 1345 2698 Adelphos
1370 2648 1434 2687 111
1461 2650 1499 2697 2,
1529 2649 1582 2686 12
1618 2645 1711 2686 ‘Vix
1737 2660 1824 2686 sum

273 2720 433 2758 compos
467 2708 602 2746 animi.
652 2707 737 2747 Aut
761 2708 829 2746 uix
854 2708 1027 2758 tandem,
1061 2710 1132 2748 aut
1156 2710 1225 2747 uix
1251 2721 1343 2758 non,
1374 2710 1421 2747 ut
1446 2708 1627 2747 Lucilius
1659 2705 1826 2747 “carcer

273 2782 311 2806 u.
338 2780 370 2806 c.
397 2765 603 2819 dignus”.’
673 2768 738 2806 Ad
781 2769 1063 2807 Phormionem
1088 2767 1127 2807 ΙΙ
1159 2770 1203 2818 3,
1231 2770 1284 2807 26
1333 2766 1429 2807 ‘Ain
1472 2768 1636 2807 tandem
1680 2781 1823 2807 carcer.

272 2828 365 2866 Non
402 2829 685 2877 carcerarium,
729 2828 797 2867 sed
830 2841 1026 2867 carcerem
1059 2830 1238 2879 asperius
1277 2829 1510 2878 appellauit.
1550 2829 1608 2867 sic
1646 2828 1824 2866 Lucilius

274 2884 441 2926 “carcer
465 2901 505 2926 u.
532 2901 563 2926 c.
590 2885 780 2939 dignus’',
812 2889 853 2927 et
883 2889 951 2926 uix
983 2901 1055 2939 pro
1087 2886 1196 2927 non'.
1258 2888 1448 2927 Imitatus
1481 2889 1541 2927 est
1571 2887 1750 2926 Lucilius
1782 2889 1824 2926 in

274 2960 406 2987 carcer
442 2947 638 2986 uocabulo
676 2948 854 2986 Terentii
891 2948 1050 2986 Phorm.
1076 2948 1102 2986 l.
1130 2960 1159 2986 s.
1210 2947 1343 2986 Verba
1380 2949 1469 2998 ipsa
1507 2947 1689 2986 difficilia
1731 2949 1824 2986 su'nt

272 3007 491 3046 intellectu.
565 3007 681 3046 Dixit
723 3009 845 3058 poeta
888 3009 960 3046 aut
1005 3005 1184 3046 ‘furcifer
1227 3007 1296 3046 uix
1340 3019 1496 3046 carcere
1541 3004 1700 3059 dignus'
1754 3010 1825 3046 aut
