2060 3444
844 247 893 282 III
919 259 954 282 u.
985 249 1182 285 117—120.
1720 245 1775 288 57

235 364 386 405 bestiae
410 362 685 416 Aegyptiacae
705 362 855 402 Romae
879 362 986 401 inter
1003 361 1150 401 Lucilii
1176 362 1326 401 amicos
1349 361 1560 400 innotuere
1581 359 1779 411 Scipionis

235 424 455 464 Aemiliani
484 423 628 462 itinere
658 422 908 475 Aegyptiaeo
941 422 989 461 de
1021 435 1100 473 quo
1133 422 1286 474 egimus
1319 421 1369 460 ad
1401 420 1468 460 lib.
1494 420 1590 460 XIV
1614 434 1652 459 u.
1680 421 1778 459 464.

236 485 450 524 Praeterea
479 483 737 523 memorabile
770 485 830 523 est
857 482 1006 522 Lucilii
1035 483 1117 522 fere
1147 483 1326 533 tempore
1353 480 1577 532 Campanos
1602 482 1780 531 picturas

235 545 518 585 Africanarum
559 544 735 583 multum
777 543 963 583 habuisse
1006 543 1049 582 in
1092 542 1246 582 deliciis
1290 542 1410 582 sicuti
1453 554 1500 581 ex
1537 542 1779 581 lithostrotis

236 605 377 645 domus
407 604 540 644 Fauni
577 603 845 654 Pompeianae
880 603 1142 655 intellegitur.
1203 602 1252 641 In
1291 601 1434 652 quibus
1471 601 1651 653 Aegypti
1690 614 1780 652 por-

235 666 350 705 tenta
380 664 540 716 depicta
571 665 730 711 exstant
760 664 1072 716 hippopotamus
1104 662 1326 702 crocodilus
1357 662 1596 701 ichneumon
1622 662 1781 701 aelurus

237 726 336 765 alia:
366 725 629 764 rhinocerotis
659 725 794 776 imago
826 725 957 764 exstat
986 724 1030 762 in
1061 723 1290 775 anaglypho
1317 721 1424 773 quod
1449 722 1657 762 exhibetur
1681 722 1781 761 Mus.

237 785 409 826 Borbon.
435 785 535 824 XIII
564 784 646 824 tab.
672 785 788 824 XXH
819 786 860 824 et
889 785 932 823 in
963 796 1126 823 nummo
1157 782 1384 822 Domitiani
1414 782 1577 822 Imhoof
1603 782 1783 821 Blumeri

238 845 283 886 Ο.
304 845 455 886 Kelleri
486 846 597 885 Tier-
627 845 710 884 und
739 843 1056 884 Pfianzenbilder
1093 844 1167 883 auf
1192 843 1386 883 Muenzen
1420 842 1501 882 tab.
1527 842 1586 882 IV
1613 843 1638 881 8
1673 836 1787 896 (conf

237 906 331 946 XIX
352 900 441 960 46),
466 905 636 956 denique
662 905 1064 956 elephantocamellos
1090 905 1424 944 commemoratur
1447 904 1585 942 incert.
1606 917 1643 941 u.
1668 904 1780 942 1126

238 966 533 1018 cercopithocos
562 967 688 1005 1321.
709 987 765 992 ——-
784 965 850 1005 hic
875 963 952 1016 est]
978 965 1085 1004 idem
1109 965 1222 1004 heroi
1247 965 1375 1003 exitus
1401 963 1508 1003 Pers.
1533 963 1555 1002 I
1579 964 1632 1002 28
1661 962 1785 1002 dicier

239 1023 320 1066 ‘hic
352 1023 440 1066 est’:
470 1026 643 1066 hominis
674 1025 902 1066 istiusmodi
933 1025 1107 1077 effigiem
1139 1024 1298 1065 exhibet
1329 1025 1465 1065 statua
1497 1023 1605 1075 apud
1634 1024 1782 1063 Wiese-

238 1087 367 1127 lerum
397 1100 570 1126 monum.
605 1087 750 1126 theatr.
781 1085 863 1126 tab.
889 1086 969 1125 XII
997 1088 1063 1125 11.

362 1141 471 1187 119.
502 1147 658 1186 Nonius
694 1160 733 1197 p.
761 1147 860 1196 217,
889 1147 944 1185 14
989 1143 1207 1186 ‘Posticam
1256 1145 1450 1185 feminino
1500 1157 1643 1197 genere
1693 1157 1783 1184 con-

238 1207 448 1248 suetudine
497 1207 758 1258 appellamus.
832 1206 1010 1246 Lucilius
1061 1208 1290 1257 satyrarum
1338 1205 1407 1245 lib.
1433 1205 1496 1245 HI
1547 1202 1659 1244 “non
1693 1236 1700 1243 .
1734 1235 1742 1242 .
1777 1236 1783 1243 .

236 1269 372 1308 uirwm
404 1298 411 1306 .
439 1299 446 1306 .
475 1299 482 1306 .
507 1264 729 1318 protundu'
746 1263 775 1281 ''
810 1262 1039 1322 (profundit
1076 1267 1300 1317 deteriores,
1339 1265 1522 1318 profudit
1553 1259 1781 1318 Bentinus).

237 1328 361 1368 Recte
402 1328 507 1368 hunc
544 1341 583 1367 u.
622 1340 715 1368 cum
757 1328 962 1379 superiore
1005 1326 1185 1367 conuicio
1230 1339 1389 1367 scurrae
1434 1326 1622 1366 attribuit
1658 1325 1785 1365 Lach-

237 1401 407 1428 mannus
439 1389 724 1439 comparatque
755 1387 893 1428 Dousa
922 1386 1124 1439 Sulpiciae
1149 1402 1186 1426 u.
1215 1388 1269 1427 36
1299 1387 1367 1438 qui
1393 1388 1454 1427 est
1478 1387 1527 1426 de
1551 1386 1785 1426 Domitiano

241 1445 336 1489 ‘non
366 1447 481 1488 trabe
512 1448 581 1488 sed
611 1450 725 1501 tergo
762 1445 1002 1499 prolapsus’:
1040 1448 1226 1488 similiter
1257 1447 1440 1487 Eubulus
1477 1448 1521 1486 in
1559 1447 1786 1499 aenigmate

241 1507 343 1548 GAF
367 1509 410 1549 II
440 1523 478 1560 p.
507 1509 642 1548 2021(
672 1506 919 1561 ἀνθρώπους
949 1508 1081 1548 τίκτον
1112 1506 1211 1547 κατὰ
1241 1506 1316 1559 τὴν
1346 1506 1482 1561 πυγὴν
1514 1502 1571 1546 ἕν’
1610 1504 1784 1546 ἕκαστον.

239 1568 483 1609 Profundere
514 1569 682 1608 uerbum
711 1570 795 1608 iam
825 1569 868 1607 in
899 1568 1000 1609 codd
1030 1568 1234 1608 nonnullis
1259 1568 1384 1607 Nonii
1413 1568 1520 1607 recte
1553 1568 1787 1607 restitutum

240 1629 416 1681 explicat
446 1629 557 1669 Seru.
588 1628 686 1668 Aen.
713 1629 814 1668 Vm
842 1630 944 1668 139:
982 1625 1104 1668 ‘fudit
1135 1630 1269 1668 autem
1300 1641 1380 1667 non
1410 1628 1602 1668 iniuriose
1634 1627 1787 1667 dictum

241 1691 319 1739 est,
355 1692 404 1729 ut
438 1690 481 1728 in
518 1689 704 1730 Pisonem
742 1686 878 1740 “quae
914 1690 955 1728 te
993 1689 1153 1728 beluam
1196 1701 1243 1728 ex
1286 1689 1418 1739 utero,
1461 1701 1542 1728 non
1585 1688 1787 1727 hominem

240 1747 363 1789 fudit'
397 1744 498 1804 (Cic.
529 1750 573 1789 in
598 1749 676 1789 Pis.
702 1749 846 1802 fragm.
875 1750 930 1789 14
964 1780 971 1788 .
999 1780 1007 1788 .
1036 1780 1043 1788 .
1075 1751 1205 1789 mater
1240 1748 1434 1800 pecudem
1472 1762 1518 1788 ex
1557 1748 1669 1798 aluo,
1706 1761 1785 1788 non

240 1810 442 1849 hominem
461 1804 676 1864 effuderit),
696 1809 765 1849 sed
781 1810 1027 1849 celeritatem
1039 1810 1234 1860 parientis
1248 1805 1485 1849 ostendit''.’
1518 1808 1633 1848 Luor.
1646 1809 1685 1847 V
1700 1808 1784 1848 225

244 1867 350 1910 ‘cum
386 1871 562 1921 primum
603 1870 646 1908 in
689 1869 853 1910 luminis
896 1883 986 1910 oras
1029 1869 1188 1910 nixibus
1229 1882 1276 1909 ex
1320 1870 1412 1909 aluo
1456 1869 1598 1909 matris
1641 1870 1788 1909 natura

240 1927 447 1981 profudit'.

365 1985 474 2031 120.
513 1990 740 2030 Priscianus
785 1989 853 2030 GL
877 1990 920 2030 H
950 2004 987 2041 p.
1017 1991 1122 2040 501,
1150 1990 1256 2030 10H
1300 1987 1570 2040 ‘Deponentia
1612 1990 1655 2028 in
1703 1990 1788 2028 rior

241 2050 482 2101 desinentia,
520 2052 628 2090 orior
658 2051 699 2090 et
729 2051 895 2101 morior,
931 2052 1018 2090 tam
1049 2049 1265 2090 secundum
1295 2051 1461 2090 tertiam
1493 2063 1613 2101 quam
1649 2062 1787 2090 secun-

242 2111 337 2150 dum
369 2112 556 2161 quartam
587 2111 910 2163 coniugationem
941 2111 1243 2151 declinauerunt
1280 2112 1475 2151 auctores.
1510 2142 1517 2149 .
1540 2142 1546 2149 .
1570 2142 1577 2148 .
1609 2109 1787 2150 Lucilius

241 2172 285 2210 in
315 2171 379 2210 HI
423 2167 692 2211 “conturbare
726 2202 732 2210 .
767 2203 774 2210 .
809 2203 816 2210 .
856 2168 1096 2211 adoritur''.’
1175 2170 1357 2211 Contulit
1406 2183 1496 2210 cum
1545 2170 1620 2210 hoo
1668 2182 1787 2210 uersu

243 2230 476 2271 Gerlachius
500 2230 678 2270 Lucretii
695 2231 759 2271 HI
779 2231 864 2271 515
893 2229 1154 2271 ‘commutare
1181 2232 1362 2271 animum
1387 2232 1628 2282 quicumque
1658 2230 1787 2269 adori-

242 2293 310 2330 tur
341 2292 382 2330 et
411 2288 515 2330 infit'
542 2304 671 2342 neque
695 2293 831 2331 tamen
855 2293 962 2332 recte
987 2291 1032 2331 L.
1052 2292 1269 2332 Muellerus
1294 2292 1400 2331 hunc
1425 2291 1604 2331 Lucretii
1627 2303 1788 2331 uersum

244 2350 351 2402 apud
381 2351 631 2391 Priscianum
663 2353 796 2392 censet
827 2353 981 2392 exstare
1012 2352 1118 2392 male
1150 2365 1174 2390 a
1195 2351 1388 2391 ‘librariis
1425 2352 1632 2391 uexatum:
1670 2351 1787 2403 longe

243 2410 351 2450 enim
379 2411 487 2450 inter
517 2424 558 2452 se
586 2411 775 2452 differunt
801 2409 923 2464 ‘potis
949 2409 1023 2452 est'
1049 2411 1151 2451 fflud
1177 2413 1218 2451 et
1241 2412 1316 2452 hoc
1343 2409 1400 2451 ‘et
1423 2409 1540 2450 infit'.
1590 2410 1787 2450 Audimus

244 2471 417 2510 alterum
447 2471 717 2523 gladiatorum
747 2473 1037 2512 uociferantem
1069 2469 1158 2524 ‘ego
1189 2471 1393 2524 incipiam,
1423 2485 1518 2511 nam
1547 2471 1788 2522 quicumque

244 2530 442 2582 adoritur,
478 2532 513 2572 is
549 2533 700 2584 potest,
740 2532 835 2572 dum
872 2545 913 2572 se
949 2533 1081 2572 minus
1117 2532 1306 2572 timidum
1341 2533 1522 2583 praestat
1560 2544 1681 2582 quam
1718 2531 1786 2570 ad-

244 2592 444 2632 uersarius
470 2593 540 2643 qui
564 2594 765 2644 exspectet
788 2606 948 2645 pugnae
974 2593 1179 2632 exordium
1204 2592 1375 2645 segnior,
1405 2592 1524 2632 facile
1550 2590 1787 2631 conturbare

245 2647 422 2691 animam
463 2653 617 2691 inimici
659 2652 813 2703 impetu
854 2652 1003 2693 ualido.
1077 2650 1362 2692 ‘Conturbatus
1406 2646 1563 2691 animus
1607 2664 1687 2690 non
1728 2653 1789 2691 est

246 2711 364 2762 aptus
396 2711 444 2751 ad
478 2712 771 2762 exsequendum
807 2725 951 2751 munus
989 2709 1120 2752 suum'
1155 2711 1233 2752 Cic.
1267 2712 1379 2752 Tusc.
1406 2713 1469 2751 III
1497 2712 1569 2751 15:
1600 2711 1707 2750 idem
1738 2711 1787 2750 de

246 2770 348 2810 offic.
373 2771 437 2811 Π]
461 2772 519 2811 40
552 2768 756 2811 ‘Incidunt
785 2772 938 2811 multae
968 2785 1086 2823 saepe
1118 2784 1274 2822 causae,
1306 2785 1408 2823 quae
1440 2771 1678 2812 conturbent
1703 2772 1786 2810 ani-

245 2827 346 2871 mos'
379 2830 536 2871 Lucret.
560 2831 624 2870 [H
650 2833 735 2871 499
770 2828 1024 2882 ‘desipientia
1053 2832 1100 2871 fit
1130 2845 1211 2883 qua
1241 2833 1302 2872 uis
1335 2832 1460 2872 animi
1489 2833 1612 2882 atque
1637 2831 1788 2871 animai

247 2890 509 2930 conturbatur
540 2885 616 2945 (IV
644 2885 777 2946 943)’.
838 2891 1026 2931 Imitatus
1058 2892 1227 2943 denique
1265 2904 1348 2931 esse
1385 2892 1545 2931 uidetur
1575 2890 1786 2931 Lucretius

246 2950 310 2990 ΠΙ
335 2951 421 2990 483
452 2951 749 2991 hemistichium
778 2951 926 2992 Lucilii
955 2952 1018 2992 his
1050 2965 1117 2991 uu.
1151 2949 1327 2992 ‘uemens
1358 2952 1554 2992 uiolentia
1584 2952 1671 2991 uini
1695 2964 1788 2992 con-

246 3010 408 3051 turbare
440 3012 617 3052 animam
647 3012 857 3052 consueuit
886 3024 1050 3064 corpore
1080 3012 1123 3053 in
1154 3009 1272 3066 ipso’.
