2060 3444
291 298 373 343 138
891 297 942 333 [Χ
966 309 1004 350 u²
1030 300 1230 335 δτι-377.

282 412 391 463 apud
423 411 522 452 Gell.
542 411 642 450 XIII
675 412 742 460 26,
770 412 794 450 4
828 413 863 451 si
892 403 1034 451 reuera
1064 411 1184 451 sicuti
1211 412 1254 450 in
1285 425 1351 450 uu.
1373 412 1459 451 364
1485 425 1592 463 seqq.
1624 405 1823 452 consentit

283 486 374 511 cum
403 471 571 521 Lucilio,
602 472 700 510 haec
731 471 868 511 docuit
898 473 1037 522 poeta:
1079 468 1191 510 ‘item
1223 472 1258 510 si
1291 468 1439 511 “huius
1470 469 1626 511 terrai”
1659 472 1820 523 scribas,

281 532 294 570 i
332 532 470 571 littera
509 531 563 571 sit
601 533 793 582 extrema,
832 533 867 570 si
905 528 1029 571 “huic
1066 527 1242 580 terrae”‚
1273 544 1345 582 per
1385 545 1405 570 e
1446 532 1695 571 scribendum
1733 529 1818 572 est'.

281 592 432 631 Tamen
484 592 592 630 tacet
642 591 793 631 Gellius
844 592 891 630 de
941 585 1188 631 nominatiuo
1237 584 1397 642 plurali.
1470 591 1680 631 Inuenitur
1728 594 1820 632 ante

281 651 481 690 Lucilium
527 652 737 703 genetiuus
780 651 822 689 in
867 651 906 690 ai
948 651 1055 702 apud
1098 650 1271 690 Ennium
1315 653 1355 690 et
1400 646 1608 702 Plautum,
1657 651 1820 692 datiuus

279 725 489 762 nusquam.
552 710 701 757 Quodsi
731 711 908 751 Lucilius
948 713 988 750 et
1017 710 1205 763 Nigidius
1242 711 1472 762 genetiuum
1508 713 1629 751 terrai
1659 707 1820 752 consue-

280 771 460 811 tudinem
491 772 616 811 secuti
648 772 985 821 commendarunt,
1017 773 1152 810 tamen
1190 770 1417 822 disyllabon
1448 783 1531 811 esse
1562 771 1670 811 istud
1701 785 1819 811 uoca-

279 831 429 880 bulum,
458 845 537 871 non
562 831 801 882 trisyllabon
821 832 1038 871 uoluerunt
1057 831 1174 871 sicuti
1187 832 1348 880 pulcram·
1367 832 1574 883 genetiuus
1593 831 1819 883 disyllabon

279 891 453 942 positum
480 893 541 931 est
564 891 606 930 in
633 891 805 931 carmine
832 891 942 931 CLE
972 892 1040 940 52,
1068 891 1097 931 2'
1118 890 1351 930 Buecheleri
1384 888 1486 930 ‘heic
1511 893 1571 931 est
1596 891 1820 942 sepulcrum

267 952 360 990 ‘hau
410 953 591 1002 pulcrum
641 952 798 1002 pulcrai
846 948 1044 991 feminae'.
1096 972 1151 978 -—
1202 950 1321 1002 Apud
1363 951 1608 990 Mattianum
1650 952 1820 991 lucinius

278 1012 401 1051 habet
437 1012 490 1061 R,
533 1012 691 1051 licinius
728 1012 768 1050 B
804 1025 876 1062 pro
915 1011 1058 1062 quibus
1101 1012 1144 1050 ‘in
1183 1012 1360 1061 ,qenetiuo
1404 1011 1614 1062 supposuit
1650 1012 1818 1062 Eyssen—

278 1072 472 1110 hardtius.
537 1071 686 1118 Quibus
724 1073 894 1123 receptis
933 1071 1034 1110 nihil
1072 1072 1233 1110 omnino
1269 1071 1341 1110 illo
1379 1071 1465 1111 loco
1504 1071 1551 1110 de
1586 1071 1735 1111 Lucilii
1771 1071 1819 1111 de

280 1133 464 1182 genetiuo
503 1144 623 1182 quam
661 1132 875 1182 protulerit
911 1130 1094 1171 doctrina
1129 1130 1323 1170 traditum
1361 1131 1575 1170 inuenitur.
1636 1131 1819 1171 Licinius

280 1193 315 1230 si
344 1194 450 1231 recte
482 1191 675 1231 traditum
707 1193 767 1231 est
792 1191 1024 1242 produxisse
1052 1193 1213 1243 poetam
1236 1192 1279 1230 in
1304 1191 1379 1231 hoc
1406 1191 1597 1231 uocabulo
1623 1191 1819 1242 syllabam

279 1252 450 1302 primam
494 1251 749 1291 statuendum
792 1253 885 1291 erit:
931 1251 1035 1302 quod
1078 1252 1196 1302 plane
1240 1252 1300 1290 est
1341 1251 1573 1290 incredibile
1618 1245 1728 1305 (uide
1768 1251 1818 1291 ad

279 1312 346 1350 lib.
366 1311 465 1351 xm
489 1325 525 1350 u.
549 1306 665 1365 438).
728 1311 830 1350 Item
868 1313 960 1350 ante
995 1311 1166 1351 Orbiliae
1204 1311 1311 1350 credi
1342 1312 1475 1362 potest
1505 1313 1666 1361 poetam
1697 1313 1817 1351 corri-

278 1373 412 1422 puisse
453 1372 653 1411 Terentiae
694 1371 880 1410 ultimam
923 1384 1011 1410 cum
1054 1371 1169 1410 hiatu
1213 1372 1332 1410 sicuti
1366 1372 1409 1410 in
1451 1372 1737 1423 epigrammate
1769 1371 1817 1411 de

279 1432 409 1470 Ennio
447 1431 559 1470 Enni
594 1432 780 1480 imayinis
815 1432 986 1479 formam
1024 1426 1122 1485 (Cic.
1150 1431 1262 1470 Tusc.
1288 1430 1308 1469 I
1335 1425 1410 1484 34)
1450 1430 1557 1481 apud
1593 1431 1817 1483 Vergilium

278 1491 432 1531 insulae
474 1491 589 1530 Ionio
633 1485 750 1544 (Aen.
776 1491 838 1530 III
866 1485 989 1545 211),
1033 1490 1140 1541 apud
1181 1490 1396 1530 Horatium
1433 1490 1667 1540 Esquilinae
1706 1491 1817 1530 alites

280 1545 410 1604 (epod.
438 1551 475 1588 V
504 1546 621 1605 100),
647 1550 754 1602 apud
779 1551 953 1590 Ennium
971 1550 1103 1599 Scipio
1128 1552 1270 1589 inuicte
1290 1544 1389 1604 (Cic.
1411 1548 1476 1589 Or.
1501 1545 1616 1604 152).
1667 1551 1816 1590 Tamen

280 1612 351 1650 illa
383 1624 502 1662 quam
535 1612 661 1650 secuti
692 1623 826 1650 sumus
858 1612 963 1650 ratio
995 1611 1134 1650 critica
1166 1611 1307 1650 melior
1336 1610 1496 1650 uidetur
1527 1622 1622 1652 essee

401 1665 512 1711 374.
557 1671 642 1710 Vel.
679 1670 804 1723 Long.
837 1669 904 1710 GL
937 1671 1016 1710 VH
1052 1685 1089 1722 p.
1125 1671 1198 1720 62,
1234 1670 1339 1710 18Κ
1402 1666 1563 1709 ‘Abbire
1631 1664 1817 1723 (abbitere

280 1730 320 1770 G.
341 1730 385 1770 L.
407 1725 688 1785 Schneiderus)
721 1732 843 1770 etiam
875 1731 1038 1782 quidam
1069 1731 1274 1783 geminata
1304 1730 1328 1769 b
1359 1730 1587 1769 maluerunt
1617 1731 1659 1769 et
1688 1730 1816 1770 dicere

279 1793 320 1830 et
356 1791 526 1830 scribere
563 1791 792 1830 intermissa
828 1791 872 1840 d,
916 1792 957 1830 et
992 1792 1036 1830 im
1074 1786 1155 1844 (om
1192 1784 1279 1844 cod)
1322 1790 1397 1831 hoc
1435 1789 1591 1829 nullam
1635 1784 1816 1844 (multam

280 1844 560 1905 Schneiderus)
592 1851 858 1890 differentiam
887 1852 1009 1901 putat
1039 1863 1122 1890 esse
1152 1850 1331 1889 Lucilius
1364 1850 1432 1900 qui
1464 1850 1523 1889 ait
1547 1845 1713 1890 “abbire
1736 1863 1816 1890 non

278 1911 451 1950 multum
483 1913 543 1950 est
573 1910 599 1949 d
630 1912 705 1950 siet
736 1924 787 1950 an
818 1906 904 1950 b’'.'
956 1909 1041 1956 Quo
1072 1911 1114 1949 in
1145 1910 1232 1950 loco
1265 1922 1335 1949 cur
1364 1922 1499 1949 rarum
1529 1911 1570 1948 et
1594 1909 1816 1950 obsoletum

278 1971 445 2010 uerbum
477 1971 648 2010 adbibere
678 1971 895 2010 maluerint
924 1971 1134 2010 restituere
1165 1983 1286 2021 quam
1317 1969 1482 2022 uulgare
1513 1969 1614 2008 illud
1640 1970 1816 2010 abhibere

278 2043 357 2069 non
400 2030 608 2082 intellego:
651 2030 815 2069 heroum
854 2030 977 2069 talem
1028 2043 1101 2080 ego
1138 2028 1383 2070 restituerim
1427 2026 1463 2069 ζ
1483 2049 1531 2068 w
1555 2025 1814 2082 abbi<be>rez

278 2086 395 2142 (hic)
413 2103 498 2131 -non
523 2090 696 2129 multum
723 2091 783 2129 est
807 2089 833 2128 d
858 2090 934 2129 siet
959 2103 1009 2128 an
1034 2086 1087 2128 b’.
1131 2089 1167 2127 A
1192 2088 1396 2129 uocalibus
1422 2089 1472 2128 ad
1500 2089 1814 2140 praepositiones

278 2151 425 2189 transit
455 2151 573 2200 poeta
599 2149 879 2190 sicutiVelius
903 2149 1067 2201 Longus
1086 2149 1111 2188 1.
1133 2162 1161 2189 s.
1182 2161 1210 2188 s.
1236 2162 1274 2199 p.
1304 2149 1370 2198 60,
1399 2149 1422 2187 6
1437 2148 1492 2187 K:
1522 2148 1654 2199 prima.
1680 2150 1739 2188 est
1764 2149 1813 2189 ab

279 2209 522 2260 praepositio
549 2204 709 2263 (fragm.
738 2203 856 2263 373),
887 2209 1068 2260 sequitur
1091 2208 1146 2248 ad
1168 2208 1424 2260 praepositio.
1446 2208 1612 2248 —Nou
1640 2209 1814 2248 multum

279 2265 357 2321 est]
390 2269 539 2321 Vergil.
566 2268 707 2320 Georg.
732 2269 774 2308 Π
800 2271 883 2308 272
925 2266 1038 2309 ‘adeo
1075 2270 1117 2307 in
1160 2269 1307 2309 teneris
1351 2281 1602 2309 consuescere
1639 2268 1813 2308 multum

280 2326 353 2368 est’
387 2329 561 2368 Martial.
585 2329 607 2368 I
634 2330 731 2379 108,
760 2331 782 2368 7
818 2325 902 2369 ‘sed
932 2329 1008 2368 tibi
1038 2338 1117 2368 non
1148 2329 1320 2368 multum
1345 2324 1411 2368 est'
1434 2337 1560 2367 unum
1589 2329 1624 2367 si
1653 2329 1813 2380 praesto

277 2386 491 2441 togatum’:
522 2390 619 2429 conf
638 2402 676 2427 u.
704 2389 800 2428 377.

400 2443 509 2489 375.
541 2449 679 2488 Velius
710 2448 872 2500 Longus
898 2447 966 2488 GL
992 2448 1071 2488 VH
1095 2462 1132 2499 p.
1161 2449 1229 2499 61,
1257 2447 1362 2487 14Κ
1398 2444 1479 2488 ‘Sic
1509 2448 1553 2487 in
1588 2448 1651 2487 his
1687 2449 1811 2499 parti-

277 2508 350 2548 bus
382 2508 592 2558 orationis,
624 2521 726 2559 quae
756 2509 955 2559 incipiunt
995 2522 1018 2547 a
1054 2509 1193 2548 littera
1222 2520 1260 2558 c,
1300 2520 1380 2547 non
1416 2507 1533 2548 facile
1569 2509 1703 2558 potest
1737 2508 1812 2549 hac

278 2566 574 2619 praepositione
600 2568 761 2618 admota
786 2575 926 2608 sonare
951 2568 978 2607 d
1000 2569 1148 2607 littera.
1198 2568 1296 2607 haec
1321 2567 1504 2607 similiter
1527 2567 1663 2607 littera
1689 2569 1810 2619 gemi-

278 2629 400 2667 natur
428 2629 472 2668 in
502 2641 549 2667 eo
575 2628 682 2679 quod
706 2629 767 2668 est
791 2629 905 2679 capio
931 2629 1100 2679 accipio:
1131 2628 1268 2679 itaque
1293 2626 1473 2666 Lucilius
1499 2623 1652 2678 “atque
1678 2640 1811 2667 accur-

277 2701 363 2727 rere
407 2688 552 2728 scribes
595 2687 671 2727 dne
715 2700 766 2727 an
798 2688 830 2726 T
867 2700 946 2727 non
984 2689 1044 2727 est
1081 2688 1188 2738 quod
1224 2699 1390 2738 quaeras
1428 2699 1553 2737 aeque
1592 2683 1809 2726 labores’'.’

278 2748 391 2797 Eque
421 2748 583 2794 labores,
614 2748 767 2798 opinor,
798 2749 1011 2798 scripserat
1040 2749 1159 2798 poeta
1191 2748 1262 2798 qui
1291 2744 1417 2797 deque
1447 2745 1583 2798 petigo
1607 2746 1675 2785 lib.
1700 2744 1810 2786 XXX

215 2816 220 2820 ·
278 2821 315 2846 u.
344 2808 427 2847 983
467 2807 592 2858 deque
629 2807 762 2847 dicata
787 2822 825 2847 u.
853 2808 951 2857 997,
989 2808 1128 2858 disque
1164 2807 1352 2847 tulissent
1387 2806 1554 2846 Plautus
1588 2805 1695 2845 Trin.
1723 2807 1807 2846 833

280 2866 350 2905 alii
370 2867 459 2905 alia.
503 2867 592 2907 Dne
611 2880 663 2907 an
682 2880 702 2906 c
721 2866 906 2907 uidentur
925 2875 1009 2907 esse
1030 2867 1206 2906 ablatiuo
1233 2878 1327 2906 casu
1350 2866 1493 2917 posita.
1537 2861 1647 2918 [uide
1665 2861 1807 2918 praefi]

399 2921 668 2968 377—381.
699 2926 838 2966 Velius
874 2927 1036 2984 Longus
1069 2926 1136 2966 GL
1161 2926 1242 2966 VH
1264 2940 1302 2977 p.
1329 2927 1398 2975 47,
1425 2925 1502 2965 2K
1540 2921 1660 2964 ‘Nam
1703 2925 1809 2984 apud

277 2985 479 3024 Lucilium
508 2987 551 3024 in
581 2999 698 3036 nono,
729 2987 772 3025 in
804 2999 882 3037 quo
908 2986 956 3025 de
981 2986 1126 3026 litteris
1153 2985 1344 3036 disputat,
1376 2997 1510 3025 omnes
1535 2985 1664 3023 uicem
1688 2985 1807 3035 sylla-

277 3044 418 3084 barum
447 3043 629 3096 implent,
660 3059 750 3086 cum
780 3046 879 3086 dicit
910 3042 968 3086 “a
998 3058 1041 3086 re
1069 3059 1150 3085 non
1179 3045 1352 3085 multum
1382 3045 1488 3084 abest
1515 3044 1592 3083 hoc
1622 3055 1808 3095 (sacosyw⁴
