2060 3444
807 264 943 300 XXVII
970 275 1004 299 u.
1033 267 1123 299 738»
1137 266 1233 299 -741,
1716 262 1804 306 265

249 381 382 420 minus
413 379 492 432 ipsi
525 380 643 429 lucet,
677 393 767 419 cum
799 379 864 418 illi
889 374 1160 419 accenderis&
1211 378 1302 418 Vna
1329 391 1374 417 ex
1401 391 1442 417 re
1469 378 1567 418 satis
1594 378 1805 428 praecipit,

251 442 313 492 ut,
357 440 542 490 quiequid
577 441 664 479 sine
700 440 926 479 detrimento
965 440 1201 478 commodari
1238 439 1383 489 possit,
1422 438 1463 476 id
1501 438 1703 477 tribuatur
1740 438 1805 476 uel

249 503 406 553 ignoto:
434 515 480 540 ex
507 514 585 551 quo
613 501 706 539 sunt
731 500 803 538 illa
830 500 1067 550 communia,
1095 512 1175 538 non
1200 499 1411 550 prohibere
1439 512 1544 549 aqua
1569 498 1804 549 profluente,

250 562 341 613 pati
365 561 415 600 ab
441 562 533 613 igne
559 561 694 612 ignem
721 574 872 611 capere,
899 562 934 600 si
960 562 1029 611 qui
1055 559 1165 610 uelit,
1193 560 1405 600 consilium
1432 559 1546 598 fidele
1567 559 1806 598 deliberanti

249 622 356 672 dare,
389 635 490 672 quae
522 622 617 661 sunt
648 622 698 660 iis
724 621 860 670 utilia,
895 622 964 671 qui
996 622 1210 672 accipiunt,
1244 619 1359 659 danti
1387 632 1465 658 non
1494 617 1691 659 molesta':
1726 633 1804 670 qua

253 683 295 722 in
326 695 368 722 re
400 683 483 722 iam
514 682 684 721 Plautus
716 682 883 721 uerbum
916 682 1159 720 commodare
1191 681 1377 720 adhibuit
1406 680 1508 719 Rud.
1536 681 1622 719 434
1652 677 1736 719 ‘cur
1762 682 1806 718 tu

251 757 398 795 aquam
442 756 629 795 grauare,
680 743 841 792 amabo,
893 755 1015 793 quam
1063 742 1192 782 hostis
1242 741 1349 781 hosti
1393 737 1660 780 commodat?²
1715 740 1811 780 conf

250 802 399 855 Diphil.
429 804 483 842 62
513 798 634 857 (GAF
661 803 702 842 ΙΙ
725 817 762 854 p.
786 797 891 858 561)
906 803 943 841 K
962 803 1066 842 Plut.
1089 802 1135 841 de
1155 802 1279 841 inuid.
1302 803 1342 841 et
1362 801 1422 842 od.
1445 814 1530 852 cap.
1554 802 1577 840 6
1600 816 1637 852 p.
1662 801 1746 840 538
1757 801 1804 839 A.

251 864 394 904 Studia
431 864 578 904 Lucilii
613 864 798 903 Panaetii
836 863 1068 915 philosophi
1105 863 1248 903 studiis
1289 862 1428 902 affinia
1474 861 1806 913 deprehendimus

250 925 319 964 lib.
345 925 521 964 XXVIII
545 939 583 963 u.
614 925 696 963 742
713 937 821 975 seqq.

375 980 484 1026 739.
516 986 672 1025 Nonius
697 999 735 1036 p.
758 986 856 1036 472,
882 986 933 1023 15
963 981 1153 1035 ‘Inpertit
1178 984 1356 1023 Lucilius
1383 983 1450 1023 lib.
1472 983 1626 1022 XXVII
1651 980 1806 1032 “sospi-

234 1049 308 1086 -tat
337 1047 497 1096 inpertit
533 1047 699 1086 salutem
735 1047 910 1097 plurima
949 1047 989 1085 et
1027 1041 1320 1096 plenissima''.'
1384 1044 1556 1084 Versum
1595 1044 1806 1083 emendare

251 1107 532 1147 Lachmannus
569 1106 701 1146 uoluit
738 1108 815 1157 ita,
856 1108 903 1145 ut
939 1107 1226 1156 imperatiuum
1258 1105 1319 1145 bis
1350 1106 1582 1144 restitueret
1625 1102 1806 1155 ‘sospita,

251 1169 401 1219 inperti
439 1164 583 1207 salute'
607 1180 638 1206 e.
661 1180 696 1217 q.
718 1179 746 1206 s.
810 1166 867 1205 At
904 1166 1006 1205 nihil
1043 1166 1290 1217 probabilius
1331 1179 1452 1216 quam
1495 1167 1657 1214 inpertit
1699 1166 1806 1204 recte

253 1228 449 1268 traditum
481 1240 564 1267 esse
597 1229 638 1267 et
667 1229 834 1278 propter
864 1241 901 1266 u.
931 1227 1013 1267 689
1050 1229 1089 1266 et
1119 1228 1284 1278 propter
1309 1226 1433 1266 Nonii
1458 1227 1616 1265 lemma.
1663 1226 1806 1276 Itaque

253 1290 380 1329 restat
404 1290 450 1327 ut
475 1288 598 1327 uerba
623 1290 934 1340 transponamus
963 1284 1161 1339 ‘sospitat,
1194 1288 1323 1326 salute
1348 1284 1546 1338 impertit'
1570 1301 1600 1326 e.
1623 1300 1659 1337 q.
1682 1299 1710 1325 s.
1738 1286 1808 1337 qui

254 1349 351 1389 ordo
382 1349 598 1388 uerborum
629 1349 752 1388 etiam
782 1350 827 1388 in
857 1363 923 1387 uu.
952 1349 1048 1389 688.
1078 1349 1162 1388 689
1186 1350 1306 1388 extat.

376 1404 485 1450 740.
517 1410 673 1449 Nonius
699 1424 737 1461 p.
767 1411 865 1460 368,
895 1410 947 1448 16
984 1406 1144 1449 ‘Pernix
1170 1408 1372 1461 significat
1399 1409 1511 1448 celer.
1538 1439 1545 1446 .
1568 1439 1575 1446 .
1599 1439 1605 1446 .
1626 1407 1808 1447 Lucilius

253 1471 321 1510 lib.
348 1470 502 1509 XXVH
529 1467 711 1510 “fuimus
734 1501 741 1508 .
763 1503 770 1511 .
794 1502 801 1509 .
822 1466 968 1510 fore'’.'
1002 1471 1114 1509 nobis
1141 1469 1234 1509 edit.
1261 1471 1405 1521 princ:
1433 1470 1475 1508 at
1502 1469 1702 1508 sententia
1728 1482 1808 1507 non

253 1532 313 1571 est
353 1531 543 1582 perfecta.
612 1531 762 1583 Agitur
801 1531 849 1571 de
886 1530 1069 1570 beneficii
1107 1531 1240 1583 gratia
1278 1530 1501 1570 cuiusdam:
1547 1529 1643 1568 conf
1675 1525 1807 1568 Plaut'.

255 1591 368 1642 Gapt.
399 1593 483 1631 780
523 1588 723 1640 ‘speroque
761 1604 824 1630 me
863 1591 912 1630 ob
949 1591 1055 1630 hunc
1093 1592 1280 1630 nuntium
1321 1593 1522 1630 aeternum
1567 1590 1808 1640 adepturum

255 1649 402 1692 cibum’
437 1652 609 1691 Mostell.
639 1653 721 1691 195
758 1649 899 1691 ‘stulta
939 1663 978 1690 es
1016 1652 1154 1701 plane,
1193 1665 1294 1702 quae
1332 1651 1449 1690 illum
1486 1650 1562 1689 tibi
1606 1652 1807 1690 aeternum

247 1714 365 1762 putes
404 1714 488 1761 fore
526 1713 699 1751 amicum
738 1714 780 1763 et,
813 1708 1132 1751 beneuolentem'
1167 1712 1324 1751 Terent.
1352 1711 1452 1750 Eun.
1481 1712 1565 1750 872
1608 1702 1667 1749 ‘at
1704 1723 1809 1749 nunc

256 1773 399 1812 dehinc
443 1785 555 1822 spero
606 1775 805 1812 aeternam
848 1773 954 1811 inter
997 1785 1069 1811 nos
1113 1773 1288 1824 gratiam
1331 1773 1433 1821 fore,
1479 1768 1615 1811 Thais’
1661 1770 1807 1810 Publil.

255 1835 354 1873 sent.
383 1834 467 1872 235
503 1830 631 1884 ‘inopi
661 1832 896 1873 beneficium
927 1833 988 1872 bis
1016 1832 1086 1872 dat
1112 1834 1182 1883 qui
1207 1832 1277 1872 dat
1303 1829 1512 1871 celeriter’:
1545 1831 1640 1871 conf
1661 1831 1807 1870 Vahle-

254 1907 329 1933 nus
362 1894 414 1932 ad
444 1893 566 1932 Ennii
597 1895 670 1933 sat.
696 1894 717 1933 I
744 1895 781 1932 2.
847 1893 1041 1944 Suppleas
1079 1893 1208 1932 ueluti
1248 1890 1500 1932 ‘beneficium
1539 1888 1806 1944 gratumque’.

343 1989 348 1992 .
379 1948 487 1994 741.
519 1954 676 1993 Nonius
701 1968 738 2005 p.
769 1955 866 2004 284,
895 1955 950 1993 30
985 1950 1188 2003 ‘Differre,
1224 1953 1384 1993 distare.
1420 1984 1426 1991 .
1455 1985 1462 1991 .
1492 1985 1498 1991 .
1526 1952 1705 1992 Lucilius
1737 1951 1805 1991 lib.

255 2014 408 2054 XXVII
435 2011 602 2054 “tamen
628 2016 714 2054 aliti
739 2027 909 2055 uerruca
934 2015 1007 2053 aut
1030 2015 1195 2053 cicatrix
1214 2014 1366 2054 medius
1385 2014 1532 2064 papule
1553 2009 1804 2052 differunt'’.’

255 2075 450 2115 Restituit
479 2075 679 2115 Mercerus
711 2077 816 2114 recte
850 2078 920 2114 aut
947 2074 1081 2125 priore
1112 2076 1217 2115 loco:
1251 2074 1358 2126 quod
1390 2088 1462 2126 pro
1492 2075 1644 2113 medius
1669 2072 1807 2124 posuit

254 2148 424 2182 uacuus,
462 2136 505 2174 id
542 2149 622 2175 non
658 2135 813 2187 placuit
850 2135 1125 2186 Lachmanno,
1171 2136 1240 2186 qui
1285 2135 1453 2174 adnotat
1496 2134 1607 2185 apud
1649 2133 1808 2173 Celsum

257 2191 313 2250 (V
340 2197 408 2246 28,
437 2197 489 2235 18
517 2210 555 2246 p.
585 2197 682 2246 220,
710 2197 764 2235 23
780 2190 988 2250 Daremb.)
1021 2196 1100 2248 legi
1134 2193 1396 2247 ‘Papularum
1429 2208 1523 2234 uero
1557 2195 1634 2233 duo
1661 2207 1808 2252 genera

256 2258 359 2295 sunt.
410 2255 606 2306 Alterum,
638 2256 679 2295 in
713 2270 792 2307 quo
824 2269 895 2309 per
925 2257 1112 2295 minimas
1143 2257 1308 2307 pusulas
1336 2257 1438 2296 cutis
1466 2256 1735 2306 exasperatur,
1769 2256 1809 2294 et

255 2316 390 2367 rubet,
434 2317 657 2367 leuiterque
693 2316 866 2356 roditur:
910 2317 1086 2356 medium
1122 2316 1245 2355 habet
1282 2316 1461 2366 pauxillo
1502 2316 1650 2365 leuius,
1693 2315 1807 2354 tarde

258 2373 397 2427 serpit'
419 2390 450 2415 e.
473 2390 509 2427 q.
530 2389 558 2416 s.
609 2377 749 2428 Neque
781 2378 916 2417 tamen
948 2377 1041 2416 huic
1071 2378 1206 2416 uersui
1241 2377 1456 2427 quicquam
1493 2376 1587 2415 boni
1627 2376 1809 2415 adfertur

257 2437 332 2476 hac
365 2436 470 2477 Celsi
501 2437 693 2477 doctrina.
756 2437 843 2489 Ego
874 2438 1013 2477 melius
1044 2438 1186 2488 scripsi
1225 2438 1264 2476 et
1301 2437 1359 2476 ita
1396 2438 1640 2488 interpretor
1680 2433 1808 2474 ‘ulcus

258 2496 360 2536 illud
399 2497 670 2548 appellabitur
707 2499 842 2537 tamen
881 2500 952 2537 aut
989 2511 1155 2537 uerruca
1195 2494 1265 2537 aut
1303 2498 1468 2537 cicatrix
1508 2496 1669 2535 melius:
1715 2509 1808 2535 nam

258 2557 431 2608 papulae
463 2558 581 2597 aliter
605 2561 699 2598 sunt
724 2555 1007 2610 comparatae’.
1052 2557 1266 2597 Hominem
1292 2558 1420 2596 ueluti
1446 2556 1650 2608 Campano
1669 2556 1807 2596 morbo

258 2618 458 2670 insignem
483 2618 670 2658 adulator
694 2618 796 2657 dixit
821 2618 980 2669 papulis
1007 2618 1202 2658 eiusmodi
1225 2619 1424 2658 neminem
1444 2618 1607 2657 offendi:
1634 2617 1808 2669 papulae

259 2677 301 2717 in
331 2678 544 2728 prouerbio
577 2681 670 2718 sunt
700 2692 763 2729 ap.
792 2678 925 2718 Senec.
959 2679 1007 2718 de
1038 2680 1126 2718 uita
1150 2679 1254 2718 beat.
1284 2680 1336 2718 27
1374 2676 1558 2730 ‘papulas
1584 2677 1807 2717 obseruatis

260 2738 423 2787 alienas,
456 2739 579 2778 obsiti
610 2739 794 2790 plurimis
826 2735 1067 2779 ulceribus?
