2060 3444
761 205 890 241 incert.
919 205 994 241 sod.
1023 217 1057 239 u.
1088 208 1333 239 lesi-1290.
1732 202 1818 244 4117

249 320 251 322 ’
275 322 351 361 etsi
383 320 613 372 philosophi
644 320 803 370 saepius
835 319 985 358 similia
1010 318 1255 368 scripserunt
1286 317 1413 357 ueluti
1444 317 1549 356 Plut.
1577 316 1666 355 adu.
1694 317 1821 356 Colot.

273 394 358 432 cap.
387 382 440 420 23
473 393 511 431 p.
535 380 689 419 11203
720 377 757 418 εἰ
785 376 874 430 περὶ
906 377 1031 417 ἵππου
1063 375 1105 416 τὸ
1139 374 1283 429 τρέχειν
1314 381 1613 430 κατηγοροῦμεν
1643 378 1721 415 κτλ.

397 435 538 481 1287.
569 439 712 479 Festus
737 452 775 489 p.
791 439 891 488 257,
907 439 960 477 23
987 437 1029 476 111
1057 437 1300 484 Quintanam
1327 436 1492 476 classem
1520 433 1573 475 ‘..
1596 436 1741 475 ‚cilius
1767 435 1823 476 sic

273 496 500 541 meminit‘
506 496 628 551 ‘quod
823 493 1035 549 adeptus'’.
1040 493 1051 511 ’
1108 496 1219 536 Festi
1250 497 1382 536 locum
1412 497 1623 535 restituere
1655 498 1822 535 conatur

271 561 539 601 Mommsenus
580 559 628 599 de
671 561 758 599 iure
800 558 962 626 publico
1006 571 1043 608 p
1071 557 1116 596 R.
1142 557 1205 596 ΠΙ
1246 552 1357 611 (edit.
1400 551 1534 609 1887)
1579 570 1615 607 Ρ
1646 557 1748 605 285,
1784 558 1820 595 5.

272 619 496 668 Quintanae
536 620 673 660 classis
712 620 827 659 erant
865 619 935 669 qui
973 615 1090 657 ‘nihil
1126 618 1287 668 praeter
1324 630 1364 657 se
1402 612 1631 665 habebant’:
1663 615 1823 656 uidetur

272 682 341 732 agi
371 681 419 720 de
451 680 610 720 homine
643 681 714 731 qui
738 692 779 719 se
804 680 932 718 iactat
963 680 1083 729 atque
1116 679 1291 717 ostentat
1323 676 1422 716 ciuis
1454 676 1657 716 Romanus
1690 677 1822 716 factus

271 740 399 780 infimi
440 740 590 780 ordinis
636 737 756 791 ‘quod
795 752 899 778 nunc
936 739 1026 778 iura
1070 738 1147 777 siet
1191 737 1410 788 quintanae
1448 736 1585 776 classis
1623 733 1820 787 adeptus’.

271 801 336 841 Ita
367 802 472 841 certe
505 799 584 840 Cic.
610 813 683 851 pro
715 799 844 839 Flacc.
873 799 928 838 43
962 794 1147 849 eadeptus
1179 799 1240 837 031
1271 797 1451 837 ordinem
1477 793 1738 836 senatorium’
1773 796 1821 835 de

271 863 371 901 orat.
398 861 460 901 m
487 861 570 900 136
612 857 679 899 (3(1
719 860 889 899 honores
930 854 1221 909 adipiscendos'
1261 857 1343 896 alii.
1413 856 1519 896 Conf
1556 856 1661 896 Pers.
1687 856 1708 895 I
1737 857 1821 895 130

272 918 372 962 ‘sese
404 921 579 972 aliquem
611 920 772 960 credens
803 919 908 959 Italo
940 919 1046 970 quod
1077 918 1227 958 honore
1259 918 1424 969 supinus
1451 917 1618 969 fregerit
1642 916 1822 956 heminas

271 982 409 1022 Arreti
440 981 580 1021 aedilis
611 976 799 1032 iniquas'.

395 1036 538 1082 1288.
570 1040 722 1081 Gellius
747 1040 806 1079 IV
835 1040 902 1089 16,
930 1040 954 1078 6
984 1036 1129 1078 ‘Sicuti
1154 1037 1333 1078 Lucilius
1365 1039 1407 1077 in
1433 1037 1571 1077 eodem
1597 1050 1691 1077 casu
1716 1038 1823 1076 uictu

273 1104 312 1142 et
343 1114 426 1142 amu
451 1101 561 1151 dicit,
586 1114 666 1140 non
691 1101 812 1140 uictae·
836 1112 908 1139 nec
934 1100 1043 1168 anui,
1074 1099 1117 1138 in
1142 1098 1250 1138 111300
1274 1095 1494 1138 uersibus‘
1499 1093 1621 1148 ‘quod
1647 1099 1822 1136 sumtum

272 1164 393 1213 atque
431 1162 569 1212 epulas
606 1162 718 1200 uictu
755 1161 968 1212 praeponis
1005 1154 1204 1198 honesto’'
1243 1160 1284 1197 et
1322 1158 1402 1198 alio
1442 1159 1484 1197 in
1516 1158 1602 1197 loco
1636 1152 1723 1212 (lib.
1743 1157 1823 1196 VH

271 1237 308 1261 u.
331 1218 437 1276 280)
465 1218 578 1261 ((3311
603 1233 737 1270 noceo,
761 1216 956 1271 inquit'’.'
1014 1219 1119 1258 Hinc
1139 1218 1293 1258 Nonius
1319 1233 1357 1270 p.
1380 1219 1478 1268 501,
1507 1219 1561 1257 23
1591 1214 1822 1257 ‘Ablatiuus

273 1296 344 1334 pro
364 1282 513 1321 datiuo.
557 1280 737 1321 Lucilius
759 1277 898 1331 “quod
920 1311 950 1318 ..
967 1311 975 1318 .
995 1280 1101 1319 dictu
1113 1290 1335 1328 praepones
1353 1274 1582 1318 honesto''.'
1628 1277 1751 1317 Libro
1765 1277 1822 1316 IV

272 1342 460 1385 attribuit
491 1342 627 1381 Dousa
655 1341 770 1382 filius
810 1340 952 1391 quibus
990 1339 1122 1379 uerbis
1160 1339 1267 1378 idem
1305 1339 1372 1378 ille
1411 1337 1644 1378 Gallonium
1683 1339 1824 1388 carpat

272 1404 489 1455 gurgitem:
540 1403 748 1452 comparat
798 1400 877 1440 Cic.
911 1413 983 1451 pro
1029 1398 1184 1446 Quinct.
1220 1400 1275 1438 94
1328 1396 1413 1449 ‘qui
1460 1399 1600 1438 relicta
1644 1399 1823 1437 uirorum

271 1464 466 1503 bonorum
498 1462 712 1512 disciplina
737 1463 777 1500 et
803 1462 1014 1511 quaestum
1046 1462 1086 1498 01
1117 1461 1322 1510 sumptum
1354 1458 1517 1498 Galloni
1548 1458 1660 1509 sequi
1692 1458 1820 1497 malu-

272 1519 416 1563 erunt'.
478 1522 633 1561 Reuera
681 1521 873 1560 librorum
915 1519 1077 1559 I—VH
1127 1519 1247 1559 fuisse
1298 1531 1458 1559 uersum
1507 1517 1658 1558 euincit
1700 1518 1821 1557 series

273 1583 544 1633 exemplorum
577 1594 657 1632 qua
689 1581 926 1621 ordinantur
957 1579 1064 1631 apud
1097 1578 1281 1619 Gellium.

397 1637 538 1684 1289.
569 1642 717 1681 Ρ3111113
743 1654 790 1680 ex
814 1641 933 1681 Festo
958 1653 996 1691 p.
1019 1640 1117 1689 283,
1145 1641 1168 1678 2
1199 1636 1328 1678 ‘Raua
1353 1651 1442 1687 uox,
1467 1650 1590 1677 rauca
1615 1639 1656 1678 et
1679 1650 1822 1689 pamm

273 1702 446 1754 liquida,
483 1702 662 1753 proxime
704 1714 847 1741 canum
884 1700 1078 1740 latratum
1115 1712 1279 1749 sonans,
1310 1698 1414 1738 unde
1447 1699 1568 1737 etiam
1600 1697 1822 1737 causidicus

274 1762 512 1815 pugnaciter
535 1763 706 1813 loquens
731 1757 900 1801 rabula’.
956 1760 1098 1800 Festus
1129 1773 1167 1811 p.
1190 1760 1289 1809 282,
1317 1760 1370 1798 14
1406 1756 1430 1797 (.
1452 1789 1460 1797 .
1484 1790 1490 1797 .
1518 1771 1656 1798 11000111
1681 1781 1723 1783 —‡
1751 1781 1823 1784 --—

272 1836 417 1874 parum
441 1845 583 1848 ”fist-w
609 1825 744 1861 antem
786 1845 801 1847 w
825 1844 827 1846 ·
859 1844 879 1846 >-
897 1844 912 1846 -
938 1821 1085 1871 loquen
1114 1843 1133 1845 ν’
1177 1843 1184 1845 ·>
1235 1842 1251 1845 α
1279 1819 1479 1874 Lucilium
1555 1841 1558 1843 v
1666 1820 1685 1857 t
1706 1814 1821 1856 raui'.

274 1883 450 1923 Verbum
489 1884 710 1922 extremum
741 1881 887 1920 Lucilii
929 1881 1050 1920 fuisse
1082 1881 1393 1919 consentaneum
1425 1881 1485 1918 est
1516 1879 1587 1929 qui
1618 1879 1824 1929 scripserit

273 1944 402 1985 ueluti
429 1940 665 1982 ‘clamarent
689 1938 792 1981 raui’
820 1942 880 1980 ita
905 1942 951 1980 ut
974 1940 1302 1991 semiquinariam
1322 1939 1506 1978 attulerit
1524 1939 1821 1991 grammaticus.

273 2015 398 2043 raaas
424 2005 464 2042 et
488 2003 657 2042 ramulus
680 2004 787 2042 recte
806 2002 902 2053 poni
924 2014 950 2040 a
970 2000 1164 2052 producta
1184 1999 1292 2051 apud
1310 1999 1586 2050 Apollinarem
1614 1998 1822 2037 Sidonium

273 2064 365 2103 inde
390 2063 646 2103 manifestum
667 2064 738 2115 est,
764 2061 870 2113 quod
895 2073 1022 2100 ranas
1041 2059 1285 2100 adiectiuum
1305 2059 1411 2110 quod
1431 2058 1632 2111 significat
1651 2059 1822 2098 colorem

275 2126 315 2163 et
344 2122 539 2175 producta
569 2136 594 2162 a
627 2123 792 2174 ponitur
823 2121 931 2172 apud
955 2121 1168 2160 Horatium
1201 2133 1280 2159 non
1306 2119 1470 2158 dubium
1502 2121 1562 2159 est
1594 2120 1690 2169 quin
1716 2116 1822 2157 idem

275 2185 328 2224 sit
364 2183 548 2223 uerbum:
586 2195 679 2221 nam
717 2180 837 2232 φαιός
874 2181 1061 2220 similiter
1099 2179 1205 2231 apud
1244 2178 1414 2219 Graecos
1455 2182 1672 2230 usurpatur
1704 2181 1744 2217 01
1775 2178 1822 2216 (10

275 2245 406 2284 colore
444 2245 484 2281 et
522 2242 569 2282 de
606 2254 705 2282 uoce
743 2242 871 2280 ueluti
917 2240 1021 2279 Sext.
1048 2241 1163 2311 Emp.
1192 2239 1280 2279 adu.
1309 2253 1406 2279 mus.
1435 2241 1487 2278 41
1523 2253 1560 2290 p
1586 2239 1688 2288 756,
1717 2239 1768 2277 21
1789 2238 1822 2277 Β

275 2301 341 2343 καὶ
372 2301 421 2343 οὐ
446 2300 560 2350 ξένον
591 2301 627 2341 εἰ
657 2301 786 2353 ὥσπερ
818 2299 944 2351 φαιάν
968 2315 1056 2339 τινα
1081 2315 1147 2338 και
1180 2298 1368 2351 μέλαιναν
1400 2297 1467 2338 καὶ
1497 2297 1644 2349 λευκὴν
1676 2296 1821 2349 φωνὴν

275 2361 353 2403 ἀπὸ
386 2367 464 2402 τῶν
495 2361 595 2415 πρὸς
627 2360 698 2413 τὴν
730 2360 869 2413 ὅρασιν
900 2359 1108 2412 αἰσθητῶν
1138 2358 1396 2411 κεκλήκαμεν,
1428 2352 1503 2398 ὧδε
1536 2357 1602 2398 καὶ
1633 2356 1711 2397 ἀπὸ
1744 2363 1823 2397 τῶν

278 2421 376 2476 πρὸς
408 2420 480 2474 τὴν
512 2420 623 2473 ἁφὴν
654 2420 904 2474 ἐχρησάμεθά
936 2430 1013 2459 τισι
1045 2422 1298 2471 μεταφοραῖς.
1355 2418 1606 2469 Quamquam
1639 2418 1821 2457 substan-

276 2484 406 2522 tiuum
450 2484 582 2522 ramim
627 2495 651 2520 a
688 2482 871 2531 correpta
907 2480 1164 2531 pronuntiari
1201 2479 1338 2518 Plauti
1374 2491 1513 2518 uersus
1552 2477 1701 2517 Cistell.
1736 2478 1821 2516 304

277 2545 461 2591 testatur,
495 2544 630 2581 tamen
654 2543 769 2581 raaio
794 2553 866 2592 pro
894 2539 1039 2580 cretico
1065 2540 1231 2591 ponitur
1256 2538 1362 2590 apud
1390 2538 1558 2578 eundem
1583 2537 1702 2577 Poen.
1728 2538 1821 2576 778.

401 2597 542 2642 1290.
570 2601 732 2641 Seruius
759 2601 809 2640 ad
834 2599 1032 2640 Aeneidos
1057 2600 1077 2639 I
1106 2601 1189 2638 726
1219 2602 1258 2638 et
1284 2612 1329 2638 ex
1356 2612 1400 2638 eo
1427 2598 1604 2638 Isidorus
1631 2597 1727 2650 orig.
1748 2597 1822 2636 XV

280 2665 324 2712 8,
353 2665 376 2701 6
418 2665 458 2701 01
495 2662 588 2701 XIX
617 2663 670 2701 12
711 2658 1011 2712 ‘Laquearibus
1085 2660 1369 2710 Principaliter
1411 2659 1521 2698 lacus
1566 2658 1729 2707 dicitur3
1779 2659 1824 2695 ut

280 2723 454 2762 Lucilius
512 2717 735 2761 “resultant
790 2720 984 2771 aedesque
1040 2716 1290 2770 lacusque”.’
1378 2719 1607 2758 resultantes
1668 2719 1823 2756 ueteres

279 2782 467 2831 editores,
516 2781 758 2821 resultabant
800 2780 1096 2819 Lachmannus:
1147 2778 1251 2830 quod
1306 2778 1554 2828 probabilius
1599 2779 1658 2816 est
1702 2789 1822 2827 quam

280 2842 385 2892 quod
424 2841 689 2880 Baehrensius
726 2840 1014 2890 transpositum
1053 2840 1189 2888 posuit
1228 2836 1437 2888 ‘aedesque
1479 2837 1667 2887 lacusque
1700 2837 1822 2875 resul-

280 2898 396 2940 tant’:
436 2900 543 2950 quod
581 2899 742 2950 quidem
780 2913 828 2938 ne
866 2898 1076 2949 probemus
1114 2898 1376 2937 dehortantur
1413 2892 1500 2949 (lib.
1521 2897 1541 2935 Ι
1566 2909 1602 2934 11.
1625 2897 1679 2934 37
1714 2895 1821 2933 XXX

281 2975 318 3000 u.
347 2961 459 3000 1033
493 2960 630 2998 incert.
656 2972 691 2997 u.
722 2953 856 3011 1229)
891 2955 1137 3007 ‘mensesque
1169 2953 1348 3007 diesque'
1387 2953 1659 3006 ‘maculasque
1691 2957 1822 2993 notas-
