2060 3444
861 298 929 335 VII
954 311 989 334 u.
1018 301 1218 334 272-273,
1751 296 1836 338 103

283 416 416 455 aetate
448 414 624 454 nondum
654 413 922 464 usurpabatur
946 413 988 451 in
1015 413 1160 452 litteris
1187 411 1356 451 Latinis
1407 411 1581 451 Directis
1607 410 1836 451 nominibus

283 475 548 526 prostituerat
571 474 750 514 Lucilius
782 487 861 513 non
887 474 1016 514 solum
1042 478 1186 524 pueros
1213 472 1280 512 sed
1306 472 1428 511 etiam
1455 472 1682 511 meretrices
1708 471 1835 510 ueluti

284 534 421 587 collyr
422 547 487 575 am
534 529 628 589 (lib.
654 534 749 573 XVI
780 548 817 572 ιι.
853 528 958 588 517)
1010 533 1253 584 Hymnidem
1304 527 1462 577 (incert.
1495 545 1532 570 ιι.
1569 532 1682 571 1115
1717 526 1834 585 alibi)

283 594 492 635 Cretaeam
518 590 574 650 (u.
604 589 722 649 925).

402 650 514 696 273.
547 655 694 695 Donat.
721 655 771 694 ad
799 655 885 694 Ter.
915 654 1035 694 Andr
1056 653 1093 691 V
1118 654 1237 703 6,12
1268 649 1391 691 ‘Tuus
1419 654 1478 692 est
1504 665 1609 692 nunc
1637 651 1832 692 Chremes.

280 716 458 757 Lucilius
490 717 532 755 in
565 712 906 768 εορῒ11110,“1111110
936 716 1099 766 praetor
1129 716 1222 753 tuus
1255 715 1316 752 est
1346 707 1432 765 (om
1460 708 1513 766 T)
1546 725 1656 752 meus
1689 714 1724 752 si
1755 712 1833 753 dis-

259 760 443 816 ⁴cesserit
478 777 604 816 horno
639 773 834 826 ycoztili''.'
900 774 1006 815 Oonf
1033 773 1080 814 de
1119 773 1194 813 hoc
1231 773 1319 813 loco
1351 773 1547 812 Dziatzko
1580 773 1679 812 Mus.
1707 773 1831 812 Rhen.

281 837 455 876 XXXIII
484 839 598 877 1878
630 851 668 888 p.
699 838 779 876 111
815 836 925 875 XXX
954 836 1067 874 1875
1101 848 1139 885 p.
1169 835 1265 873 141.
1340 833 1560 873 Decesserit
1604 833 1830 873 Muellerus.

279 897 402 937 Recte
433 897 668 938 Franciscus
700 897 838 937 Dousa
867 897 910 935 in
943 894 1117 934 editione
1150 894 1201 934 ad
1232 894 1338 933 hunc
1369 894 1500 934 locum
1531 893 1691 933 rettulit
1729 906 1831 944 quae

277 957 398 1009 Apul.
432 959 535 1009 apol.
569 970 653 1008 cap.
684 958 738 996 10
782 957 831 997 (10
875 955 1019 996 Gentio
1070 958 1111 995 et
1152 954 1369 994 Macedone
1419 954 1553 1004 pueris
1605 966 1629 993 a
1675 954 1830 994 Lucilio

277 1019 319 1056 in
353 1019 527 1059 carmine
559 1030 630 1058 suo
662 1018 890 1068 prostitutis
922 1016 1102 1055 tradidit.
1155 1015 1286 1062 Quare
1316 1028 1406 1054 cum
1431 1014 1660 1054 Macedonis
1686 1027 1830 1054 nomen

276 1078 379 1117 illud
410 1079 640 1118 inueniatur
671 1078 739 1116 lib.
765 1077 845 1116 VII
869 1090 908 1116 u.
937 1077 1036 1126 275,
1072 1075 1248 1116 eiusdem
1280 1075 1375 1114 libri
1399 1074 1479 1113 VII
1516 1075 1592 1114 hoc
1629 1076 1829 1126 fragmen-

275 1139 363 1178 tum
407 1139 529 1179 fuisse
559 1133 621 1178 “de
661 1137 804 1177 Gentio
848 1137 1030 1177 indicant
1074 1138 1233 1176 litterae
1275 1136 1411 1185 aemili
1447 1135 1490 1174 in
1527 1135 1679 1175 Donati
1717 1135 1829 1176 codd.

276 1198 425 1239 Pueros
444 1200 543 1240 istos
563 1199 710 1239 Lucilii
729 1199 855 1250 ipsius
875 1199 996 1238 fuisse
1021 1197 1194 1237 amasios
1222 1208 1467 1247 quamquam
1487 1195 1682 1246 Apuleius
1702 1197 1727 1235 l.
1749 1209 1777 1236 s.
1799 1209 1828 1236 s.

274 1271 356 1300 non
386 1260 514 1299 tradit
545 1262 679 1299 tamen
712 1259 932 1298 uerisimile
965 1259 1025 1297 est
1056 1259 1221 1308 propter
1253 1270 1299 1296 ea
1333 1269 1434 1307 quae
1473 1255 1581 1307 apud
1612 1256 1827 1307 Apuleium

275 1319 324 1359 de
349 1319 497 1359 Lesbia
521 1320 640 1359 Delia
664 1320 810 1359 Hostia
842 1321 883 1358 et
914 1319 961 1358 de
988 1318 1106 1358 Alexi
1134 1319 1368 1358 narrantur:
1401 1317 1508 1367 quod
1533 1317 1655 1356 etiam
1681 1317 1828 1356 Lucilii

273 1380 453 1420 uersibus
486 1380 724 1431 probatur.
748 1380 909 1419 Etenim
941 1380 1111 1430 apparet
1140 1379 1203 1417 his
1231 1376 1415 1417 ‘uersibus
1446 1379 1673 1428 praetorem
1706 1390 1827 1428 quen-

274 1440 366 1480 dam
404 1441 446 1479 in
484 1440 734 1492 prouinciam
764 1439 910 1479 Lucilii
949 1440 1158 1479 adduxisse
1196 1451 1365 1489 puerum
1403 1437 1521 1477 sicuti
1559 1440 1722 1488 praetor
1758 1439 1826 1477 ille

273 1500 381 1552 apud
430 1500 685 1552 Propertium
715 1501 757 1540 H
791 1501 919 1550 16,1
934 1495 967 1554 1)
999 1500 1019 1539 I
1053 1501 1078 1538 8
1129 1500 1172 1538 111
1227 1498 1436 1567 Illyricum
1492 1498 1683 1538 ducturus
1740 1500 1827 1538 erat

275 1559 507 1612 cynthiam,
558 1561 660 1600 alius
713 1560 970 1612 Cytheridem
1019 1560 1134 1599 duxit
1183 1572 1315 1599 secum
1367 1560 1410 1597 in
1461 1557 1635 1598 Galliam
1686 1553 1824 1612 (Verg

273 1621 394 1673 eclog.
422 1622 458 1660 X
484 1623 539 1660 47
555 1616 702 1676 seqqq)
748 1620 848 1661 Cato
888 1620 996 1671 apud
1032 1620 1195 1659 Liuium
1220 1618 1388 1658 XXXIX
1416 1619 1491 1668 42,
1519 1619 1543 1657 8
1587 1620 1727 1659 auctor
1765 1621 1826 1659 est

274 1694 298 1720 a
335 1681 380 1720 L.
401 1681 588 1727 Quinctio
631 1681 859 1720 Flaminino
905 1678 1154 1732 ‘Philippum
1198 1679 1376 1719 Poenum
1421 1691 1557 1719 carum
1601 1692 1647 1718 ac
1690 1679 1824 1729 nobile

273 1743 448 1781 scortum
481 1742 530 1781 ab
556 1741 684 1781 Roma
715 1742 756 1780 in
783 1740 959 1780 Galliam
990 1740 1241 1792 prouinciam
1272 1751 1342 1790 spe
1373 1739 1598 1790 ingentium
1628 1739 1823 1779 donorum

271 1799 536 1852 perductum’.
586 1801 665 1842 Hic
689 1801 902 1853 Philippus
934 1814 1023 1840 cum
1048 1801 1204 1840 Poenus
1230 1800 1365 1849 fuerit,
1395 1799 1561 1839 Macedo
1591 1801 1630 1839 et
1656 1798 1822 1840 Gentius

272 1863 383 1902 ouius
427 1863 602 1901 nationis
647 1862 798 1901 fuerint
841 1863 1006 1901 nomina
1049 1861 1255 1900 declarant
1297 1860 1397 1911 ipsa.
1468 1858 1635 1900 Gentius
1672 1859 1823 1905 Τετίων

273 1919 445 1970 Γένθιος
476 1935 620 1962 nomen
645 1921 800 1973 Illyrici
817 1923 936 1974 ‘regis
970 1921 1182 1962 clarissimi
1208 1920 1349 1972 Illyria
1381 1922 1515 1960 ortum
1546 1933 1628 1960 esse
1654 1931 1821 1972 puerum

271 1981 416 2032 prodit.
483 1983 627 2033 Itaque
670 1981 837 2022 Gentius
881 1983 953 2022 1110
996 1983 1176 2033 tempore
1220 1981 1328 2032 quod
1371 1982 1527 2032 spectat
1569 1980 1635 2020 1110
1674 1981 1821 2022 Lucilii

271 2055 426 2093 uersus,
470 2055 570 2094 puer
613 2055 693 2082 non
735 2043 884 2083 Lucilii
927 2042 996 2082 sed
1040 2043 1239 2082 alicuius
1254 2043 1342 2081 erat
1384 2042 1600 2092 praetoris,
1644 2042 1820 2082 eiusdem

271 2103 455 2154 Caprarii
486 2104 629 2154 opinor
660 2116 777 2154 quem
809 2105 856 2142 ut
865 2089 1138 2155 designatum
1177 2102 1304 2141 laedit
1340 2103 1461 2153 poeta
1497 2101 1566 2141 lib.
1592 2101 1628 2138 V
1655 2116 1692 2140 u
1722 2104 1818 2142 210.

269 2162 511 2203 Vocatiuum
561 2176 679 2214 quem
722 2165 887 2214 propter
929 2165 1023 2203 tuus
1074 2163 1274 2214 expectes,
1322 2164 1365 2202 in
1410 2165 1573 2211 poMaetov
1621 2163 1818 2203 uocabulo

270 2224 563 2275 agnoscendum
595 2236 678 2263 esse
711 2224 893 2264 arbitror.
959 2223 1168 2263 Sententia
1199 2224 1324 2275 igitur
1355 2223 1453 2262 haec
1485 2222 1646 2262 uidetur
1670 2222 1818 2263 fuisse:

270 2283 414 2323 irridet
437 2283 616 2324 Lucilius
648 2285 873 2335 praetorem
905 2284 969 2324 0111
999 2284 1128 2323 iratus
1154 2285 1215 2323 est
1247 2283 1353 2334 quod
1385 2296 1556 2335 puerum
1586 2284 1629 2322 in
1655 2285 1817 2334 prouin-

270 2344 374 2383 ciam
405 2344 572 2383 abduxit
599 2346 728 2395 pretio
756 2344 1012 2385 conductum:
1047 2341 1206 2394 ‘Nunc’,
1237 2344 1383 2394 inquit,
1418 2340 1606 2394 ‘praetor‚
1638 2346 1743 2397 tuus,
1758 2346 1818 2383 est

270 2403 459 2443 Gentius:
493 2406 535 2444 at
559 2417 669 2444 meus
696 2406 785 2455 erit,
817 2406 853 2445 si
877 2405 951 2444 hoc
977 2417 1081 2444 anno
1107 2404 1335 2444 discesserit
1360 2417 1381 2442 e
1406 2404 1634 2454 prouincia:
1667 2405 1816 2455 quippe

271 2465 424 2503 certum
456 2466 542 2504 erat
572 2465 646 2504 11οο
678 2477 783 2505 anno
816 2466 1032 2506 successori
1063 2466 1289 2516 praetorem
1320 2476 1523 2504 cessurum
1554 2476 1647 2503 esse.
1709 2465 1815 2503 Nam

269 2524 420 2563 Romae
452 2537 524 2577 ego
556 2526 622 2565 uel
654 2525 768 2565 donis
800 2526 867 2565 uel
898 2526 1032 2578 gratia
1062 2525 1191 2564 denuo
1223 2537 1391 2576 puerum
1422 2524 1528 2563 hunc
1559 2537 1646 2564 meo
1673 2524 1815 2566 ducam

268 2584 446 2623 arbitrio.
510 2584 760 2625 Sententiam
790 2587 896 2626 recte
927 2586 1179 2638 interpungit
1210 2586 1498 2636 semiquinaria
1529 2597 1703 2624 caesura.
1754 2585 1814 2624 De

268 2644 468 2684 locutione
500 2647 591 2685 tuus
623 2648 677 2685 est
707 2647 803 2686 conf
831 2646 1035 2699 Spengelii
1073 2646 1280 2685 adnotatio
1319 2645 1372 2684 ad
1402 2645 1526 2684 Andr.
1553 2645 1578 2683 1.
1606 2657 1634 2684 s.
1662 2657 1690 2684 s.
1754 2645 1814 2684 De

267 2703 466 2744 discedere
517 2705 612 2745 conf
655 2705 734 2746 Cic.
760 2706 936 2757 Philipp.
963 2706 1064 2746 Vm
1092 2707 1135 2756 7,
1170 2708 1219 2745 21
1271 2703 1401 2745 ‘illum
1451 2705 1499 2744 de
1550 2704 1683 2744 Gallia
1733 2718 1813 2744 non

267 2761 508 2804 discessisse'
542 2765 675 2805 Plaut.
702 2765 812 2805 Asin.
842 2767 923 2805 251
962 2764 1098 2817 ‘quom
1130 2766 1292 2805 discesti
1324 2766 1373 2805 ab
1413 2778 1479 2805 ero
1519 2767 1638 2815 atque
1676 2765 1811 2804 abiisti

269 2823 319 2862 ad
338 2822 499 2863 sorum'.
531 2825 656 2864 horno
677 2826 772 2865 conf
787 2826 914 2866 Lucil.
934 2826 1001 2866 lib.
1022 2826 1197 2865 XXVIII
1215 2840 1252 2864 u.
1277 2827 1356 2865 781
1381 2826 1511 2865 Plaut.
1532 2825 1703 2864 Mostell.
1726 2826 1809 2865 159

365 2975 399 3020 1)
426 2973 597 3010 ‘Praetor
622 2975 670 3011 ab
695 2975 856 3021 Illyricis
882 2976 988 3012 uenit
1013 2977 1124 3012 modo
1152 2975 1197 3022 C)
1193 2975 1314 3011 nthia
1339 2976 1449 3012 terris
1475 2975 1640 3011 maxima
1667 2977 1811 3022 praeda,

267 3021 340 3058 tibi
365 3022 530 3059 maxima
557 3034 646 3059 cura
671 3023 794 3068 1111111’,
820 3024 886 3060 ubi
912 3024 1068 3061 'licidae
1093 3024 1321 3060 uersiculum
1347 3024 1462 3070 (Suet.
1491 3024 1537 3060 de
1565 3035 1721 3070 gramm.
1752 3026 1810 3070 11>

266 3070 438 3107 imitatus
465 3072 524 3107 est
547 3073 661 3117 poeta
689 3052 825 3118 ‘Lydia
850 3073 1046 3109 doctorum
1071 3072 1235 3109 maxima
1262 3083 1350 3108 cura
1375 3072 1499 3108 liber’.
