<?xml version="1.0" encoding="UTF-8"?>
<!DOCTYPE html PUBLIC "-//W3C//DTD XHTML 1.0 Transitional//EN"
    "http://www.w3.org/TR/xhtml1/DTD/xhtml1-transitional.dtd">
<html xmlns="http://www.w3.org/1999/xhtml" xml:lang="en" lang="en">
 <head>
  <title>
</title>
<meta http-equiv="Content-Type" content="text/html;charset=utf-8" />
  <meta name='ocr-system' content='tesseract 3.04.00' />
  <meta name='ocr-capabilities' content='ocr_page ocr_carea ocr_par ocr_line ocrx_word'/>
</head>
<body>
  <div class='ocr_page' id='page_1' title='image "./carminumreliquia02luciuoft_0447.png"; bbox 0 0 2060 3444; ppageno 0'>
   <div class='ocr_carea' id='block_1_1' title="bbox 81 1142 120 1184">
    <p class='ocr_par' dir='ltr' id='par_1_1' title="bbox 81 1142 120 1184">
     <span class='ocr_line' id='line_1_1' title="bbox 81 1142 120 1184; textangle 90"><span class='ocrx_word' id='word_1_1' title='bbox 81 1142 120 1184; x_wconf 49' lang='grc' dir='ltr'>ν)</span> 
     </span>
    </p>
   </div>
   <div class='ocr_carea' id='block_1_2' title="bbox 810 270 1794 314">
    <p class='ocr_par' dir='ltr' id='par_1_2' title="bbox 810 270 1794 314">
     <span class='ocr_line' id='line_1_2' title="bbox 810 270 1794 314; baseline 0.003 -8"><span class='ocrx_word' id='word_1_2' title='bbox 810 270 941 307; x_wconf 81' lang='lat' dir='ltr'>ineert.</span> <span class='ocrx_word' id='word_1_3' title='bbox 969 270 1051 314; x_wconf 38' lang='lat' dir='ltr'>sed,</span> <span class='ocrx_word' id='word_1_4' title='bbox 1072 283 1108 306; x_wconf 83' lang='lat' dir='ltr'>u.</span> <span class='ocrx_word' id='word_1_5' title='bbox 1138 274 1228 306; x_wconf 80' lang='lat'>1304</span> <span class='ocrx_word' id='word_1_6' title='bbox 1241 274 1384 306; x_wconf 53' lang='lat'><strong>„1302</strong></span> <span class='ocrx_word' id='word_1_7' title='bbox 1706 270 1794 312; x_wconf 84' lang='lat'>415</span> 
     </span>
    </p>
   </div>
   <div class='ocr_carea' id='block_1_3' title="bbox 242 381 1794 916">
    <p class='ocr_par' dir='ltr' id='par_1_3' title="bbox 244 381 1794 485">
     <span class='ocr_line' id='line_1_3' title="bbox 244 381 1794 436; baseline 0 -13"><span class='ocrx_word' id='word_1_8' title='bbox 244 385 430 436; x_wconf 80' lang='lat' dir='ltr'>suppleas</span> <span class='ocrx_word' id='word_1_9' title='bbox 463 384 589 424; x_wconf 90' lang='lat' dir='ltr'>ueluti</span> <span class='ocrx_word' id='word_1_10' title='bbox 617 381 728 424; x_wconf 79' lang='lat' dir='ltr'>‘licet</span> <span class='ocrx_word' id='word_1_11' title='bbox 754 384 980 424; x_wconf 74' lang='lat' dir='ltr'>coracinum</span> <span class='ocrx_word' id='word_1_12' title='bbox 1007 397 1162 425; x_wconf 91' lang='lat' dir='ltr'>sumere</span> <span class='ocrx_word' id='word_1_13' title='bbox 1187 386 1227 423; x_wconf 90' lang='lat' dir='ltr'>te</span> <span class='ocrx_word' id='word_1_14' title='bbox 1254 386 1374 435; x_wconf 88' lang='lat' dir='ltr'>atque</span> <span class='ocrx_word' id='word_1_15' title='bbox 1404 384 1539 425; x_wconf 87' lang='lat' dir='ltr'>amian</span> <span class='ocrx_word' id='word_1_16' title='bbox 1564 384 1794 424; x_wconf 76' lang='lat' dir='ltr'><strong>stomachus</strong></span> 
     </span>
     <span class='ocr_line' id='line_1_4' title="bbox 245 441 475 485; baseline -0.004 -1"><span class='ocrx_word' id='word_1_17' title='bbox 245 445 279 484; x_wconf 83' lang='lat' dir='ltr'>si</span> <span class='ocrx_word' id='word_1_18' title='bbox 311 441 475 485; x_wconf 87' lang='lat' dir='ltr'>firmus’.</span> 
     </span>
    </p>

    <p class='ocr_par' dir='ltr' id='par_1_4' title="bbox 242 498 1794 916">
     <span class='ocr_line' id='line_1_5' title="bbox 366 498 1794 556; baseline 0.001 -13"><span class='ocrx_word' id='word_1_19' title='bbox 366 498 508 545; x_wconf 80' lang='lat'>1305.</span> <span class='ocrx_word' id='word_1_20' title='bbox 547 503 684 544; x_wconf 81' lang='lat' dir='ltr'>Cicero</span> <span class='ocrx_word' id='word_1_21' title='bbox 715 517 776 556; x_wconf 88' lang='lat' dir='ltr'>ep.</span> <span class='ocrx_word' id='word_1_22' title='bbox 809 504 859 543; x_wconf 87' lang='lat' dir='ltr'>ad</span> <span class='ocrx_word' id='word_1_23' title='bbox 896 503 1080 544; x_wconf 87' lang='lat' dir='ltr'>Atticum</span> <span class='ocrx_word' id='word_1_24' title='bbox 1111 503 1209 544; x_wconf 84' lang='lat' dir='ltr'>xm</span> <span class='ocrx_word' id='word_1_25' title='bbox 1237 506 1306 554; x_wconf 98' lang='lat'>21,</span> <span class='ocrx_word' id='word_1_26' title='bbox 1334 505 1358 544; x_wconf 88' lang='grc'>3</span> <span class='ocrx_word' id='word_1_27' title='bbox 1405 501 1504 543; x_wconf 76' lang='lat' dir='ltr'>‘Nec</span> <span class='ocrx_word' id='word_1_28' title='bbox 1548 507 1608 544; x_wconf 90' lang='lat' dir='ltr'>est</span> <span class='ocrx_word' id='word_1_29' title='bbox 1652 505 1794 544; x_wconf 84' lang='lat' dir='ltr'>melius</span> 
     </span>
     <span class='ocr_line' id='line_1_6' title="bbox 244 559 1716 619; baseline 0 -16"><span class='ocrx_word' id='word_1_30' title='bbox 244 566 460 615; x_wconf 91' lang='lat' dir='ltr'>quicquam</span> <span class='ocrx_word' id='word_1_31' title='bbox 492 577 613 615; x_wconf 89' lang='lat' dir='ltr'>quam</span> <span class='ocrx_word' id='word_1_32' title='bbox 650 565 697 604; x_wconf 92' lang='lat' dir='ltr'>ut</span> <span class='ocrx_word' id='word_1_33' title='bbox 729 565 924 604; x_wconf 69' lang='lat' dir='ltr'>Lewullus</span> <span class='ocrx_word' id='word_1_34' title='bbox 956 559 1158 619; x_wconf 77' lang='lat' dir='ltr'><strong><em>(Lucilius</em></strong></span> <span class='ocrx_word' id='word_1_35' title='bbox 1194 559 1442 619; x_wconf 86' lang='lat' dir='ltr'>Malaspina)</span> <span class='ocrx_word' id='word_1_36' title='bbox 1485 561 1793 604; x_wconf 80' lang='lat' dir='ltr'>“sustineas</span> 
     </span>
     <span class='ocr_line' id='line_1_7' title="bbox 243 621 1792 676; baseline -0.001 -12"><span class='ocrx_word' id='word_1_37' title='bbox 243 621 504 676; x_wconf 89' lang='lat' dir='ltr'>equosque”.’</span> <span class='ocrx_word' id='word_1_38' title='bbox 544 624 665 664; x_wconf 89' lang='lat' dir='ltr'>Acad.</span> <span class='ocrx_word' id='word_1_39' title='bbox 680 625 799 675; x_wconf 86' lang='lat' dir='ltr'>prior.</span> <span class='ocrx_word' id='word_1_40' title='bbox 814 623 856 663; x_wconf 92' lang='lat' dir='ltr'>II</span> <span class='ocrx_word' id='word_1_41' title='bbox 877 626 945 675; x_wconf 85' lang='lat'>29,</span> <span class='ocrx_word' id='word_1_42' title='bbox 968 626 1022 664; x_wconf 84' lang='lat'>94</span> <span class='ocrx_word' id='word_1_43' title='bbox 1045 621 1174 663; x_wconf 80' lang='lat' dir='ltr'>‘Nihil</span> <span class='ocrx_word' id='word_1_44' title='bbox 1193 637 1255 664; x_wconf 90' lang='lat' dir='ltr'>me</span> <span class='ocrx_word' id='word_1_45' title='bbox 1276 624 1412 675; x_wconf 90' lang='lat' dir='ltr'>laedit,</span> <span class='ocrx_word' id='word_1_46' title='bbox 1431 624 1575 675; x_wconf 89' lang='lat' dir='ltr'>inquit,</span> <span class='ocrx_word' id='word_1_47' title='bbox 1596 637 1669 676; x_wconf 87' lang='lat' dir='ltr'>ego</span> <span class='ocrx_word' id='word_1_48' title='bbox 1689 624 1792 663; x_wconf 86' lang='lat' dir='ltr'>enim</span> 
     </span>
     <span class='ocr_line' id='line_1_8' title="bbox 242 684 1794 737; baseline -0.001 -13"><span class='ocrx_word' id='word_1_49' title='bbox 242 688 288 724; x_wconf 88' lang='lat' dir='ltr'>ut</span> <span class='ocrx_word' id='word_1_50' title='bbox 313 685 490 737; x_wconf 74' lang='lat' dir='ltr'><strong>agitator</strong></span> <span class='ocrx_word' id='word_1_51' title='bbox 520 685 689 725; x_wconf 87' lang='lat' dir='ltr'>callidus</span> <span class='ocrx_word' id='word_1_52' title='bbox 721 685 831 736; x_wconf 86' lang='lat' dir='ltr'>prius</span> <span class='ocrx_word' id='word_1_53' title='bbox 857 697 978 736; x_wconf 90' lang='lat' dir='ltr'>quam</span> <span class='ocrx_word' id='word_1_54' title='bbox 1005 684 1055 724; x_wconf 88' lang='lat' dir='ltr'>ad</span> <span class='ocrx_word' id='word_1_55' title='bbox 1081 684 1201 723; x_wconf 88' lang='lat' dir='ltr'>finem</span> <span class='ocrx_word' id='word_1_56' title='bbox 1227 686 1400 735; x_wconf 89' lang='lat' dir='ltr'>ueniam,</span> <span class='ocrx_word' id='word_1_57' title='bbox 1426 697 1548 736; x_wconf 87' lang='lat' dir='ltr'>equos</span> <span class='ocrx_word' id='word_1_58' title='bbox 1577 684 1794 734; x_wconf 82' lang='lat' dir='ltr'><strong>sustinebo,</strong></span> 
     </span>
     <span class='ocr_line' id='line_1_9' title="bbox 243 742 1794 797; baseline 0 -14"><span class='ocrx_word' id='word_1_59' title='bbox 243 757 369 796; x_wconf 89' lang='lat' dir='ltr'>eoque</span> <span class='ocrx_word' id='word_1_60' title='bbox 400 746 541 797; x_wconf 87' lang='lat' dir='ltr'>magis,</span> <span class='ocrx_word' id='word_1_61' title='bbox 573 746 607 784; x_wconf 92' lang='lat' dir='ltr'>si</span> <span class='ocrx_word' id='word_1_62' title='bbox 637 745 748 784; x_wconf 89' lang='lat' dir='ltr'>locus</span> <span class='ocrx_word' id='word_1_63' title='bbox 778 745 825 796; x_wconf 89' lang='lat' dir='ltr'>is,</span> <span class='ocrx_word' id='word_1_64' title='bbox 856 758 935 796; x_wconf 90' lang='lat' dir='ltr'>quo</span> <span class='ocrx_word' id='word_1_65' title='bbox 967 746 1147 785; x_wconf 89' lang='lat' dir='ltr'>ferentur</span> <span class='ocrx_word' id='word_1_66' title='bbox 1178 747 1283 795; x_wconf 88' lang='lat' dir='ltr'>equi,</span> <span class='ocrx_word' id='word_1_67' title='bbox 1308 757 1497 796; x_wconf 89' lang='lat' dir='ltr'>praeceps</span> <span class='ocrx_word' id='word_1_68' title='bbox 1524 742 1628 784; x_wconf 85' lang='lat' dir='ltr'>erit&#39;.</span> <span class='ocrx_word' id='word_1_69' title='bbox 1684 744 1794 784; x_wconf 85' lang='lat' dir='ltr'>Lael.</span> 
     </span>
     <span class='ocr_line' id='line_1_10' title="bbox 245 802 1794 858; baseline -0.001 -14"><span class='ocrx_word' id='word_1_70' title='bbox 245 807 319 856; x_wconf 91' lang='lat'>17,</span> <span class='ocrx_word' id='word_1_71' title='bbox 345 805 399 844; x_wconf 87' lang='grc'>63</span> <span class='ocrx_word' id='word_1_72' title='bbox 441 802 530 844; x_wconf 87' lang='lat' dir='ltr'>‘Est</span> <span class='ocrx_word' id='word_1_73' title='bbox 572 806 700 858; x_wconf 88' lang='lat' dir='ltr'>igitur</span> <span class='ocrx_word' id='word_1_74' title='bbox 734 805 945 856; x_wconf 84' lang='lat' dir='ltr'>prudentis</span> <span class='ocrx_word' id='word_1_75' title='bbox 983 805 1179 845; x_wconf 89' lang='lat' dir='ltr'>sustinere</span> <span class='ocrx_word' id='word_1_76' title='bbox 1216 807 1262 844; x_wconf 91' lang='lat' dir='ltr'>ut</span> <span class='ocrx_word' id='word_1_77' title='bbox 1302 818 1481 855; x_wconf 90' lang='lat' dir='ltr'>cursum,</span> <span class='ocrx_word' id='word_1_78' title='bbox 1512 806 1569 845; x_wconf 88' lang='lat' dir='ltr'>sic</span> <span class='ocrx_word' id='word_1_79' title='bbox 1599 806 1794 856; x_wconf 89' lang='lat' dir='ltr'>impetum</span> 
     </span>
     <span class='ocr_line' id='line_1_11' title="bbox 243 864 1794 916; baseline -0.001 -11"><span class='ocrx_word' id='word_1_80' title='bbox 243 864 550 915; x_wconf 89' lang='lat' dir='ltr'>beniuolentiae,</span> <span class='ocrx_word' id='word_1_81' title='bbox 577 878 654 916; x_wconf 91' lang='lat' dir='ltr'>quo</span> <span class='ocrx_word' id='word_1_82' title='bbox 680 867 845 905; x_wconf 86' lang='lat' dir='ltr'>utamur</span> <span class='ocrx_word' id='word_1_83' title='bbox 869 866 985 916; x_wconf 83' lang='lat' dir='ltr'><strong>quasi</strong></span> <span class='ocrx_word' id='word_1_84' title='bbox 1011 867 1125 916; x_wconf 90' lang='lat' dir='ltr'>equis</span> <span class='ocrx_word' id='word_1_85' title='bbox 1157 867 1385 916; x_wconf 85' lang='lat' dir='ltr'>temptatis,</span> <span class='ocrx_word' id='word_1_86' title='bbox 1418 865 1474 905; x_wconf 91' lang='lat' dir='ltr'>sic</span> <span class='ocrx_word' id='word_1_87' title='bbox 1506 865 1715 915; x_wconf 82' lang='lat' dir='ltr'>amicitiis,</span> <span class='ocrx_word' id='word_1_88' title='bbox 1748 879 1794 904; x_wconf 82' lang='lat' dir='ltr'>ex</span> 
     </span>
    </p>
   </div>
   <div class='ocr_carea' id='block_1_4' title="bbox 216 923 1794 977">
    <p class='ocr_par' dir='ltr' id='par_1_5' title="bbox 216 923 1794 977">
     <span class='ocr_line' id='line_1_12' title="bbox 216 923 1794 977; baseline -0.001 -12"><span class='ocrx_word' id='word_1_89' title='bbox 216 941 218 943; x_wconf 66' lang='grc'>’</span> <span class='ocrx_word' id='word_1_90' title='bbox 243 925 382 976; x_wconf 85' lang='lat' dir='ltr'>aliqua</span> <span class='ocrx_word' id='word_1_91' title='bbox 412 928 527 976; x_wconf 89' lang='lat' dir='ltr'>parte</span> <span class='ocrx_word' id='word_1_92' title='bbox 559 926 798 977; x_wconf 85' lang='lat' dir='ltr'>periclitatis</span> <span class='ocrx_word' id='word_1_93' title='bbox 828 926 1006 965; x_wconf 88' lang='lat' dir='ltr'>moribus</span> <span class='ocrx_word' id='word_1_94' title='bbox 1044 923 1291 965; x_wconf 89' lang='lat' dir='ltr'>amicorum&#39;.</span> <span class='ocrx_word' id='word_1_95' title='bbox 1354 927 1551 965; x_wconf 86' lang='lat' dir='ltr'>sustinere</span> <span class='ocrx_word' id='word_1_96' title='bbox 1590 928 1650 965; x_wconf 90' lang='lat' dir='ltr'>est</span> <span class='ocrx_word' id='word_1_97' title='bbox 1688 925 1794 976; x_wconf 89' lang='lat' dir='ltr'>quod</span> 
     </span>
    </p>
   </div>
   <div class='ocr_carea' id='block_1_5' title="bbox 241 985 1794 3076">
    <p class='ocr_par' dir='ltr' id='par_1_6' title="bbox 244 985 1055 1040">
     <span class='ocr_line' id='line_1_13' title="bbox 244 985 1055 1040; baseline 0.002 -16"><span class='ocrx_word' id='word_1_98' title='bbox 244 997 307 1037; x_wconf 89' lang='lat' dir='ltr'>ap.</span> <span class='ocrx_word' id='word_1_99' title='bbox 333 985 450 1025; x_wconf 91' lang='lat' dir='ltr'>Hom.</span> <span class='ocrx_word' id='word_1_100' title='bbox 483 987 530 1025; x_wconf 82' lang='grc' dir='ltr'>Ψ</span> <span class='ocrx_word' id='word_1_101' title='bbox 551 987 634 1025; x_wconf 88' lang='grc'>321</span> <span class='ocrx_word' id='word_1_102' title='bbox 669 986 819 1025; x_wconf 89' lang='lat' dir='ltr'>dicitur</span> <span class='ocrx_word' id='word_1_103' title='bbox 847 986 1055 1040; x_wconf 84' lang='grc' dir='ltr'><strong><em>κατίσχειν.</em></strong></span> 
     </span>
    </p>

    <p class='ocr_par' dir='ltr' id='par_1_7' title="bbox 241 1040 1794 1578">
     <span class='ocr_line' id='line_1_14' title="bbox 366 1040 1794 1099; baseline 0.001 -15"><span class='ocrx_word' id='word_1_104' title='bbox 366 1040 508 1086; x_wconf 81' lang='grc'>1306.</span> <span class='ocrx_word' id='word_1_105' title='bbox 553 1046 707 1086; x_wconf 88' lang='lat' dir='ltr'>Nonius</span> <span class='ocrx_word' id='word_1_106' title='bbox 752 1060 798 1086; x_wconf 82' lang='lat' dir='ltr'>ex</span> <span class='ocrx_word' id='word_1_107' title='bbox 842 1047 1106 1099; x_wconf 85' lang='lat' dir='ltr'>grammatico</span> <span class='ocrx_word' id='word_1_108' title='bbox 1149 1059 1188 1098; x_wconf 90' lang='lat' dir='ltr'>p.</span> <span class='ocrx_word' id='word_1_109' title='bbox 1217 1047 1321 1096; x_wconf 84' lang='lat'>229,</span> <span class='ocrx_word' id='word_1_110' title='bbox 1355 1048 1379 1085; x_wconf 88' lang='grc'>2</span> <span class='ocrx_word' id='word_1_111' title='bbox 1425 1043 1596 1096; x_wconf 83' lang='lat' dir='ltr'>‘Torpor</span> <span class='ocrx_word' id='word_1_112' title='bbox 1639 1047 1794 1099; x_wconf 82' lang='lat' dir='ltr'>generis</span> 
     </span>
     <span class='ocr_line' id='line_1_15' title="bbox 241 1103 1794 1156; baseline 0.001 -11"><span class='ocrx_word' id='word_1_113' title='bbox 241 1105 463 1146; x_wconf 75' lang='lat' dir='ltr'>masculini.</span> <span class='ocrx_word' id='word_1_114' title='bbox 509 1106 739 1146; x_wconf 76' lang='lat' dir='ltr'>Lueretius:</span> <span class='ocrx_word' id='word_1_115' title='bbox 765 1103 934 1146; x_wconf 83' lang='lat' dir='ltr'>“tantus</span> <span class='ocrx_word' id='word_1_116' title='bbox 961 1107 1204 1147; x_wconf 81' lang='lat' dir='ltr'>conduxerat</span> <span class='ocrx_word' id='word_1_117' title='bbox 1226 1103 1579 1156; x_wconf 84' lang='lat' dir='ltr'>omnia-torpor&#39;&#39;.’</span> <span class='ocrx_word' id='word_1_118' title='bbox 1630 1106 1794 1146; x_wconf 84' lang='lat' dir='ltr'>Lacuna</span> 
     </span>
     <span class='ocr_line' id='line_1_16' title="bbox 241 1165 1791 1218; baseline 0 -13"><span class='ocrx_word' id='word_1_119' title='bbox 241 1167 285 1205; x_wconf 89' lang='lat' dir='ltr'>in</span> <span class='ocrx_word' id='word_1_120' title='bbox 316 1166 418 1206; x_wconf 84' lang='lat' dir='ltr'>codd</span> <span class='ocrx_word' id='word_1_121' title='bbox 448 1165 625 1206; x_wconf 88' lang='lat' dir='ltr'>Lucretii</span> <span class='ocrx_word' id='word_1_122' title='bbox 655 1167 764 1206; x_wconf 88' lang='lat' dir='ltr'>facta</span> <span class='ocrx_word' id='word_1_123' title='bbox 794 1167 983 1207; x_wconf 87' lang='lat' dir='ltr'>haustum</span> <span class='ocrx_word' id='word_1_124' title='bbox 1014 1179 1098 1207; x_wconf 86' lang='lat' dir='ltr'>esse</span> <span class='ocrx_word' id='word_1_125' title='bbox 1129 1167 1234 1206; x_wconf 88' lang='lat' dir='ltr'>hunc</span> <span class='ocrx_word' id='word_1_126' title='bbox 1266 1179 1425 1206; x_wconf 89' lang='lat' dir='ltr'>uersum</span> <span class='ocrx_word' id='word_1_127' title='bbox 1456 1167 1576 1206; x_wconf 91' lang='lat' dir='ltr'>multi</span> <span class='ocrx_word' id='word_1_128' title='bbox 1602 1166 1791 1218; x_wconf 85' lang='lat' dir='ltr'>suspicati</span> 
     </span>
     <span class='ocr_line' id='line_1_17' title="bbox 241 1222 1793 1282; baseline -0.001 -16"><span class='ocrx_word' id='word_1_129' title='bbox 241 1227 336 1266; x_wconf 88' lang='lat' dir='ltr'>sunt</span> <span class='ocrx_word' id='word_1_130' title='bbox 383 1226 476 1266; x_wconf 88' lang='lat' dir='ltr'>inde</span> <span class='ocrx_word' id='word_1_131' title='bbox 525 1226 575 1266; x_wconf 87' lang='lat' dir='ltr'>ab</span> <span class='ocrx_word' id='word_1_132' title='bbox 623 1226 880 1267; x_wconf 89' lang='lat' dir='ltr'>Lachmanno</span> <span class='ocrx_word' id='word_1_133' title='bbox 931 1222 1160 1282; x_wconf 88' lang='lat' dir='ltr'>(comment.</span> <span class='ocrx_word' id='word_1_134' title='bbox 1195 1228 1239 1267; x_wconf 91' lang='lat' dir='ltr'>in</span> <span class='ocrx_word' id='word_1_135' title='bbox 1282 1227 1438 1266; x_wconf 90' lang='lat' dir='ltr'>Lucret.</span> <span class='ocrx_word' id='word_1_136' title='bbox 1477 1240 1515 1278; x_wconf 87' lang='lat' dir='ltr'>p.</span> <span class='ocrx_word' id='word_1_137' title='bbox 1544 1227 1628 1267; x_wconf 85' lang='lat'>399</span> <span class='ocrx_word' id='word_1_138' title='bbox 1665 1222 1793 1280; x_wconf 59' lang='lat' dir='ltr'>extu).</span> 
     </span>
     <span class='ocr_line' id='line_1_18' title="bbox 242 1286 1792 1338; baseline 0 -13"><span class='ocrx_word' id='word_1_139' title='bbox 242 1286 392 1326; x_wconf 80' lang='lat' dir='ltr'>Tamen</span> <span class='ocrx_word' id='word_1_140' title='bbox 436 1298 526 1326; x_wconf 88' lang='lat' dir='ltr'>cum</span> <span class='ocrx_word' id='word_1_141' title='bbox 569 1289 702 1337; x_wconf 78' lang='lat' dir='ltr'>torpor</span> <span class='ocrx_word' id='word_1_142' title='bbox 744 1300 887 1327; x_wconf 90' lang='lat' dir='ltr'>nomen</span> <span class='ocrx_word' id='word_1_143' title='bbox 931 1288 1039 1338; x_wconf 87' lang='lat' dir='ltr'>apud</span> <span class='ocrx_word' id='word_1_144' title='bbox 1076 1288 1207 1327; x_wconf 90' lang='lat' dir='ltr'>solum</span> <span class='ocrx_word' id='word_1_145' title='bbox 1243 1287 1445 1326; x_wconf 89' lang='lat' dir='ltr'>Lucilium</span> <span class='ocrx_word' id='word_1_146' title='bbox 1488 1287 1719 1327; x_wconf 89' lang='lat' dir='ltr'>inueniatur</span> <span class='ocrx_word' id='word_1_147' title='bbox 1759 1289 1792 1326; x_wconf 89' lang='lat' dir='ltr'>si</span> 
     </span>
     <span class='ocr_line' id='line_1_19' title="bbox 241 1342 1793 1403; baseline 0 -17"><span class='ocrx_word' id='word_1_148' title='bbox 241 1349 394 1387; x_wconf 88' lang='lat' dir='ltr'>ueteres</span> <span class='ocrx_word' id='word_1_149' title='bbox 426 1349 579 1398; x_wconf 87' lang='lat' dir='ltr'>spectes</span> <span class='ocrx_word' id='word_1_150' title='bbox 612 1347 825 1398; x_wconf 86' lang='lat' dir='ltr'>scriptores</span> <span class='ocrx_word' id='word_1_151' title='bbox 858 1343 944 1403; x_wconf 87' lang='lat' dir='ltr'>(lib.</span> <span class='ocrx_word' id='word_1_152' title='bbox 969 1348 1006 1386; x_wconf 89' lang='lat' dir='ltr'>X</span> <span class='ocrx_word' id='word_1_153' title='bbox 1031 1362 1068 1386; x_wconf 94' lang='lat' dir='ltr'>u.</span> <span class='ocrx_word' id='word_1_154' title='bbox 1097 1342 1217 1402; x_wconf 87' lang='grc'>391),</span> <span class='ocrx_word' id='word_1_155' title='bbox 1247 1348 1349 1386; x_wconf 85' lang='lat' dir='ltr'>nihil</span> <span class='ocrx_word' id='word_1_156' title='bbox 1390 1347 1639 1398; x_wconf 83' lang='lat' dir='ltr'>probabilius</span> <span class='ocrx_word' id='word_1_157' title='bbox 1672 1360 1793 1398; x_wconf 88' lang='lat' dir='ltr'>quam</span> 
     </span>
     <span class='ocr_line' id='line_1_20' title="bbox 242 1406 1792 1459; baseline 0.001 -14"><span class='ocrx_word' id='word_1_158' title='bbox 242 1406 387 1446; x_wconf 89' lang='lat' dir='ltr'>Lucilii</span> <span class='ocrx_word' id='word_1_159' title='bbox 413 1420 556 1446; x_wconf 89' lang='lat' dir='ltr'>nomeu</span> <span class='ocrx_word' id='word_1_160' title='bbox 585 1408 857 1458; x_wconf 88' lang='lat' dir='ltr'>reponendum</span> <span class='ocrx_word' id='word_1_161' title='bbox 883 1420 965 1448; x_wconf 90' lang='lat' dir='ltr'>esse</span> <span class='ocrx_word' id='word_1_162' title='bbox 991 1408 1098 1459; x_wconf 91' lang='lat' dir='ltr'>quod</span> <span class='ocrx_word' id='word_1_163' title='bbox 1122 1410 1228 1447; x_wconf 89' lang='lat' dir='ltr'>recte</span> <span class='ocrx_word' id='word_1_164' title='bbox 1253 1408 1434 1458; x_wconf 86' lang='lat' dir='ltr'>reposuit</span> <span class='ocrx_word' id='word_1_165' title='bbox 1459 1408 1640 1447; x_wconf 82' lang='lat' dir='ltr'>Rothius.</span> <span class='ocrx_word' id='word_1_166' title='bbox 1662 1407 1792 1446; x_wconf 86' lang='lat' dir='ltr'>Plaut.</span> 
     </span>
     <span class='ocr_line' id='line_1_21' title="bbox 242 1464 1793 1520; baseline 0.001 -15"><span class='ocrx_word' id='word_1_167' title='bbox 242 1466 342 1506; x_wconf 84' lang='lat' dir='ltr'>Rud.</span> <span class='ocrx_word' id='word_1_168' title='bbox 371 1467 455 1507; x_wconf 87' lang='grc'>215</span> <span class='ocrx_word' id='word_1_169' title='bbox 490 1464 622 1519; x_wconf 78' lang='lat' dir='ltr'>‘algor</span> <span class='ocrx_word' id='word_1_170' title='bbox 658 1481 767 1508; x_wconf 88' lang='lat' dir='ltr'>error</span> <span class='ocrx_word' id='word_1_171' title='bbox 807 1480 934 1520; x_wconf 87' lang='lat' dir='ltr'>pauor</span> <span class='ocrx_word' id='word_1_172' title='bbox 965 1482 1027 1507; x_wconf 90' lang='lat' dir='ltr'>me</span> <span class='ocrx_word' id='word_1_173' title='bbox 1059 1470 1194 1507; x_wconf 88' lang='lat' dir='ltr'>omnia</span> <span class='ocrx_word' id='word_1_174' title='bbox 1226 1464 1378 1507; x_wconf 90' lang='lat' dir='ltr'>tenent&#39;</span> <span class='ocrx_word' id='word_1_175' title='bbox 1412 1468 1480 1506; x_wconf 90' lang='lat' dir='ltr'>ubi</span> <span class='ocrx_word' id='word_1_176' title='bbox 1513 1469 1648 1507; x_wconf 90' lang='lat' dir='ltr'>omnia</span> <span class='ocrx_word' id='word_1_177' title='bbox 1681 1480 1793 1507; x_wconf 87' lang='lat' dir='ltr'>accu-</span> 
     </span>
     <span class='ocr_line' id='line_1_22' title="bbox 242 1527 1122 1578; baseline 0.001 -13"><span class='ocrx_word' id='word_1_178' title='bbox 242 1527 396 1566; x_wconf 79' lang='lat' dir='ltr'>satiuus</span> <span class='ocrx_word' id='word_1_179' title='bbox 428 1530 488 1567; x_wconf 84' lang='lat' dir='ltr'>est</span> <span class='ocrx_word' id='word_1_180' title='bbox 518 1528 654 1578; x_wconf 89' lang='lat' dir='ltr'>potius</span> <span class='ocrx_word' id='word_1_181' title='bbox 687 1541 807 1578; x_wconf 85' lang='lat' dir='ltr'>quam</span> <span class='ocrx_word' id='word_1_182' title='bbox 838 1528 1122 1568; x_wconf 88' lang='lat' dir='ltr'>nominatiuus.</span> 
     </span>
    </p>

    <p class='ocr_par' dir='ltr' id='par_1_8' title="bbox 241 1581 1794 3076">
     <span class='ocr_line' id='line_1_23' title="bbox 365 1581 1792 1641; baseline 0.002 -16"><span class='ocrx_word' id='word_1_183' title='bbox 365 1581 507 1627; x_wconf 77' lang='lat'>1307.</span> <span class='ocrx_word' id='word_1_184' title='bbox 540 1587 681 1627; x_wconf 83' lang='lat' dir='ltr'>Festus</span> <span class='ocrx_word' id='word_1_185' title='bbox 712 1602 748 1639; x_wconf 88' lang='lat' dir='ltr'>p.</span> <span class='ocrx_word' id='word_1_186' title='bbox 772 1589 870 1637; x_wconf 87' lang='grc'>363,</span> <span class='ocrx_word' id='word_1_187' title='bbox 898 1590 948 1627; x_wconf 90' lang='grc'>21</span> <span class='ocrx_word' id='word_1_188' title='bbox 987 1585 1230 1638; x_wconf 81' lang='lat' dir='ltr'>‘Tappulam</span> <span class='ocrx_word' id='word_1_189' title='bbox 1261 1589 1391 1641; x_wconf 89' lang='lat' dir='ltr'>legem</span> <span class='ocrx_word' id='word_1_190' title='bbox 1423 1589 1675 1627; x_wconf 88' lang='lat' dir='ltr'>conuiualem</span> <span class='ocrx_word' id='word_1_191' title='bbox 1699 1587 1792 1628; x_wconf 89' lang='lat' dir='ltr'>ficto</span> 
     </span>
     <span class='ocr_line' id='line_1_24' title="bbox 242 1647 1794 1698; baseline 0.001 -12"><span class='ocrx_word' id='word_1_192' title='bbox 242 1648 401 1687; x_wconf 87' lang='lat' dir='ltr'>nomine</span> <span class='ocrx_word' id='word_1_193' title='bbox 421 1647 656 1698; x_wconf 90' lang='lat' dir='ltr'>conscripsit</span> <span class='ocrx_word' id='word_1_194' title='bbox 675 1649 806 1687; x_wconf 91' lang='lat' dir='ltr'>iocoso</span> <span class='ocrx_word' id='word_1_195' title='bbox 824 1649 999 1687; x_wconf 88' lang='lat' dir='ltr'>carmine</span> <span class='ocrx_word' id='word_1_196' title='bbox 1009 1648 1195 1688; x_wconf 82' lang='lat' dir='ltr'>Valerius</span> <span class='ocrx_word' id='word_1_197' title='bbox 1207 1648 1458 1697; x_wconf 84' lang='lat' dir='ltr'>Valentinus,</span> <span class='ocrx_word' id='word_1_198' title='bbox 1480 1650 1589 1687; x_wconf 89' lang='lat' dir='ltr'>cuius</span> <span class='ocrx_word' id='word_1_199' title='bbox 1610 1649 1794 1687; x_wconf 87' lang='lat' dir='ltr'>meminit</span> 
     </span>
     <span class='ocr_line' id='line_1_25' title="bbox 241 1704 1792 1760; baseline 0.001 -14"><span class='ocrx_word' id='word_1_200' title='bbox 241 1707 420 1746; x_wconf 88' lang='lat' dir='ltr'>Lucilius</span> <span class='ocrx_word' id='word_1_201' title='bbox 439 1707 514 1746; x_wconf 89' lang='lat' dir='ltr'>hoc</span> <span class='ocrx_word' id='word_1_202' title='bbox 532 1708 660 1758; x_wconf 92' lang='lat' dir='ltr'>modo,</span> <span class='ocrx_word' id='word_1_203' title='bbox 678 1704 919 1759; x_wconf 76' lang='lat' dir='ltr'>“tappulam</span> <span class='ocrx_word' id='word_1_204' title='bbox 933 1708 1066 1747; x_wconf 83' lang='lat' dir='ltr'>rident</span> <span class='ocrx_word' id='word_1_205' title='bbox 1078 1709 1207 1760; x_wconf 87' lang='lat' dir='ltr'>legem</span> <span class='ocrx_word' id='word_1_206' title='bbox 1224 1711 1416 1748; x_wconf 71' lang='lat' dir='ltr'>conterere</span> <span class='ocrx_word' id='word_1_207' title='bbox 1429 1705 1615 1759; x_wconf 88' lang='lat' dir='ltr'>opimi”.&#39;</span> <span class='ocrx_word' id='word_1_208' title='bbox 1643 1707 1792 1747; x_wconf 86' lang='lat' dir='ltr'>Paulus</span> 
     </span>
     <span class='ocr_line' id='line_1_26' title="bbox 241 1762 1790 1822; baseline 0.001 -16"><span class='ocrx_word' id='word_1_209' title='bbox 241 1780 279 1817; x_wconf 92' lang='lat' dir='ltr'>p.</span> <span class='ocrx_word' id='word_1_210' title='bbox 302 1768 387 1806; x_wconf 84' lang='lat'>362</span> <span class='ocrx_word' id='word_1_211' title='bbox 415 1764 605 1818; x_wconf 79' lang='lat' dir='ltr'>‘Tapulla</span> <span class='ocrx_word' id='word_1_212' title='bbox 630 1762 834 1822; x_wconf 72' lang='lat' dir='ltr'>(Tappula</span> <span class='ocrx_word' id='word_1_213' title='bbox 861 1768 987 1807; x_wconf 87' lang='lat' dir='ltr'>edidit</span> <span class='ocrx_word' id='word_1_214' title='bbox 1012 1763 1327 1822; x_wconf 86' lang='lat' dir='ltr'>Thewrewkius)</span> <span class='ocrx_word' id='word_1_215' title='bbox 1359 1768 1468 1808; x_wconf 88' lang='lat' dir='ltr'>dicta</span> <span class='ocrx_word' id='word_1_216' title='bbox 1495 1770 1557 1808; x_wconf 92' lang='lat' dir='ltr'>est</span> <span class='ocrx_word' id='word_1_217' title='bbox 1581 1769 1643 1807; x_wconf 87' lang='lat' dir='ltr'>lex</span> <span class='ocrx_word' id='word_1_218' title='bbox 1673 1781 1790 1819; x_wconf 91' lang='lat' dir='ltr'>quae-</span> 
     </span>
     <span class='ocr_line' id='line_1_27' title="bbox 242 1825 1793 1880; baseline 0.002 -15"><span class='ocrx_word' id='word_1_219' title='bbox 242 1827 334 1866; x_wconf 87' lang='lat' dir='ltr'>dam</span> <span class='ocrx_word' id='word_1_220' title='bbox 373 1827 420 1866; x_wconf 89' lang='lat' dir='ltr'>de</span> <span class='ocrx_word' id='word_1_221' title='bbox 459 1825 684 1867; x_wconf 88' lang='lat' dir='ltr'>conuiuiis&#39;.</span> <span class='ocrx_word' id='word_1_222' title='bbox 752 1828 926 1880; x_wconf 84' lang='lat' dir='ltr'>Egregio</span> <span class='ocrx_word' id='word_1_223' title='bbox 964 1828 1068 1868; x_wconf 89' lang='lat' dir='ltr'>hunc</span> <span class='ocrx_word' id='word_1_224' title='bbox 1106 1841 1266 1868; x_wconf 89' lang='lat' dir='ltr'>uersum</span> <span class='ocrx_word' id='word_1_225' title='bbox 1304 1829 1466 1868; x_wconf 87' lang='lat' dir='ltr'>ornauit</span> <span class='ocrx_word' id='word_1_226' title='bbox 1506 1830 1793 1868; x_wconf 86' lang='lat' dir='ltr'>commentario</span> 
     </span>
     <span class='ocr_line' id='line_1_28' title="bbox 241 1887 1791 1940; baseline 0.001 -14"><span class='ocrx_word' id='word_1_227' title='bbox 241 1887 506 1927; x_wconf 88' lang='lat' dir='ltr'>Buechelerus</span> <span class='ocrx_word' id='word_1_228' title='bbox 526 1888 568 1926; x_wconf 91' lang='lat' dir='ltr'>in</span> <span class='ocrx_word' id='word_1_229' title='bbox 588 1887 718 1927; x_wconf 84' lang='lat' dir='ltr'>indice</span> <span class='ocrx_word' id='word_1_230' title='bbox 738 1888 896 1928; x_wconf 89' lang='lat' dir='ltr'>lection.</span> <span class='ocrx_word' id='word_1_231' title='bbox 917 1890 1025 1927; x_wconf 88' lang='lat' dir='ltr'>uniu.</span> <span class='ocrx_word' id='word_1_232' title='bbox 1046 1888 1268 1928; x_wconf 89' lang='lat' dir='ltr'>Bonnensis</span> <span class='ocrx_word' id='word_1_233' title='bbox 1295 1891 1434 1928; x_wconf 82' lang='lat' dir='ltr'>aestat.</span> <span class='ocrx_word' id='word_1_234' title='bbox 1453 1889 1565 1928; x_wconf 85' lang='lat'>1877</span> <span class='ocrx_word' id='word_1_235' title='bbox 1587 1902 1625 1939; x_wconf 92' lang='lat' dir='ltr'>p.</span> <span class='ocrx_word' id='word_1_236' title='bbox 1642 1890 1666 1928; x_wconf 88' lang='lat'>5</span> <span class='ocrx_word' id='word_1_237' title='bbox 1684 1902 1791 1940; x_wconf 86' lang='lat' dir='ltr'>seqq.</span> 
     </span>
     <span class='ocr_line' id='line_1_29' title="bbox 243 1946 1792 2000; baseline 0.001 -14"><span class='ocrx_word' id='word_1_238' title='bbox 243 1948 313 1997; x_wconf 91' lang='lat' dir='ltr'>qui</span> <span class='ocrx_word' id='word_1_239' title='bbox 357 1946 548 1999; x_wconf 86' lang='lat' dir='ltr'>Scaligeri</span> <span class='ocrx_word' id='word_1_240' title='bbox 589 1949 787 1987; x_wconf 86' lang='lat' dir='ltr'>rationem</span> <span class='ocrx_word' id='word_1_241' title='bbox 830 1951 1022 2000; x_wconf 83' lang='lat' dir='ltr'>sequatur</span> <span class='ocrx_word' id='word_1_242' title='bbox 1064 1949 1106 1987; x_wconf 90' lang='lat' dir='ltr'>in</span> <span class='ocrx_word' id='word_1_243' title='bbox 1150 1950 1348 2000; x_wconf 89' lang='lat' dir='ltr'>scriptura</span> <span class='ocrx_word' id='word_1_244' title='bbox 1395 1949 1674 1989; x_wconf 88' lang='lat' dir='ltr'>constituenda</span> <span class='ocrx_word' id='word_1_245' title='bbox 1718 1949 1792 1988; x_wconf 88' lang='lat' dir='ltr'>hoc</span> 
     </span>
     <span class='ocr_line' id='line_1_30' title="bbox 242 2004 1792 2061; baseline 0.001 -15"><span class='ocrx_word' id='word_1_246' title='bbox 242 2006 359 2046; x_wconf 86' lang='lat' dir='ltr'>modo</span> <span class='ocrx_word' id='word_1_247' title='bbox 393 2004 635 2059; x_wconf 79' lang='lat' dir='ltr'>‘Tappulam</span> <span class='ocrx_word' id='word_1_248' title='bbox 665 2009 800 2048; x_wconf 88' lang='lat' dir='ltr'>rident</span> <span class='ocrx_word' id='word_1_249' title='bbox 829 2009 959 2061; x_wconf 88' lang='lat' dir='ltr'>legem</span> <span class='ocrx_word' id='word_1_250' title='bbox 988 2022 1203 2061; x_wconf 84' lang='lat' dir='ltr'>congerrae</span> <span class='ocrx_word' id='word_1_251' title='bbox 1230 2006 1393 2060; x_wconf 88' lang='lat' dir='ltr'>Opimi’,</span> <span class='ocrx_word' id='word_1_252' title='bbox 1425 2010 1450 2048; x_wconf 92' lang='lat' dir='ltr'>i.</span> <span class='ocrx_word' id='word_1_253' title='bbox 1472 2022 1503 2048; x_wconf 91' lang='lat' dir='ltr'>e.</span> <span class='ocrx_word' id='word_1_254' title='bbox 1531 2022 1792 2061; x_wconf 84' lang='lat' dir='ltr'>congerrones</span> 
     </span>
     <span class='ocr_line' id='line_1_31' title="bbox 242 2066 1793 2122; baseline 0.001 -16"><span class='ocrx_word' id='word_1_255' title='bbox 242 2067 326 2106; x_wconf 91' lang='lat' dir='ltr'>siue</span> <span class='ocrx_word' id='word_1_256' title='bbox 370 2068 595 2108; x_wconf 87' lang='lat' dir='ltr'>conlusores</span> <span class='ocrx_word' id='word_1_257' title='bbox 634 2066 770 2120; x_wconf 91' lang='lat' dir='ltr'>Opimi</span> <span class='ocrx_word' id='word_1_258' title='bbox 805 2068 1008 2122; x_wconf 86' lang='lat' dir='ltr'>Iugurtini</span> <span class='ocrx_word' id='word_1_259' title='bbox 1048 2069 1174 2120; x_wconf 90' lang='lat' dir='ltr'>illius,</span> <span class='ocrx_word' id='word_1_260' title='bbox 1219 2069 1267 2108; x_wconf 91' lang='lat' dir='ltr'>de</span> <span class='ocrx_word' id='word_1_261' title='bbox 1306 2082 1384 2120; x_wconf 92' lang='lat' dir='ltr'>quo</span> <span class='ocrx_word' id='word_1_262' title='bbox 1423 2070 1558 2121; x_wconf 86' lang='lat' dir='ltr'>agitur</span> <span class='ocrx_word' id='word_1_263' title='bbox 1595 2070 1697 2108; x_wconf 86' lang='lat' dir='ltr'>libro</span> <span class='ocrx_word' id='word_1_264' title='bbox 1736 2069 1793 2107; x_wconf 90' lang='lat' dir='ltr'>XI</span> 
     </span>
     <span class='ocr_line' id='line_1_32' title="bbox 242 2127 1793 2181; baseline 0.001 -15"><span class='ocrx_word' id='word_1_265' title='bbox 242 2141 278 2166; x_wconf 95' lang='lat' dir='ltr'>u.</span> <span class='ocrx_word' id='word_1_266' title='bbox 306 2128 404 2166; x_wconf 87' lang='grc'>418.</span> <span class='ocrx_word' id='word_1_267' title='bbox 467 2128 618 2168; x_wconf 87' lang='lat' dir='ltr'>Tamen</span> <span class='ocrx_word' id='word_1_268' title='bbox 662 2132 853 2168; x_wconf 74' lang='lat' dir='ltr'>conterere</span> <span class='ocrx_word' id='word_1_269' title='bbox 894 2129 960 2168; x_wconf 87' lang='lat' dir='ltr'>uel</span> <span class='ocrx_word' id='word_1_270' title='bbox 1004 2127 1133 2168; x_wconf 60' lang='lat' dir='ltr'>conte?</span> <span class='ocrx_word' id='word_1_271' title='bbox 1177 2130 1428 2181; x_wconf 84' lang='lat' dir='ltr'>apographa,</span> <span class='ocrx_word' id='word_1_272' title='bbox 1472 2141 1627 2169; x_wconf 78' lang='lat' dir='ltr'>concere</span> <span class='ocrx_word' id='word_1_273' title='bbox 1667 2129 1793 2168; x_wconf 86' lang='lat' dir='ltr'>edidit</span> 
     </span>
     <span class='ocr_line' id='line_1_33' title="bbox 242 2186 1792 2238; baseline 0.002 -13"><span class='ocrx_word' id='word_1_274' title='bbox 242 2186 429 2226; x_wconf 85' lang='lat' dir='ltr'>Vrsinus:</span> <span class='ocrx_word' id='word_1_275' title='bbox 461 2190 548 2227; x_wconf 90' lang='lat' dir='ltr'>tum</span> <span class='ocrx_word' id='word_1_276' title='bbox 579 2200 787 2238; x_wconf 73' lang='lat' dir='ltr'>eonqerrae</span> <span class='ocrx_word' id='word_1_277' title='bbox 817 2189 1115 2228; x_wconf 88' lang='lat' dir='ltr'>substantiuum</span> <span class='ocrx_word' id='word_1_278' title='bbox 1146 2190 1259 2228; x_wconf 90' lang='lat' dir='ltr'>nulla</span> <span class='ocrx_word' id='word_1_279' title='bbox 1290 2192 1470 2234; x_wconf 85' lang='lat' dir='ltr'>ueterum</span> <span class='ocrx_word' id='word_1_280' title='bbox 1511 2189 1588 2229; x_wconf 91' lang='lat' dir='ltr'>niti</span> <span class='ocrx_word' id='word_1_281' title='bbox 1620 2191 1792 2228; x_wconf 87' lang='lat' dir='ltr'>auctori-</span> 
     </span>
     <span class='ocr_line' id='line_1_34' title="bbox 243 2247 1792 2300; baseline 0.001 -15"><span class='ocrx_word' id='word_1_282' title='bbox 243 2249 327 2286; x_wconf 85' lang='lat' dir='ltr'>tate</span> <span class='ocrx_word' id='word_1_283' title='bbox 358 2247 444 2286; x_wconf 87' lang='lat' dir='ltr'>iure</span> <span class='ocrx_word' id='word_1_284' title='bbox 477 2260 549 2287; x_wconf 91' lang='lat' dir='ltr'>suo</span> <span class='ocrx_word' id='word_1_285' title='bbox 582 2249 751 2288; x_wconf 86' lang='lat' dir='ltr'>adnotat</span> <span class='ocrx_word' id='word_1_286' title='bbox 781 2249 1074 2299; x_wconf 75' lang='lat' dir='ltr'>Lachmannus3</span> <span class='ocrx_word' id='word_1_287' title='bbox 1105 2262 1233 2300; x_wconf 90' lang='lat' dir='ltr'>neque</span> <span class='ocrx_word' id='word_1_288' title='bbox 1266 2249 1376 2289; x_wconf 87' lang='lat' dir='ltr'>Festi</span> <span class='ocrx_word' id='word_1_289' title='bbox 1402 2250 1533 2288; x_wconf 89' lang='lat' dir='ltr'>locum</span> <span class='ocrx_word' id='word_1_290' title='bbox 1559 2251 1792 2300; x_wconf 88' lang='lat' dir='ltr'>corruptum</span> 
     </span>
     <span class='ocr_line' id='line_1_35' title="bbox 243 2307 1791 2358; baseline 0.003 -14"><span class='ocrx_word' id='word_1_291' title='bbox 243 2320 280 2356; x_wconf 88' lang='lat' dir='ltr'>p.</span> <span class='ocrx_word' id='word_1_292' title='bbox 303 2307 400 2357; x_wconf 85' lang='lat'>297,</span> <span class='ocrx_word' id='word_1_293' title='bbox 429 2309 483 2346; x_wconf 89' lang='grc'>29</span> <span class='ocrx_word' id='word_1_294' title='bbox 523 2308 629 2358; x_wconf 92' lang='lat' dir='ltr'>quod</span> <span class='ocrx_word' id='word_1_295' title='bbox 667 2308 771 2347; x_wconf 86' lang='lat' dir='ltr'>idem</span> <span class='ocrx_word' id='word_1_296' title='bbox 808 2311 914 2348; x_wconf 90' lang='lat' dir='ltr'>recte</span> <span class='ocrx_word' id='word_1_297' title='bbox 953 2309 1051 2348; x_wconf 90' lang='lat' dir='ltr'>dicit</span> <span class='ocrx_word' id='word_1_298' title='bbox 1089 2309 1370 2349; x_wconf 90' lang='lat' dir='ltr'>Lachmannus</span> <span class='ocrx_word' id='word_1_299' title='bbox 1411 2310 1514 2349; x_wconf 89' lang='lat' dir='ltr'>hanc</span> <span class='ocrx_word' id='word_1_300' title='bbox 1551 2322 1689 2349; x_wconf 92' lang='lat' dir='ltr'>uocem</span> <span class='ocrx_word' id='word_1_301' title='bbox 1727 2323 1791 2348; x_wconf 84' lang='lat' dir='ltr'>ex-</span> 
     </span>
     <span class='ocr_line' id='line_1_36' title="bbox 242 2365 1790 2420; baseline 0.003 -16"><span class='ocrx_word' id='word_1_302' title='bbox 242 2365 418 2405; x_wconf 87' lang='lat' dir='ltr'>hibuisse</span> <span class='ocrx_word' id='word_1_303' title='bbox 450 2369 598 2418; x_wconf 86' lang='lat' dir='ltr'>poterit</span> <span class='ocrx_word' id='word_1_304' title='bbox 623 2368 886 2408; x_wconf 86' lang='lat' dir='ltr'>demonstrari</span> <span class='ocrx_word' id='word_1_305' title='bbox 917 2381 1046 2419; x_wconf 89' lang='lat' dir='ltr'>neque</span> <span class='ocrx_word' id='word_1_306' title='bbox 1072 2370 1142 2419; x_wconf 90' lang='lat' dir='ltr'>qui</span> <span class='ocrx_word' id='word_1_307' title='bbox 1167 2370 1296 2408; x_wconf 90' lang='lat' dir='ltr'>oritur</span> <span class='ocrx_word' id='word_1_308' title='bbox 1321 2369 1454 2408; x_wconf 88' lang='lat' dir='ltr'>hiatus</span> <span class='ocrx_word' id='word_1_309' title='bbox 1479 2370 1575 2408; x_wconf 91' lang='lat' dir='ltr'>licet</span> <span class='ocrx_word' id='word_1_310' title='bbox 1601 2370 1790 2420; x_wconf 84' lang='lat' dir='ltr'>exemplis</span> 
     </span>
     <span class='ocr_line' id='line_1_37' title="bbox 243 2423 1789 2481; baseline 0.002 -17"><span class='ocrx_word' id='word_1_311' title='bbox 243 2427 419 2476; x_wconf 89' lang='lat' dir='ltr'>potuerit</span> <span class='ocrx_word' id='word_1_312' title='bbox 449 2423 634 2467; x_wconf 81' lang='lat' dir='ltr'>excusari</span> <span class='ocrx_word' id='word_1_313' title='bbox 660 2428 821 2468; x_wconf 88' lang='lat' dir='ltr'>aliunde</span> <span class='ocrx_word' id='word_1_314' title='bbox 851 2429 990 2479; x_wconf 88' lang='lat' dir='ltr'>petitis</span> <span class='ocrx_word' id='word_1_315' title='bbox 1024 2428 1218 2481; x_wconf 86' lang='lat' dir='ltr'>Scaligeri</span> <span class='ocrx_word' id='word_1_316' title='bbox 1256 2429 1550 2469; x_wconf 88' lang='lat' dir='ltr'>commendabit</span> <span class='ocrx_word' id='word_1_317' title='bbox 1580 2431 1789 2469; x_wconf 90' lang='lat' dir='ltr'>rationem.</span> 
     </span>
     <span class='ocr_line' id='line_1_38' title="bbox 244 2484 1792 2540; baseline 0.002 -16"><span class='ocrx_word' id='word_1_318' title='bbox 244 2484 332 2531; x_wconf 85' lang='lat' dir='ltr'>Qua</span> <span class='ocrx_word' id='word_1_319' title='bbox 374 2486 421 2525; x_wconf 89' lang='lat' dir='ltr'>de</span> <span class='ocrx_word' id='word_1_320' title='bbox 465 2499 585 2528; x_wconf 88' lang='lat' dir='ltr'>causa</span> <span class='ocrx_word' id='word_1_321' title='bbox 627 2501 676 2527; x_wconf 88' lang='lat' dir='ltr'>ne</span> <span class='ocrx_word' id='word_1_322' title='bbox 714 2488 744 2527; x_wconf 98' lang='grc' dir='ltr'>Ι.</span> <span class='ocrx_word' id='word_1_323' title='bbox 772 2488 930 2529; x_wconf 91' lang='lat' dir='ltr'>Dousae</span> <span class='ocrx_word' id='word_1_324' title='bbox 975 2489 1136 2539; x_wconf 88' lang='lat' dir='ltr'>quidem</span> <span class='ocrx_word' id='word_1_325' title='bbox 1185 2490 1413 2528; x_wconf 87' lang='lat' dir='ltr'>coniectura</span> <span class='ocrx_word' id='word_1_326' title='bbox 1461 2490 1646 2540; x_wconf 89' lang='lat' dir='ltr'>plausum</span> <span class='ocrx_word' id='word_1_327' title='bbox 1690 2490 1792 2528; x_wconf 86' lang='lat' dir='ltr'>feret</span> 
     </span>
     <span class='ocr_line' id='line_1_39' title="bbox 245 2540 1790 2601; baseline 0.003 -17"><span class='ocrx_word' id='word_1_328' title='bbox 245 2540 399 2591; x_wconf 87' lang='lat' dir='ltr'>(incert.</span> <span class='ocrx_word' id='word_1_329' title='bbox 434 2542 509 2601; x_wconf 83' lang='lat'>46)</span> <span class='ocrx_word' id='word_1_330' title='bbox 555 2549 625 2598; x_wconf 91' lang='lat' dir='ltr'>qui</span> <span class='ocrx_word' id='word_1_331' title='bbox 669 2547 850 2588; x_wconf 83' lang='lat' dir='ltr'>adhibita</span> <span class='ocrx_word' id='word_1_332' title='bbox 893 2549 1024 2601; x_wconf 89' lang='lat' dir='ltr'>glossa</span> <span class='ocrx_word' id='word_1_333' title='bbox 1069 2547 1181 2588; x_wconf 80' lang='lat' dir='ltr'>GGL</span> <span class='ocrx_word' id='word_1_334' title='bbox 1206 2549 1248 2588; x_wconf 93' lang='lat' dir='ltr'>II</span> <span class='ocrx_word' id='word_1_335' title='bbox 1284 2563 1322 2600; x_wconf 89' lang='lat' dir='ltr'>p.</span> <span class='ocrx_word' id='word_1_336' title='bbox 1347 2550 1449 2599; x_wconf 89' lang='grc'>106,</span> <span class='ocrx_word' id='word_1_337' title='bbox 1476 2550 1529 2588; x_wconf 89' lang='grc'>41</span> <span class='ocrx_word' id='word_1_338' title='bbox 1579 2546 1790 2589; x_wconf 82' lang='lat' dir='ltr'>‘concenae</span> 
     </span>
     <span class='ocr_line' id='line_1_40' title="bbox 244 2602 1789 2661; baseline 0.002 -17"><span class='ocrx_word' id='word_1_339' title='bbox 244 2602 489 2646; x_wconf 82' lang='grc' dir='ltr'><strong><em>σύνδειπνοι’</em></strong></span> <span class='ocrx_word' id='word_1_340' title='bbox 522 2620 681 2647; x_wconf 88' lang='lat' dir='ltr'>uersum</span> <span class='ocrx_word' id='word_1_341' title='bbox 712 2608 843 2647; x_wconf 90' lang='lat' dir='ltr'>uoluit</span> <span class='ocrx_word' id='word_1_342' title='bbox 873 2609 1018 2648; x_wconf 87' lang='lat' dir='ltr'>sanari.</span> <span class='ocrx_word' id='word_1_343' title='bbox 1086 2609 1175 2661; x_wconf 84' lang='lat' dir='ltr'>Ego</span> <span class='ocrx_word' id='word_1_344' title='bbox 1218 2610 1416 2660; x_wconf 88' lang='lat' dir='ltr'>temptaui</span> <span class='ocrx_word' id='word_1_345' title='bbox 1456 2610 1639 2649; x_wconf 76' lang='lat' dir='ltr'>canterii:</span> <span class='ocrx_word' id='word_1_346' title='bbox 1683 2609 1789 2660; x_wconf 90' lang='lat' dir='ltr'>quod</span> 
     </span>
     <span class='ocr_line' id='line_1_41' title="bbox 245 2666 1789 2720; baseline 0.003 -16"><span class='ocrx_word' id='word_1_347' title='bbox 245 2666 279 2704; x_wconf 86' lang='lat' dir='ltr'>si</span> <span class='ocrx_word' id='word_1_348' title='bbox 329 2667 488 2717; x_wconf 87' lang='lat' dir='ltr'>scripsit</span> <span class='ocrx_word' id='word_1_349' title='bbox 530 2666 708 2707; x_wconf 84' lang='lat' dir='ltr'>Lucilius</span> <span class='ocrx_word' id='word_1_350' title='bbox 757 2669 936 2708; x_wconf 84' lang='lat' dir='ltr'>homines</span> <span class='ocrx_word' id='word_1_351' title='bbox 986 2670 1120 2708; x_wconf 87' lang='lat' dir='ltr'>fatuos</span> <span class='ocrx_word' id='word_1_352' title='bbox 1169 2670 1230 2708; x_wconf 91' lang='lat' dir='ltr'>ita</span> <span class='ocrx_word' id='word_1_353' title='bbox 1273 2669 1496 2720; x_wconf 87' lang='lat' dir='ltr'>appellauit</span> <span class='ocrx_word' id='word_1_354' title='bbox 1540 2671 1581 2708; x_wconf 92' lang='lat' dir='ltr'>et</span> <span class='ocrx_word' id='word_1_355' title='bbox 1624 2670 1789 2720; x_wconf 91' lang='lat' dir='ltr'>opimos.</span> 
     </span>
     <span class='ocr_line' id='line_1_42' title="bbox 245 2725 1790 2780; baseline 0.003 -18"><span class='ocrx_word' id='word_1_356' title='bbox 245 2725 436 2766; x_wconf 85' lang='lat' dir='ltr'>Varronis</span> <span class='ocrx_word' id='word_1_357' title='bbox 457 2728 498 2766; x_wconf 87' lang='lat' dir='ltr'>et</span> <span class='ocrx_word' id='word_1_358' title='bbox 512 2726 645 2766; x_wconf 83' lang='lat' dir='ltr'>Verrii</span> <span class='ocrx_word' id='word_1_359' title='bbox 663 2728 909 2779; x_wconf 87' lang='lat' dir='ltr'>temporibus</span> <span class='ocrx_word' id='word_1_360' title='bbox 929 2729 1158 2768; x_wconf 88' lang='lat' dir='ltr'>cantherius</span> <span class='ocrx_word' id='word_1_361' title='bbox 1179 2729 1460 2780; x_wconf 88' lang='lat' dir='ltr'>appellabatur</span> <span class='ocrx_word' id='word_1_362' title='bbox 1479 2742 1571 2768; x_wconf 90' lang='lat' dir='ltr'>ecus</span> <span class='ocrx_word' id='word_1_363' title='bbox 1591 2731 1790 2769; x_wconf 87' lang='lat' dir='ltr'>castratus</span> 
     </span>
     <span class='ocr_line' id='line_1_43' title="bbox 246 2779 1788 2842; baseline 0.003 -19"><span class='ocrx_word' id='word_1_364' title='bbox 246 2779 381 2838; x_wconf 88' lang='lat' dir='ltr'>(Varr.</span> <span class='ocrx_word' id='word_1_365' title='bbox 407 2799 480 2825; x_wconf 87' lang='lat' dir='ltr'>rer.</span> <span class='ocrx_word' id='word_1_366' title='bbox 506 2788 604 2826; x_wconf 87' lang='lat' dir='ltr'>rust.</span> <span class='ocrx_word' id='word_1_367' title='bbox 633 2789 671 2836; x_wconf 90' lang='lat'>2,</span> <span class='ocrx_word' id='word_1_368' title='bbox 701 2790 737 2837; x_wconf 88' lang='grc'>7,</span> <span class='ocrx_word' id='word_1_369' title='bbox 766 2788 819 2827; x_wconf 88' lang='grc'>15</span> <span class='ocrx_word' id='word_1_370' title='bbox 858 2788 970 2827; x_wconf 87' lang='lat' dir='ltr'>Paul.</span> <span class='ocrx_word' id='word_1_371' title='bbox 997 2801 1044 2828; x_wconf 85' lang='lat' dir='ltr'>ex</span> <span class='ocrx_word' id='word_1_372' title='bbox 1075 2789 1180 2828; x_wconf 81' lang='lat' dir='ltr'>Fest.</span> <span class='ocrx_word' id='word_1_373' title='bbox 1206 2802 1244 2839; x_wconf 90' lang='lat' dir='ltr'>p.</span> <span class='ocrx_word' id='word_1_374' title='bbox 1267 2790 1335 2838; x_wconf 87' lang='grc'>46,</span> <span class='ocrx_word' id='word_1_375' title='bbox 1363 2783 1428 2842; x_wconf 87' lang='grc'>8),</span> <span class='ocrx_word' id='word_1_376' title='bbox 1461 2789 1568 2839; x_wconf 87' lang='lat' dir='ltr'>apud</span> <span class='ocrx_word' id='word_1_377' title='bbox 1599 2789 1788 2828; x_wconf 90' lang='lat' dir='ltr'>Plautum</span> 
     </span>
     <span class='ocr_line' id='line_1_44' title="bbox 245 2845 1789 2898; baseline 0.002 -15"><span class='ocrx_word' id='word_1_378' title='bbox 245 2857 317 2894; x_wconf 88' lang='lat' dir='ltr'>pro</span> <span class='ocrx_word' id='word_1_379' title='bbox 347 2845 506 2885; x_wconf 88' lang='lat' dir='ltr'>homine</span> <span class='ocrx_word' id='word_1_380' title='bbox 543 2846 703 2898; x_wconf 88' lang='lat' dir='ltr'>stupido</span> <span class='ocrx_word' id='word_1_381' title='bbox 740 2848 906 2897; x_wconf 89' lang='lat' dir='ltr'>ponitur</span> <span class='ocrx_word' id='word_1_382' title='bbox 943 2849 983 2887; x_wconf 89' lang='lat' dir='ltr'>et</span> <span class='ocrx_word' id='word_1_383' title='bbox 1014 2848 1264 2887; x_wconf 89' lang='lat' dir='ltr'>somnulento</span> <span class='ocrx_word' id='word_1_384' title='bbox 1295 2849 1398 2886; x_wconf 89' lang='lat' dir='ltr'>Men.</span> <span class='ocrx_word' id='word_1_385' title='bbox 1421 2849 1505 2886; x_wconf 86' lang='grc'>395</span> <span class='ocrx_word' id='word_1_386' title='bbox 1541 2845 1661 2886; x_wconf 76' lang='lat' dir='ltr'>‘certe</span> <span class='ocrx_word' id='word_1_387' title='bbox 1692 2848 1789 2886; x_wconf 87' lang='lat' dir='ltr'>haec</span> 
     </span>
     <span class='ocr_line' id='line_1_45' title="bbox 246 2903 1788 2957; baseline 0.002 -15"><span class='ocrx_word' id='word_1_388' title='bbox 246 2903 477 2943; x_wconf 87' lang='lat' dir='ltr'>cantherino</span> <span class='ocrx_word' id='word_1_389' title='bbox 514 2906 597 2943; x_wconf 88' lang='lat' dir='ltr'>ritu</span> <span class='ocrx_word' id='word_1_390' title='bbox 634 2907 777 2945; x_wconf 88' lang='lat' dir='ltr'>mulier</span> <span class='ocrx_word' id='word_1_391' title='bbox 813 2908 949 2946; x_wconf 87' lang='lat' dir='ltr'>astans</span> <span class='ocrx_word' id='word_1_392' title='bbox 988 2904 1175 2946; x_wconf 88' lang='lat' dir='ltr'>somniat’</span> <span class='ocrx_word' id='word_1_393' title='bbox 1219 2906 1368 2946; x_wconf 82' lang='lat' dir='ltr'>Cistell.</span> <span class='ocrx_word' id='word_1_394' title='bbox 1397 2908 1481 2945; x_wconf 78' lang='lat'>307</span> <span class='ocrx_word' id='word_1_395' title='bbox 1529 2904 1788 2957; x_wconf 74' lang='lat' dir='ltr'>‘quamquam</span> 
     </span>
     <span class='ocr_line' id='line_1_46' title="bbox 246 2964 1789 3017; baseline 0.002 -16"><span class='ocrx_word' id='word_1_396' title='bbox 246 2964 362 3002; x_wconf 80' lang='lat' dir='ltr'>uetus</span> <span class='ocrx_word' id='word_1_397' title='bbox 388 2964 614 3004; x_wconf 89' lang='lat' dir='ltr'>cantherius</span> <span class='ocrx_word' id='word_1_398' title='bbox 639 2977 739 3014; x_wconf 88' lang='lat' dir='ltr'>sum,</span> <span class='ocrx_word' id='word_1_399' title='bbox 765 2967 1005 3015; x_wconf 87' lang='lat' dir='ltr'>etiamnunc,</span> <span class='ocrx_word' id='word_1_400' title='bbox 1024 2968 1070 3004; x_wconf 89' lang='lat' dir='ltr'>ut</span> <span class='ocrx_word' id='word_1_401' title='bbox 1096 2979 1168 3017; x_wconf 88' lang='lat' dir='ltr'>ego</span> <span class='ocrx_word' id='word_1_402' title='bbox 1195 2967 1348 3016; x_wconf 87' lang='lat' dir='ltr'>opinor,</span> <span class='ocrx_word' id='word_1_403' title='bbox 1374 2965 1583 3004; x_wconf 86' lang='lat' dir='ltr'>adhinnire</span> <span class='ocrx_word' id='word_1_404' title='bbox 1603 2967 1789 3016; x_wconf 84' lang='lat' dir='ltr'>equolam</span> 
     </span>
     <span class='ocr_line' id='line_1_47' title="bbox 246 3021 1692 3076; baseline 0.002 -15"><span class='ocrx_word' id='word_1_405' title='bbox 246 3034 405 3073; x_wconf 87' lang='lat' dir='ltr'>possum</span> <span class='ocrx_word' id='word_1_406' title='bbox 438 3036 511 3075; x_wconf 86' lang='lat' dir='ltr'>ego</span> <span class='ocrx_word' id='word_1_407' title='bbox 542 3021 673 3072; x_wconf 86' lang='lat' dir='ltr'>hanc’,</span> <span class='ocrx_word' id='word_1_408' title='bbox 705 3024 894 3075; x_wconf 87' lang='lat' dir='ltr'>Pompon.</span> <span class='ocrx_word' id='word_1_409' title='bbox 925 3026 1007 3063; x_wconf 91' lang='lat'>112</span> <span class='ocrx_word' id='word_1_410' title='bbox 1043 3022 1226 3076; x_wconf 81' lang='lat' dir='ltr'>‘magnus</span> <span class='ocrx_word' id='word_1_411' title='bbox 1259 3026 1471 3075; x_wconf 86' lang='lat' dir='ltr'>manduco,</span> <span class='ocrx_word' id='word_1_412' title='bbox 1504 3026 1692 3064; x_wconf 88' lang='lat' dir='ltr'>camellus</span> 
     </span>
    </p>
   </div>
  </div>
 </body>
</html>
