2060 3444
263 264 347 307 136
859 260 910 295 IX
935 273 970 296 u.
999 263 1199 297 sca-364.

258 378 340 430 legi
364 389 497 428 posse:
522 377 566 415 in
590 387 708 415 uersu
734 374 927 415 faciendo.
979 373 1045 413 Sic
1069 373 1262 414 Horatius
1286 374 1355 414 lib.
1380 374 1402 414 I
1427 374 1509 421 Sat.
1528 374 1565 414 X
1591 369 1669 429 (70
1683 369 1801 430 seq.):

261 440 295 477 et
326 439 368 476 in
397 448 518 476 uersu
547 435 727 485 faciendo
757 446 873 484 saepe
900 436 1018 483 caput
1044 435 1224 480 scaberet,
1254 435 1369 474 uiuos
1394 437 1429 474 et
1451 435 1602 475 roderet
1625 432 1802 486 umques'.

261 497 403 546 Itaque
441 495 577 536 omnia
613 495 890 546 supplementa
929 494 1088 534 Dousae
1124 493 1308 534 habenda
1345 495 1462 534 erunt
1503 508 1576 546 pro
1619 495 1803 547 genuinis

262 557 394 597 uerbis
452 557 493 595 et
545 555 693 595 Lucilii
749 556 789 594 et
845 553 1027 594 Charisii.
1110 553 1292 605 Apparet
1346 555 1479 593 autem
1534 555 1803 606 fragmentum

263 614 465 656 ‘seruandi
496 612 664 655 numeri'
699 616 739 654 et
770 628 806 665 q.
828 627 857 654 s.
883 627 962 653 non
995 626 1079 654 esse
1104 613 1199 653 libri
1229 612 1335 664 noni,
1368 615 1462 664 quia
1493 615 1673 665 sequitur
1702 614 1804 654 illud

264 673 449 727 ‘denique
481 677 522 717 et
551 676 594 715 in
625 675 728 715 libro
758 670 853 726 (V)
881 674 965 714 Im
995 674 1053 714 sic
1085 670 1171 723 ait',
1202 686 1304 725 quae
1335 674 1457 714 uerba
1486 676 1591 714 recte
1623 676 1682 714 ita
1713 687 1804 715 con-

265 736 400 777 stituit
435 735 582 775 Dousa.
644 735 705 774 De
741 734 925 774 uersibus
965 734 1034 784 qui
1071 735 1371 774 secuntur-non
1403 735 1463 773 est
1493 734 1600 785 quod
1630 734 1803 774 dubites:

266 792 399 847 ‘porro
432 792 539 835 “hoc
571 796 605 834 si
635 795 742 834 filius
772 794 869 833 Luci
902 791 1087 844 fecerit'',
1118 794 1133 832 i
1165 794 1292 833 solum
1332 788 1411 848 (ita
1446 794 1675 834 emendauit
1703 793 1806 834 illud

265 857 390 896 colum
419 855 463 895 L.
484 855 528 895 F.
549 849 811 908 Schmidtius)
847 856 894 893 ut
925 853 1085 894 Corneli
1117 850 1408 904 Cornificique’.
1468 854 1662 906 Exemplo
1700 855 1805 893 enim

256 916 439 967 ,positum
471 917 532 955 est
563 916 813 954 enuntiatum
845 914 948 953 illud
978 915 1180 967 integrum
1213 910 1302 954 ‘hoc
1333 915 1367 953 si
1397 913 1503 954 filius
1527 914 1628 954 Luci
1651 910 1806 954 fecerit'

265 978 311 1015 ut
341 976 550 1027 genetiuus
590 988 704 1015 casus
743 974 940 1014 indicetur
978 973 1319 1026 supplendumque
1351 975 1412 1013 est
1443 974 1548 1024 quod
1577 975 1621 1013 in
1653 975 1806 1014 antece-

266 1036 450 1076 dentibus
487 1036 620 1075 fuerat
663 1035 856 1086 scriptum
898 1034 1026 1074 ueluti
1061 1035 1225 1073 scribes.-
1267 1034 1436 1084 denique
1474 1035 1649 1085 positum
1684 1034 1807 1074 fuisse

265 1097 341 1137 hoc
376 1096 646 1147 fragmentum
683 1095 725 1133 in
761 1094 830 1133 lib.
862 1094 919 1133 lx
957 1095 1049 1134 ante
1086 1107 1123 1133 u.
1152 1094 1396 1133 364—366
1442 1095 1643 1134 testantur
1684 1093 1808 1134 uerba

266 1155 519 1208 grammatici
552 1152 609 1194 ‘et
638 1155 760 1206 paulo
791 1151 910 1205 post’.
966 1153 1026 1193 De
1057 1154 1243 1193 uocatiuo
1276 1153 1372 1204 quid
1403 1155 1523 1205 poeta
1549 1155 1807 1206 praeceperit,

266 1228 347 1255 non
390 1216 563 1255 constat:
608 1227 753 1266 parum
796 1215 901 1253 recte
944 1214 1167 1264 suspicetur
1216 1214 1304 1264 quis
1348 1226 1437 1252 cum
1480 1215 1515 1254 ei
1557 1227 1647 1254 eum
1689 1214 1809 1254 scribi

267 1275 442 1321 uoluisse
473 1274 646 1315 uocandi
676 1287 823 1323 casum,
856 1273 1041 1314 similiter
1073 1274 1141 1324 qui
1173 1272 1401 1313 distinxerit
1434 1274 1554 1325 atque
1584 1273 1627 1313 in
1657 1275 1738 1314 illei
1769 1276 1809 1314 et

267 1337 338 1381 illi,
359 1336 455 1386 quia
473 1335 669 1386 pluralem
688 1334 836 1385 ubique
855 1346 1064 1372 numerum
1083 1347 1103 1373 e
1123 1334 1260 1374 littera
1279 1334 1434 1373 auxisse
1450 1335 1610 1384 poetam
1623 1335 1808 1385 apparet:

268 1395 401 1435 Bedae
432 1394 662 1435 testimonio
695 1394 764 1445 qui
788 1393 1066 1434 tantummodo
1090 1392 1265 1433 Charisii
1294 1392 1426 1432 uerbis
1458 1393 1512 1433 sit
1538 1406 1633 1434 usus
1665 1393 1808 1434 melius

270 1457 330 1495 est
366 1456 409 1494 in
446 1454 521 1494 hac
552 1455 786 1505 quaestione
818 1452 1084 1505 supersedere.
1145 1452 1247 1491 Vide
1280 1452 1330 1492 ad
1359 1453 1496 1492 incert.
1528 1467 1565 1492 u.
1588 1455 1703 1494 1294
1728 1466 1808 1504 seq.

392 1509 503 1555 364.
537 1514 809 1561 Quintilianus
840 1514 968 1553 instit.
992 1513 1014 1552 Ι
1041 1514 1079 1563 7,
1106 1513 1160 1552 15
1195 1509 1372 1553 ‘Diutius
1404 1512 1566 1552 durauit
1595 1515 1641 1552 ut
1672 1526 1693 1552 e
1724 1514 1765 1553 et
1795 1513 1810 1552 i

270 1574 480 1627 iungendis
524 1574 663 1614 eadem
705 1574 860 1613 ratione
905 1585 986 1624 qua
1023 1572 1165 1612 Graeci
1207 1586 1241 1612 ει
1282 1574 1500 1612 uterentur.
1569 1586 1615 1612 ea
1653 1573 1810 1614 casibus

271 1636 525 1685 numerisque
576 1634 748 1675 discreta
798 1636 858 1673 est
901 1635 948 1673 ut
988 1632 1168 1672 Lucilius
1204 1633 1402 1684 praecipit
1445 1629 1559 1672 “iam
1601 1633 1714 1684 pueri
1741 1663 1750 1673 .
1770 1665 1778 1673 .
1801 1663 1810 1672 .

270 1695 385 1746 pueri
435 1695 568 1745 plures
617 1691 762 1734 fiant'’.
830 1706 876 1733 ac
919 1692 1104 1744 deinceps
1146 1692 1252 1733 idem
1285 1723 1293 1731 .
1321 1724 1329 1733 .
1356 1689 1393 1732 .'.
1467 1693 1606 1733 Velius
1648 1693 1810 1746 Longus

271 1754 345 1795 GL
371 1754 451 1795 VH
475 1768 513 1805 p.
535 1755 604 1804 56,
632 1754 708 1793 21(
746 1750 844 1796 ‘Alii
875 1765 989 1803 uero,
1027 1766 1196 1804 quorum
1228 1754 1289 1792 est
1317 1753 1415 1792 item
1456 1753 1653 1803 Lucilius,
1695 1753 1808 1792 uarie

273 1815 621 1865 scriptitauerunt3
665 1813 862 1864 siquidem
905 1813 947 1852 in
989 1813 1041 1853 iis
1085 1825 1187 1864 quae
1229 1812 1541 1863 producerentur
1578 1813 1659 1852 alia
1695 1826 1767 1863 per
1796 1813 1812 1852 i

272 1875 452 1926 longam,
496 1874 578 1913 alia
617 1886 689 1925 per
726 1887 746 1913 e
785 1875 826 1913 et
863 1872 877 1912 i
913 1874 1174 1923 notauerunt,
1217 1872 1330 1912 uelut
1372 1872 1597 1912 differentia
1639 1872 1811 1924 quadam

274 1935 517 1985 separantes,
548 1935 595 1972 ut
625 1946 718 1972 cum
749 1933 968 1972 diceremus
1000 1929 1157 1982 “uiri'',
1189 1933 1224 1972 si
1255 1933 1384 1972 essent
1408 1933 1554 1983 plures,
1583 1946 1655 1983 per
1685 1945 1707 1972 e
1732 1933 1774 1972 et
1796 1933 1812 1971 i

274 1994 551 2043 scriberemus,
582 1994 617 2032 si
648 2005 742 2033 uero
775 1994 877 2033 esset
906 1993 1028 2031 wnius
1059 1986 1135 2046 (ita
1164 1991 1469 2032 Lachmomnus:
1505 2004 1607 2032 unus
1638 1986 1691 2046 P)
1721 1993 1812 2042 uiri,

274 2067 345 2104 per
375 2055 391 2092 i
421 2055 662 2093 notaremus.
718 2054 760 2092 et
788 2052 969 2091 Lucilius
999 2052 1043 2091 in
1073 2064 1177 2091 nono
1208 2048 1322 2090 “iam
1345 2052 1490 2101 puerbi
1514 2065 1657 2091 uenere
1683 2055 1718 2092 et
1743 2083 1750 2091 .
1772 2082 1810 2091 ..

275 2115 322 2153 ut
344 2114 483 2162 plures
513 2114 675 2162 faciant.
736 2112 752 2151 i
783 2112 817 2152 si
847 2112 946 2151 facis
978 2111 1128 2161 solum,
1158 2111 1323 2162 pupilli,
1346 2113 1466 2160 pueri
1497 2114 1532 2151 et
1560 2111 1709 2152 Lucilli
1738 2111 1813 2151 hoc

275 2174 394 2212 unius
431 2168 544 2212 fiet''.
605 2172 702 2212 item
729 2169 826 2211 ...’.
889 2170 1091 2211 Charisius
1129 2169 1201 2211 GL
1227 2171 1248 2210 I
1277 2185 1315 2222 p.
1339 2171 1411 2220 78,
1439 2171 1550 2213 1le
1593 2168 1649 2212 ‘et
1690 2171 1812 2222 paulo

275 2235 367 2284 post
406 2229 447 2271 “.
469 2263 478 2271 .
500 2264 507 2271 .
532 2233 650 2283 pueri
686 2233 798 2278 lucii,
834 2231 872 2270 h.
910 2233 1027 2271 unius
1063 2227 1212 2280 fieri''.'
1280 2230 1426 2270 Lucilii
1469 2232 1725 2282 praeceptum
1765 2231 1812 2270 de

276 2352 444 2403 Figulus
481 2353 524 2390 in
562 2351 694 2390 XXIV
731 2352 1106 2391 commentariorum
1148 2351 1500 2402 grammaticorum
1541 2351 1655 2390 cuius
1691 2350 1814 2390 uerba

277 2412 457 2452 seruauit
494 2411 645 2451 Gellius
675 2411 775 2451 xm
806 2412 880 2461 26,
913 2412 939 2450 4
979 2407 1039 2450 ‘Si
1077 2407 1225 2451 “huius
1258 2441 1266 2449 .
1295 2442 1302 2449 .
1330 2441 1338 2450 .
1371 2407 1521 2450 amici'’
1559 2411 1625 2450 uel
1663 2407 1813 2450 “huius

277 2468 445 2524 magni''
478 2471 639 2521 scribas,
669 2485 793 2510 unum
822 2472 838 2510 i
868 2470 991 2510 facito
1017 2471 1247 2510 extremum.
1305 2469 1376 2509 Sin
1401 2483 1495 2510 uero
1523 2467 1597 2509 “hi
1620 2465 1811 2523 magnei''

281 2529 355 2570 “hi
388 2527 560 2570 amicei³²
593 2543 687 2571 casu
717 2530 989 2570 multitudinis
1019 2531 1140 2579 recto,
1170 2532 1258 2570 tum
1289 2531 1381 2570 ante
1410 2531 1427 2569 i
1457 2530 1708 2570 scribendum
1738 2529 1814 2569 erit
1870 2548 1878 2553 v

279 2605 299 2630 e
349 2592 470 2642 atque
518 2590 561 2629 id
608 2592 740 2642 ipsum
783 2591 906 2630 facies
954 2591 997 2629 in
1046 2587 1270 2630 similibus’.
1343 2589 1442 2629 Mar.
1467 2589 1616 2629 Victor.
1651 2588 1724 2629 GL
1756 2589 1814 2628 VI

280 2664 318 2701 p.
341 2652 409 2700 17,
436 2652 489 2690 21
505 2650 542 2689 Κ
575 2647 681 2690 ‘cum
710 2663 806 2690 uero
839 2649 976 2689 eadem
1006 2650 1020 2688 i
1046 2663 1066 2689 e
1092 2650 1250 2689 litterae
1275 2651 1413 2689 iuncta
1437 2650 1550 2701 esset,
1581 2662 1661 2688 non
1685 2649 1815 2688 solum

279 2723 351 2762 pro
393 2710 515 2762 longa
555 2710 712 2760 syllaba
748 2708 1034 2760 accipiebatur,
1078 2709 1147 2748 sed
1189 2710 1482 2749 nominatiuum
1521 2709 1718 2760 pluralem
1753 2709 1814 2748 ita

222 2815 228 2818 ,
281 2771 430 2821 scripta
460 2769 723 2822 significabat,
753 2771 801 2809 ut
831 2770 967 2809 amicei
997 2770 1107 2808 bonci
1133 2800 1141 2807 .
1163 2800 1170 2808 .
1192 2799 1200 2808 .
1228 2770 1271 2809 at
1301 2769 1334 2809 si
1365 2782 1436 2820 per
1467 2769 1595 2809 solum
1624 2768 1640 2807 i
1665 2769 1814 2818 scripta

281 2831 399 2880 esset,
450 2829 587 2869 eadem
636 2830 866 2882 genetiuum
915 2828 1156 2881 singularem
1208 2829 1381 2868 faciebat
1423 2830 1468 2867 ut
1509 2829 1626 2868 huius
1669 2824 1812 2868 amici’.

280 2890 434 2928 Reuera
453 2889 610 2929 saeculo
630 2902 665 2928 a.
681 2888 770 2928 Chr.
791 2889 916 2928 altero
934 2889 1228 2928 nominatiuum
1246 2888 1442 2938 pluralem
1459 2889 1502 2927 in
1516 2888 1564 2938 ei,
1583 2887 1814 2939 genetiuum

282 2949 524 2999 singularem
559 2949 602 2987 in
637 2948 653 2987 i
690 2949 831 2988 exiisse
867 2949 1040 2987 testatur
1078 2947 1144 2987 SC
1175 2948 1222 2987 de
1253 2947 1571 2988 Bacchanalibus
1613 2946 1719 2997 quod
1749 2959 1812 2986 ex-

281 3007 392 3047 hibet
416 3007 631 3048 secundum
654 3008 834 3060 reg-ulam
859 3008 1127 3047 nominatiuos
1151 3008 1355 3056 scideratei
1379 3008 1466 3056 quei
1490 3008 1685 3047 omwsci
1701 3007 1814 3055 wirici,
