2060 3444
744 326 811 363 XII
837 339 871 364 u.
899 330 979 364 437.
1030 325 1116 363 XIII
1140 339 1176 363 u.
1204 329 1284 363 438.
1709 325 1793 370 163

242 442 435 493 dabatur,
480 443 591 482 cuius
635 444 694 482 rei
737 444 853 482 testis
897 444 958 482 est
994 442 1173 482 Lucilius
1216 442 1258 481 in
1302 438 1564 481 duodecimo'.
1626 440 1792 480 Minime

246 503 451 555 probabile
483 505 544 542 est
568 502 767 542 Lucilium
800 504 858 542 nil
890 515 1072 543 narrasse
1102 503 1183 542 nisi
1213 503 1352 541 uinum
1385 501 1591 552 Dionysiis
1624 515 1697 552 pro
1729 515 1792 541 co·

245 565 409 603 rollario
441 563 580 602 datum
612 575 695 603 esse
722 563 964 613 cantoribus,
995 563 1063 603 sed
1088 563 1164 602 hoc
1188 563 1339 614 potius.
1354 562 1444 602 ideo
1471 563 1666 611 narrauit,
1698 564 1793 613 quia

245 623 454 677 tragoedia
491 624 583 662 inde
622 614 827 663 exordium
871 636 987 663 suum
1025 624 1176 674 cepisse
1218 622 1465 662 tradebatur.
1536 622 1614 661 Sed
1651 621 1793 662 Graeci

246 686 459 735 scriptores
490 697 571 723 non
602 684 650 723 de
680 683 902 736 tragoedia,
937 684 1006 723 sed
1037 684 1085 723 de
1117 683 1321 723 comoedia
1352 684 1413 722 ita
1443 682 1628 722 tradunt:
1665 684 1793 722 ueluti

246 745 365 784 schol.
391 744 596 795 Aristoph.
621 744 794 783 Acharn.
822 745 907 784 499
934 743 1158 801 τρυγῳδίαν
1183 749 1327 783 ποιῶν·
1355 742 1587 800 κωμῳδίαν·
1613 740 1700 795 ἤτοι
1726 741 1793 782 διὰ

246 803 288 844 τὸ
325 805 448 859 τρύγα
484 803 663 844 ἔπαθλον
701 803 917 857 λαμβάνειν
955 802 1127 844 τουτέστι
1163 801 1256 843 νέον
1294 799 1426 853 οἶνον,
1469 800 1496 856 ἢ
1540 801 1606 843 διὰ
1649 802 1693 843 τὸ
1738 802 1792 856 μὴ

246 862 374 905 ὄντων
405 864 664 919 προσωπείων
694 863 768 916 τὴν
798 862 924 918 ἀρχὴν
954 862 1067 918 τρυγὶ
1095 863 1276 918 χρίεσθαι
1301 862 1370 912 τὰς
1396 861 1509 912 ὄψεις
1534 863 1717 916 Prolegg.
1745 864 1793 903 de

246 925 419 965 comoed.
445 925 487 964 Π
511 925 688 964 Kaibelii
714 924 813 964 GGF
838 925 859 964 I
886 927 907 964 1
936 938 974 975 p.
1004 927 1042 975 7,
1069 926 1093 964 6
1126 924 1200 977 τὴν
1232 923 1359 977 αὐτὴν
1391 921 1434 964 δὲ
1465 922 1531 964 καὶ
1569 923 1793 981 τρυγῳδίαν

246 983 346 1036 φασὶ
378 983 444 1025 διὰ
481 984 523 1025 τὸ
561 988 644 1034 τοῖς
680 984 960 1037 εὐδοκιμοῦσιν
998 983 1063 1025 ἐπὶ
1100 988 1152 1040 τῷ
1182 984 1353 1042 Ληναίῳ
1391 987 1553 1038 γλεῦκος
1591 983 1794 1033 δίδοσθαι,

246 1044 340 1100 ὅπερ
381 1044 548 1085 ἐκάλουν
583 1045 726 1099 τρύγα,
769 1042 795 1097 ἢ
835 1044 894 1084 ὅτι
934 1044 1053 1098 μήπω
1096 1045 1356 1099 προσωπείων
1398 1043 1639 1099 ηὑρημένων
1682 1043 1794 1098 τρυγὶ

246 1105 486 1160 διαχρίοντες
516 1103 563 1144 τὰ
587 1105 780 1158 πρόσωπα
805 1103 1076 1159 ὑπεκρίνοντο,
1126 1106 1271 1145 Athen.
1297 1106 1340 1145 Π
1363 1119 1401 1156 p.
1430 1105 1534 1145 4OA
1560 1105 1793 1158 Σιμωνίδης

245 1165 318 1218 τὴν
349 1164 476 1218 αὐτὴν
507 1163 633 1220 ἀρχὴν
669 1165 834 1218 τίθησιν
872 1165 987 1205 οἴνου
1024 1164 1091 1206 καὶ
1130 1171 1341 1218 μουσικῆς·
1379 1164 1458 1206 ἀπὸ
1497 1163 1626 1218 μέθης
1662 1164 1729 1205 καὶ
1767 1163 1791 1218 ἡ

245 1231 315 1278 τῆς
346 1225 555 1282 κωμῳδίας
585 1224 652 1266 καὶ
683 1223 709 1277 ἡ
740 1231 811 1278 τῆς
842 1226 1062 1282 τραγῳδίας
1093 1225 1245 1280 εὕρεσις
1275 1224 1319 1266 ἐν
1340 1222 1494 1281 Ἰκαρίῳ
1526 1231 1596 1278 τῆς
1617 1222 1794 1279 Ἀττικῆς

244 1284 409 1340 εὑρέθη,
440 1284 506 1325 καὶ
536 1281 617 1325 κατ’
652 1284 775 1325 αὐτόν
806 1285 875 1327 τὸν
906 1292 977 1339 τῆς
1007 1286 1154 1340 τρύγης
1184 1285 1325 1340 καιρόν
1356 1282 1424 1337 ἀφ’
1460 1281 1508 1326 οὗ
1536 1285 1586 1338 δὴ
1613 1284 1679 1326 καὶ
1704 1301 1793 1340 τρυ-

243 1346 369 1402 γῳδία
400 1346 443 1387 τὸ
474 1352 632 1400 πρῶτον
663 1345 816 1398 ἐκλήθη
849 1344 874 1399 ἡ
906 1346 1104 1403 κωμῳδία.
1169 1346 1318 1386 Contra
1349 1350 1390 1386 et
1420 1347 1614 1386 Horatius
1646 1349 1687 1386 et
1714 1347 1791 1386 Lu-

245 1407 360 1446 cilius
393 1407 536 1446 docent
567 1407 819 1458 tragoediam
851 1420 875 1446 a
907 1409 1002 1446 uino
1034 1420 1178 1447 nomen
1211 1409 1252 1446 et
1284 1408 1479 1459 originem
1515 1407 1690 1457 duxisse,
1727 1407 1793 1447 hic

245 1467 360 1506 (locet
389 1467 526 1506 Liberi
558 1469 741 1507 cantores
772 1469 995 1518 praemium
1027 1469 1115 1506 uini
1146 1467 1289 1507 cadum
1321 1469 1537 1518 accepisse,
1575 1468 1645 1506 ille
1683 1468 1792 1507 faece

244 1528 404 1566 uinaria
442 1528 568 1566 illitos
607 1529 789 1567 cantasse
827 1529 1063 1577 antiquitus.
1133 1526 1219 1573 Quo
1265 1530 1425 1566 auctore
1469 1529 1529 1566 ita
1573 1527 1799 1577 docuerint,·

245 1599 324 1627 non
357 1589 524 1627 constat.
575 1587 719 1626 Accius
750 1599 843 1626 sane
870 1587 1138 1627 didascalicon
1164 1587 1267 1626 libro
1293 1588 1334 1626 H
1358 1589 1606 1626 tractauerat
1631 1589 1800 1627 similia:

246 1647 375 1686 Mores
406 1647 564 1686 Atticos
596 1649 827 1697 saepissime
858 1649 991 1699 tangit
1016 1649 1147 1698 poeta,
1179 1650 1226 1686 ut·
1249 1647 1316 1686 lib.
1337 1647 1394 1686 IX
1414 1661 1450 1686 u.
1474 1649 1553 1686 321
1581 1647 1614 1685 X
1635 1662 1671 1686 u.
1694 1649 1791 1686 388.

937 1963 1088 2020 XIII.

366 2061 476 2108 438.
508 2067 663 2107 Nonius
688 2081 726 2119 p.
749 2069 847 2118 281,
869 2070 923 2107 24
949 2066 1163 2108 ‘Dominus
1188 2082 1347 2109 rursum
1367 2071 1595 2120 appellatur
1615 2071 1792 2109 conuiuii

246 2127 461 2178 exhibitor3
491 2127 596 2167 unde
628 2130 669 2167 et
700 2128 878 2168 dominia
910 2131 1106 2169 conuiuia.
1142 2161 1148 2168 .
1172 2161 1178 2168 .
1202 2162 1208 2168 .
1235 2129 1340 2169 idem
1371 2130 1439 2169 lib.
1460 2130 1559 2169 XIII
1585 2127 1792 2181 “primum

248 2185 581 2228 ...tollantur''.
644 2186 863 2240 Turpilius'
908 2203 938 2228 e.
960 2203 996 2240 q.
1017 2202 1046 2229 s.
1108 2190 1222 2228 Nihil
1266 2190 1513 2241 probabilius
1555 2192 1688 2230 uisum
1732 2193 1793 2231 est

246 2247 405 2287 Haueto
436 2248 532 2287 Rev.
559 2248 595 2287 d.
621 2248 718 2298 phil.
745 2248 840 2287 XIV
870 2250 984 2288 1890
1016 2263 1053 2300 p.
1077 2251 1130 2288 29
1171 2262 1293 2300 quam
1330 2252 1533 2302 integrum
1569 2263 1729 2290 uersum
1768 2264 1792 2290 a

246 2309 508 2360 grammatico
534 2307 694 2358 adferri,
727 2309 796 2359 qui
821 2309 1037 2348 secundum
1061 2309 1209 2349 Lucilii
1233 2311 1559 2350 consuetudinem
1585 2324 1798 2350 caesuram

247 2369 574 2418 semiquinariam
597 2367 783 2408 habuerit
807 2370 850 2407 in
876 2372 989 2418 atque
1013 2371 1246 2420 particula·
1275 2370 1406 2416 Quare
1426 2383 1516 2410 cum
1533 2371 1578 2409 L.
1598 2371 1790 2411 Muellero

247 2427 384 2466 tollant
419 2427 670 2467 scribendum
707 2429 838 2478 duxit,
876 2442 926 2467 ur
962 2431 1008 2468 ut
1044 2431 1185 2469 natum
1223 2431 1277 2469 sit
1314 2443 1360 2469 ex
1399 2432 1582 2482 sequenti
1616 2431 1791 2482 Turpilii

247 2488 423 2527 nomine:
461 2500 582 2538 quam
619 2490 860 2528 sententiam
897 2502 971 2541 ego
1009 2502 1166 2540 quoque
1209 2490 1423 2540 probaram
1463 2504 1591 2541 neque
1631 2492 1791 2530 domnia

247 2548 381 2597 potius
413 2547 663 2588 scribendum
694 2562 784 2589 cum
814 2549 1080 2589 Baeherensio
1111 2563 1240 2600 neque
1271 2550 1431 2589 donzina
1462 2553 1477 2589 i
1509 2553 1549 2590 et
1580 2551 1643 2589 hic
1676 2553 1716 2590 et
1747 2553 1790 2590 in

247 2609 380 2646 omnia
420 2609 566 2647 extrita
609 2621 699 2648 cum
735 2609 992 2649 Lachmanno
1037 2604 1195 2664 (comm.
1221 2612 1264 2649 in
1296 2610 1410 2650 Lucr.
1438 2625 1475 2662 p.
1505 2612 1571 2650 73.
1608 2605 1712 2664 129)
1751 2613 1791 2650 et

247 2667 290 2705 L.
323 2667 532 2718 Muellero‚
580 2670 649 2719 qui
692 2670 740 2708 de
783 2670 958 2708 dominia
1000 2670 1187 2709 uocabuli
1229 2683 1416 2710 mensura
1459 2671 1658 2710 consentit
1701 2684 1790 2709 cum

247 2727 514 2778 Lachmanno,
545 2728 594 2768 de
624 2731 758 2768 omnia
788 2729 983 2768 dissentit.
1040 2729 1307 2769 Statuendum
1338 2744 1421 2770 esse
1454 2731 1604 2770 credidi
1629 2733 1789 2781 poetam

248 2788 318 2837 qui
348 2787 455 2838 apud
479 2787 645 2827 Homeri
668 2790 905 2840 interpretes
930 2789 1074 2841 legerit
1098 2791 1247 2841 passim
1273 2788 1503 2830 ἐκτετάσθαι
1527 2789 1600 2841 τὴν
1625 2789 1788 2844 πρώτην

247 2846 466 2899 συλλαβήν,
504 2844 558 2895 ὥς
594 2845 658 2887 ἐπὶ
693 2854 764 2888 τοῦ
803 2847 1012 2888 ἀθανάτου
1042 2847 1108 2888 καὶ
1139 2847 1343 2901 ἀκαμάτου
1375 2845 1525 2904 (Strab.
1551 2850 1608 2888 IX
1639 2864 1676 2901 p.
1699 2852 1783 2889 419

249 2909 345 2946 extr.
378 2906 560 2946 Schulzei
591 2907 750 2954 Quaest.
777 2910 874 2960 epic.
901 2923 938 2959 p.
963 2904 1066 2963 141)
1110 2910 1152 2948 in
1196 2909 1390 2949 uocabulo
1434 2911 1788 2960 proceleusmatico

249 2966 481 3017 produxisse
529 2969 700 3018 primam
749 2969 945 3020 syllabam
986 2971 1032 3007 ut
1074 2970 1196 3022 uulgo
1240 2969 1285 3007 fit
1327 2971 1370 3007 in
1412 2970 1602 3018 reliquiae
1643 2971 1788 3020 reliyio.

249 3026 399 3065 Tamen
423 3027 524 3066 talia
547 3028 695 3068 uitasse
721 3041 761 3068 se
786 3031 906 3080 poeta
931 3029 1179 3069 demonstrat
1202 3030 1340 3068 incert.
1366 3043 1402 3068 u.
1427 3030 1559 3069 1295:
1585 3032 1789 3081 passiuum

250 3087 434 3126 tollamur
469 3087 534 3126 hic
571 3089 685 3127 unioe
724 3092 861 3140 aptum
907 3091 983 3138 cst,
1024 3090 1200 3129 actiuum
1245 3090 1381 3127 {allant
1415 3090 1660 3141 languidum.
1731 3090 1790 3128 De

1436 3157 1504 3192 11ὃ
