<?xml version="1.0" encoding="UTF-8"?>
<!DOCTYPE html PUBLIC "-//W3C//DTD XHTML 1.0 Transitional//EN"
    "http://www.w3.org/TR/xhtml1/DTD/xhtml1-transitional.dtd">
<html xmlns="http://www.w3.org/1999/xhtml" xml:lang="en" lang="en">
 <head>
  <title>
</title>
<meta http-equiv="Content-Type" content="text/html;charset=utf-8" />
  <meta name='ocr-system' content='tesseract 3.04.00' />
  <meta name='ocr-capabilities' content='ocr_page ocr_carea ocr_par ocr_line ocrx_word'/>
</head>
<body>
  <div class='ocr_page' id='page_1' title='image "./carminumreliquia02luciuoft_0244.png"; bbox 0 0 2060 3444; ppageno 0'>
   <div class='ocr_carea' id='block_1_1' title="bbox 329 243 1269 286">
    <p class='ocr_par' dir='ltr' id='par_1_1' title="bbox 329 243 1269 286">
     <span class='ocr_line' id='line_1_1' title="bbox 329 243 1269 286; baseline -0.006 0"><span class='ocrx_word' id='word_1_1' title='bbox 329 244 417 286; x_wconf 83' lang='grc'>212</span> <span class='ocrx_word' id='word_1_2' title='bbox 916 243 983 278; x_wconf 86' lang='grc' dir='ltr'>ΧΧ</span> <span class='ocrx_word' id='word_1_3' title='bbox 1008 256 1043 280; x_wconf 86' lang='lat' dir='ltr'>u.</span> <span class='ocrx_word' id='word_1_4' title='bbox 1071 247 1269 280; x_wconf 64' lang='lat' dir='ltr'>see—570.</span> 
     </span>
    </p>
   </div>
   <div class='ocr_carea' id='block_1_2' title="bbox 293 356 1904 2908">
    <p class='ocr_par' dir='ltr' id='par_1_2' title="bbox 293 356 1904 1777">
     <span class='ocr_line' id='line_1_2' title="bbox 329 356 1859 408; baseline 0.001 -13"><span class='ocrx_word' id='word_1_5' title='bbox 329 357 510 407; x_wconf 78' lang='lat' dir='ltr'>Apparet</span> <span class='ocrx_word' id='word_1_6' title='bbox 540 357 771 396; x_wconf 89' lang='lat' dir='ltr'>conuiuium</span> <span class='ocrx_word' id='word_1_7' title='bbox 802 356 971 395; x_wconf 81' lang='lat' dir='ltr'>describi</span> <span class='ocrx_word' id='word_1_8' title='bbox 1002 357 1233 407; x_wconf 90' lang='lat' dir='ltr'>opulentum</span> <span class='ocrx_word' id='word_1_9' title='bbox 1265 358 1305 395; x_wconf 91' lang='lat' dir='ltr'>et</span> <span class='ocrx_word' id='word_1_10' title='bbox 1335 358 1556 408; x_wconf 89' lang='lat' dir='ltr'>opiparum,</span> <span class='ocrx_word' id='word_1_11' title='bbox 1588 358 1706 408; x_wconf 89' lang='lat' dir='ltr'>quale</span> <span class='ocrx_word' id='word_1_12' title='bbox 1731 358 1859 398; x_wconf 81' lang='lat' dir='ltr'>Hora-</span> 
     </span>
     <span class='ocr_line' id='line_1_3' title="bbox 329 414 1863 467; baseline 0.001 -12"><span class='ocrx_word' id='word_1_13' title='bbox 329 417 410 456; x_wconf 84' lang='lat' dir='ltr'>tius</span> <span class='ocrx_word' id='word_1_14' title='bbox 442 429 554 455; x_wconf 91' lang='lat' dir='ltr'>serm.</span> <span class='ocrx_word' id='word_1_15' title='bbox 580 416 623 454; x_wconf 88' lang='grc' dir='ltr'>Π</span> <span class='ocrx_word' id='word_1_16' title='bbox 649 416 673 454; x_wconf 91' lang='lat'>8</span> <span class='ocrx_word' id='word_1_17' title='bbox 701 414 926 467; x_wconf 70' lang='lat' dir='ltr'>descripsit:</span> <span class='ocrx_word' id='word_1_18' title='bbox 959 429 1077 466; x_wconf 89' lang='lat' dir='ltr'>quem</span> <span class='ocrx_word' id='word_1_19' title='bbox 1102 430 1138 454; x_wconf 92' lang='lat' dir='ltr'>u.</span> <span class='ocrx_word' id='word_1_20' title='bbox 1168 419 1218 455; x_wconf 90' lang='lat'>11</span> <span class='ocrx_word' id='word_1_21' title='bbox 1248 418 1450 456; x_wconf 91' lang='lat' dir='ltr'>imitatum</span> <span class='ocrx_word' id='word_1_22' title='bbox 1476 430 1559 457; x_wconf 89' lang='lat' dir='ltr'>esse</span> <span class='ocrx_word' id='word_1_23' title='bbox 1586 418 1690 457; x_wconf 89' lang='lat' dir='ltr'>hunc</span> <span class='ocrx_word' id='word_1_24' title='bbox 1714 417 1863 458; x_wconf 84' lang='lat' dir='ltr'>Lucil-ii.</span> 
     </span>
     <span class='ocr_line' id='line_1_4' title="bbox 330 475 1861 528; baseline 0.001 -14"><span class='ocrx_word' id='word_1_25' title='bbox 330 490 365 514; x_wconf 94' lang='lat' dir='ltr'>u.</span> <span class='ocrx_word' id='word_1_26' title='bbox 399 475 565 514; x_wconf 84' lang='lat' dir='ltr'>adnotat</span> <span class='ocrx_word' id='word_1_27' title='bbox 589 476 734 515; x_wconf 90' lang='lat' dir='ltr'>Dousa.</span> <span class='ocrx_word' id='word_1_28' title='bbox 795 475 1069 515; x_wconf 74' lang='lat' dir='ltr'>Praecesserat</span> <span class='ocrx_word' id='word_1_29' title='bbox 1099 477 1337 527; x_wconf 87' lang='lat' dir='ltr'>gustationis</span> <span class='ocrx_word' id='word_1_30' title='bbox 1369 477 1580 528; x_wconf 85' lang='lat' dir='ltr'>descriptio</span> <span class='ocrx_word' id='word_1_31' title='bbox 1613 479 1730 516; x_wconf 90' lang='lat' dir='ltr'>sicuti</span> <span class='ocrx_word' id='word_1_32' title='bbox 1755 478 1861 528; x_wconf 89' lang='lat' dir='ltr'>apud</span> 
     </span>
     <span class='ocr_line' id='line_1_5' title="bbox 331 532 1904 587; baseline 0.001 -14"><span class='ocrx_word' id='word_1_33' title='bbox 331 536 542 574; x_wconf 86' lang='lat' dir='ltr'>Horatium</span> <span class='ocrx_word' id='word_1_34' title='bbox 567 549 605 573; x_wconf 94' lang='grc' dir='ltr'>ιι.</span> <span class='ocrx_word' id='word_1_35' title='bbox 634 535 658 573; x_wconf 88' lang='grc'>6</span> <span class='ocrx_word' id='word_1_36' title='bbox 694 532 750 573; x_wconf 79' lang='lat' dir='ltr'>‘in</span> <span class='ocrx_word' id='word_1_37' title='bbox 785 536 925 585; x_wconf 90' lang='lat' dir='ltr'>primis</span> <span class='ocrx_word' id='word_1_38' title='bbox 956 535 1138 574; x_wconf 89' lang='lat' dir='ltr'>Lucanus</span> <span class='ocrx_word' id='word_1_39' title='bbox 1176 548 1298 585; x_wconf 91' lang='lat' dir='ltr'>aper.</span> <span class='ocrx_word' id='word_1_40' title='bbox 1322 568 1328 574; x_wconf 98' lang='lat'>.</span> <span class='ocrx_word' id='word_1_41' title='bbox 1351 568 1357 574; x_wconf 96' lang='lat'>.</span> <span class='ocrx_word' id='word_1_42' title='bbox 1379 537 1486 575; x_wconf 87' lang='lat' dir='ltr'>acria</span> <span class='ocrx_word' id='word_1_43' title='bbox 1523 538 1670 576; x_wconf 92' lang='lat' dir='ltr'>circum</span> <span class='ocrx_word' id='word_1_44' title='bbox 1706 538 1860 587; x_wconf 82' lang='lat' dir='ltr'>rapula,</span> <span class='ocrx_word' id='word_1_45' title='bbox 1902 579 1904 581; x_wconf 59' lang='grc'><strong>,</strong></span> 
     </span>
     <span class='ocr_line' id='line_1_6' title="bbox 329 595 1861 647; baseline 0.001 -15"><span class='ocrx_word' id='word_1_46' title='bbox 329 596 521 644; x_wconf 84' lang='lat' dir='ltr'>lactucae,</span> <span class='ocrx_word' id='word_1_47' title='bbox 551 595 703 634; x_wconf 86' lang='lat' dir='ltr'>radices</span> <span class='ocrx_word' id='word_1_48' title='bbox 725 626 732 633; x_wconf 93' lang='lat'>.</span> <span class='ocrx_word' id='word_1_49' title='bbox 755 627 762 633; x_wconf 90' lang='lat'>.</span> <span class='ocrx_word' id='word_1_50' title='bbox 785 626 791 633; x_wconf 98' lang='lat'>.</span> <span class='ocrx_word' id='word_1_51' title='bbox 813 597 920 644; x_wconf 91' lang='lat' dir='ltr'>siser,</span> <span class='ocrx_word' id='word_1_52' title='bbox 952 595 1063 644; x_wconf 87' lang='lat' dir='ltr'>allec,</span> <span class='ocrx_word' id='word_1_53' title='bbox 1089 596 1243 634; x_wconf 82' lang='lat' dir='ltr'>faecula</span> <span class='ocrx_word' id='word_1_54' title='bbox 1270 595 1360 634; x_wconf 81' lang='lat' dir='ltr'>Coa.</span> <span class='ocrx_word' id='word_1_55' title='bbox 1387 596 1448 635; x_wconf 89' lang='lat' dir='ltr'>his</span> <span class='ocrx_word' id='word_1_56' title='bbox 1477 596 1546 634; x_wconf 90' lang='lat' dir='ltr'>ubi</span> <span class='ocrx_word' id='word_1_57' title='bbox 1571 596 1738 635; x_wconf 90' lang='lat' dir='ltr'>sublatis</span> <span class='ocrx_word' id='word_1_58' title='bbox 1762 610 1861 647; x_wconf 89' lang='lat' dir='ltr'>puer</span> 
     </span>
     <span class='ocr_line' id='line_1_7' title="bbox 332 653 1860 706; baseline 0.001 -13"><span class='ocrx_word' id='word_1_59' title='bbox 332 655 412 694; x_wconf 87' lang='lat' dir='ltr'>alte</span> <span class='ocrx_word' id='word_1_60' title='bbox 444 656 596 693; x_wconf 87' lang='lat' dir='ltr'>cinctus</span> <span class='ocrx_word' id='word_1_61' title='bbox 629 667 810 694; x_wconf 86' lang='lat' dir='ltr'>acernam</span> <span class='ocrx_word' id='word_1_62' title='bbox 849 666 1023 705; x_wconf 82' lang='lat' dir='ltr'>gausape</span> <span class='ocrx_word' id='word_1_63' title='bbox 1060 667 1258 705; x_wconf 88' lang='lat' dir='ltr'>purpureo</span> <span class='ocrx_word' id='word_1_64' title='bbox 1296 668 1472 694; x_wconf 89' lang='lat' dir='ltr'>mensam</span> <span class='ocrx_word' id='word_1_65' title='bbox 1508 653 1722 706; x_wconf 87' lang='lat' dir='ltr'>pertersit’:</span> <span class='ocrx_word' id='word_1_66' title='bbox 1754 657 1860 694; x_wconf 88' lang='lat' dir='ltr'>simi·</span> 
     </span>
     <span class='ocr_line' id='line_1_8' title="bbox 330 710 1862 769; baseline 0.001 -17"><span class='ocrx_word' id='word_1_67' title='bbox 330 715 423 753; x_wconf 88' lang='lat' dir='ltr'>liter</span> <span class='ocrx_word' id='word_1_68' title='bbox 454 727 516 764; x_wconf 87' lang='lat' dir='ltr'>ap.</span> <span class='ocrx_word' id='word_1_69' title='bbox 542 714 774 753; x_wconf 66' lang='lat' dir='ltr'>Petu-onium</span> <span class='ocrx_word' id='word_1_70' title='bbox 804 716 896 764; x_wconf 87' lang='lat' dir='ltr'>post</span> <span class='ocrx_word' id='word_1_71' title='bbox 927 713 1193 766; x_wconf 88' lang='lat' dir='ltr'>gustationem</span> <span class='ocrx_word' id='word_1_72' title='bbox 1220 710 1322 768; x_wconf 84' lang='lat' dir='ltr'>(cap.</span> <span class='ocrx_word' id='word_1_73' title='bbox 1351 710 1426 769; x_wconf 89' lang='lat'>31)</span> <span class='ocrx_word' id='word_1_74' title='bbox 1457 717 1692 754; x_wconf 88' lang='lat' dir='ltr'>euerruntur</span> <span class='ocrx_word' id='word_1_75' title='bbox 1716 729 1862 767; x_wconf 87' lang='lat' dir='ltr'>purga-</span> 
     </span>
     <span class='ocr_line' id='line_1_9' title="bbox 330 768 1861 827; baseline 0 -14"><span class='ocrx_word' id='word_1_76' title='bbox 330 776 465 813; x_wconf 87' lang='lat' dir='ltr'>menta</span> <span class='ocrx_word' id='word_1_77' title='bbox 496 775 624 824; x_wconf 90' lang='lat' dir='ltr'>scopis</span> <span class='ocrx_word' id='word_1_78' title='bbox 656 768 760 827; x_wconf 90' lang='lat' dir='ltr'>(cap.</span> <span class='ocrx_word' id='word_1_79' title='bbox 789 769 875 827; x_wconf 90' lang='lat'>34).</span> <span class='ocrx_word' id='word_1_80' title='bbox 902 795 960 801; x_wconf 93' lang='lat'>—</span> <span class='ocrx_word' id='word_1_81' title='bbox 986 777 1076 812; x_wconf 68' lang='lat' dir='ltr'>tunc</span> <span class='ocrx_word' id='word_1_82' title='bbox 1106 774 1217 823; x_wconf 86' lang='lat' dir='ltr'>codd,</span> <span class='ocrx_word' id='word_1_83' title='bbox 1250 777 1330 813; x_wconf 72' lang='lat' dir='ltr'>twm</span> <span class='ocrx_word' id='word_1_84' title='bbox 1355 774 1648 813; x_wconf 85' lang='lat' dir='ltr'>Lachmannus:</span> <span class='ocrx_word' id='word_1_85' title='bbox 1681 788 1753 826; x_wconf 89' lang='lat' dir='ltr'>ego</span> <span class='ocrx_word' id='word_1_86' title='bbox 1781 776 1861 813; x_wconf 90' lang='lat' dir='ltr'>tra-</span> 
     </span>
     <span class='ocr_line' id='line_1_10' title="bbox 331 833 1862 884; baseline 0.001 -13"><span class='ocrx_word' id='word_1_87' title='bbox 331 834 458 872; x_wconf 88' lang='lat' dir='ltr'>ditum</span> <span class='ocrx_word' id='word_1_88' title='bbox 490 835 535 884; x_wconf 88' lang='lat' dir='ltr'>ut</span> <span class='ocrx_word' id='word_1_89' title='bbox 564 833 631 871; x_wconf 89' lang='lat' dir='ltr'>lib.</span> <span class='ocrx_word' id='word_1_90' title='bbox 657 833 766 872; x_wconf 92' lang='lat' dir='ltr'>XXX</span> <span class='ocrx_word' id='word_1_91' title='bbox 791 846 829 871; x_wconf 89' lang='grc' dir='ltr'>ιι.</span> <span class='ocrx_word' id='word_1_92' title='bbox 858 834 941 872; x_wconf 86' lang='grc'>985</span> <span class='ocrx_word' id='word_1_93' title='bbox 975 835 1130 872; x_wconf 87' lang='lat' dir='ltr'>mutare</span> <span class='ocrx_word' id='word_1_94' title='bbox 1161 847 1240 872; x_wconf 92' lang='lat' dir='ltr'>non</span> <span class='ocrx_word' id='word_1_95' title='bbox 1272 834 1417 883; x_wconf 87' lang='lat' dir='ltr'>audeo,</span> <span class='ocrx_word' id='word_1_96' title='bbox 1449 847 1538 873; x_wconf 89' lang='lat' dir='ltr'>cum</span> <span class='ocrx_word' id='word_1_97' title='bbox 1568 834 1611 872; x_wconf 90' lang='lat' dir='ltr'>in</span> <span class='ocrx_word' id='word_1_98' title='bbox 1642 846 1716 873; x_wconf 88' lang='lat' dir='ltr'>usu</span> <span class='ocrx_word' id='word_1_99' title='bbox 1748 835 1862 874; x_wconf 89' lang='lat' dir='ltr'>cotti-</span> 
     </span>
     <span class='ocr_line' id='line_1_11' title="bbox 333 893 1867 943; baseline 0 -11"><span class='ocrx_word' id='word_1_100' title='bbox 333 893 443 932; x_wconf 88' lang='lat' dir='ltr'>diani</span> <span class='ocrx_word' id='word_1_101' title='bbox 492 894 682 932; x_wconf 89' lang='lat' dir='ltr'>sermonis</span> <span class='ocrx_word' id='word_1_102' title='bbox 732 893 848 932; x_wconf 87' lang='lat' dir='ltr'>facile</span> <span class='ocrx_word' id='word_1_103' title='bbox 898 896 980 932; x_wconf 78' lang='lat' dir='ltr'>tum</span> <span class='ocrx_word' id='word_1_104' title='bbox 1028 894 1069 931; x_wconf 86' lang='lat' dir='ltr'>et</span> <span class='ocrx_word' id='word_1_105' title='bbox 1117 896 1207 932; x_wconf 77' lang='lat' dir='ltr'>tunc</span> <span class='ocrx_word' id='word_1_106' title='bbox 1255 893 1458 943; x_wconf 88' lang='lat' dir='ltr'>potuerint</span> <span class='ocrx_word' id='word_1_107' title='bbox 1512 894 1717 933; x_wconf 85' lang='lat' dir='ltr'>confundi:</span> <span class='ocrx_word' id='word_1_108' title='bbox 1773 895 1867 933; x_wconf 85' lang='lat' dir='ltr'>conf</span> 
     </span>
     <span class='ocr_line' id='line_1_12' title="bbox 333 952 1866 1003; baseline 0.001 -12"><span class='ocrx_word' id='word_1_109' title='bbox 333 953 660 992; x_wconf 81' lang='lat' dir='ltr'>Friedlaenderus</span> <span class='ocrx_word' id='word_1_110' title='bbox 693 952 744 991; x_wconf 89' lang='lat' dir='ltr'>ad</span> <span class='ocrx_word' id='word_1_111' title='bbox 774 953 910 991; x_wconf 87' lang='lat' dir='ltr'>quen.</span> <span class='ocrx_word' id='word_1_112' title='bbox 935 953 992 991; x_wconf 91' lang='lat' dir='ltr'>IX</span> <span class='ocrx_word' id='word_1_113' title='bbox 1021 953 1115 991; x_wconf 88' lang='lat'>118.</span> <span class='ocrx_word' id='word_1_114' title='bbox 1171 953 1204 991; x_wconf 87' lang='grc' dir='ltr'><strong>Ε</strong></span> <span class='ocrx_word' id='word_1_115' title='bbox 1237 966 1413 992; x_wconf 90' lang='lat' dir='ltr'>sermone</span> <span class='ocrx_word' id='word_1_116' title='bbox 1445 952 1664 992; x_wconf 87' lang='lat' dir='ltr'>cottidiano</span> <span class='ocrx_word' id='word_1_117' title='bbox 1695 953 1866 1003; x_wconf 87' lang='lat' dir='ltr'>arripuit</span> 
     </span>
     <span class='ocr_line' id='line_1_13' title="bbox 293 1011 1864 1063; baseline 0 -12"><span class='ocrx_word' id='word_1_118' title='bbox 293 1057 296 1060; x_wconf 40' lang='grc'>,</span> <span class='ocrx_word' id='word_1_119' title='bbox 328 1025 506 1063; x_wconf 77' lang='lat' dir='ltr'>yausape</span> <span class='ocrx_word' id='word_1_120' title='bbox 549 1012 804 1062; x_wconf 86' lang='lat' dir='ltr'>uocabulum,</span> <span class='ocrx_word' id='word_1_121' title='bbox 848 1011 1045 1051; x_wconf 86' lang='lat' dir='ltr'>Gallicum</span> <span class='ocrx_word' id='word_1_122' title='bbox 1090 1013 1194 1062; x_wconf 91' lang='lat' dir='ltr'>quod</span> <span class='ocrx_word' id='word_1_123' title='bbox 1238 1025 1320 1051; x_wconf 90' lang='lat' dir='ltr'>esse</span> <span class='ocrx_word' id='word_1_124' title='bbox 1363 1013 1522 1051; x_wconf 87' lang='lat' dir='ltr'>uidetur</span> <span class='ocrx_word' id='word_1_125' title='bbox 1561 1014 1632 1051; x_wconf 91' lang='lat' dir='ltr'>aut</span> <span class='ocrx_word' id='word_1_126' title='bbox 1667 1012 1864 1052; x_wconf 88' lang='lat' dir='ltr'>Venetum</span> 
     </span>
     <span class='ocr_line' id='line_1_14' title="bbox 333 1067 1862 1126; baseline 0 -16"><span class='ocrx_word' id='word_1_127' title='bbox 333 1067 482 1126; x_wconf 75' lang='lat' dir='ltr'>(Strab.</span> <span class='ocrx_word' id='word_1_128' title='bbox 508 1071 545 1109; x_wconf 91' lang='lat' dir='ltr'>V</span> <span class='ocrx_word' id='word_1_129' title='bbox 570 1086 607 1122; x_wconf 90' lang='lat' dir='ltr'>p.</span> <span class='ocrx_word' id='word_1_130' title='bbox 636 1067 751 1125; x_wconf 90' lang='lat'>218).</span> <span class='ocrx_word' id='word_1_131' title='bbox 778 1093 837 1098; x_wconf 91' lang='lat'>—</span> <span class='ocrx_word' id='word_1_132' title='bbox 863 1073 984 1110; x_wconf 82' lang='lat' dir='ltr'>latas:</span> <span class='ocrx_word' id='word_1_133' title='bbox 1014 1071 1149 1110; x_wconf 92' lang='lat' dir='ltr'>quen.</span> <span class='ocrx_word' id='word_1_134' title='bbox 1176 1072 1232 1110; x_wconf 92' lang='lat' dir='ltr'>XI</span> <span class='ocrx_word' id='word_1_135' title='bbox 1260 1074 1340 1110; x_wconf 86' lang='lat'>121</span> <span class='ocrx_word' id='word_1_136' title='bbox 1378 1069 1532 1122; x_wconf 76' lang='lat' dir='ltr'>‘putere</span> <span class='ocrx_word' id='word_1_137' title='bbox 1570 1072 1756 1111; x_wconf 88' lang='lat' dir='ltr'>uidentur</span> <span class='ocrx_word' id='word_1_138' title='bbox 1793 1086 1862 1110; x_wconf 91' lang='lat' dir='ltr'>un-</span> 
     </span>
     <span class='ocr_line' id='line_1_15' title="bbox 331 1129 1864 1183; baseline -0.001 -12"><span class='ocrx_word' id='word_1_139' title='bbox 331 1134 479 1183; x_wconf 82' lang='lat' dir='ltr'>guenta</span> <span class='ocrx_word' id='word_1_140' title='bbox 511 1134 630 1182; x_wconf 88' lang='lat' dir='ltr'>atque</span> <span class='ocrx_word' id='word_1_141' title='bbox 661 1144 790 1181; x_wconf 88' lang='lat' dir='ltr'>rosae,</span> <span class='ocrx_word' id='word_1_142' title='bbox 828 1132 932 1171; x_wconf 92' lang='lat' dir='ltr'>latos</span> <span class='ocrx_word' id='word_1_143' title='bbox 963 1131 1040 1169; x_wconf 87' lang='lat' dir='ltr'>nisi</span> <span class='ocrx_word' id='word_1_144' title='bbox 1072 1131 1241 1170; x_wconf 88' lang='lat' dir='ltr'>sustinet</span> <span class='ocrx_word' id='word_1_145' title='bbox 1278 1131 1391 1170; x_wconf 87' lang='lat' dir='ltr'>orbes</span> <span class='ocrx_word' id='word_1_146' title='bbox 1429 1132 1578 1183; x_wconf 87' lang='lat' dir='ltr'>grande</span> <span class='ocrx_word' id='word_1_147' title='bbox 1616 1129 1738 1171; x_wconf 92' lang='lat' dir='ltr'>ebur&#39;:</span> <span class='ocrx_word' id='word_1_148' title='bbox 1776 1132 1864 1170; x_wconf 92' lang='lat' dir='ltr'>uni-</span> 
     </span>
     <span class='ocr_line' id='line_1_16' title="bbox 332 1191 1862 1242; baseline 0.001 -13"><span class='ocrx_word' id='word_1_149' title='bbox 332 1193 474 1241; x_wconf 90' lang='lat' dir='ltr'>cuique</span> <span class='ocrx_word' id='word_1_150' title='bbox 512 1191 705 1230; x_wconf 89' lang='lat' dir='ltr'>conuiuae</span> <span class='ocrx_word' id='word_1_151' title='bbox 743 1203 815 1230; x_wconf 90' lang='lat' dir='ltr'>sua</span> <span class='ocrx_word' id='word_1_152' title='bbox 853 1191 1038 1241; x_wconf 87' lang='lat' dir='ltr'>apposita</span> <span class='ocrx_word' id='word_1_153' title='bbox 1074 1192 1160 1229; x_wconf 88' lang='lat' dir='ltr'>erat</span> <span class='ocrx_word' id='word_1_154' title='bbox 1195 1203 1331 1230; x_wconf 86' lang='lat' dir='ltr'>mensa</span> <span class='ocrx_word' id='word_1_155' title='bbox 1373 1191 1490 1231; x_wconf 89' lang='lat' dir='ltr'>sicuti</span> <span class='ocrx_word' id='word_1_156' title='bbox 1529 1205 1590 1242; x_wconf 92' lang='lat' dir='ltr'>ap.</span> <span class='ocrx_word' id='word_1_157' title='bbox 1622 1191 1778 1230; x_wconf 89' lang='lat' dir='ltr'>Petron.</span> <span class='ocrx_word' id='word_1_158' title='bbox 1806 1192 1862 1230; x_wconf 83' lang='lat'>34</span> 
     </span>
     <span class='ocr_line' id='line_1_17' title="bbox 333 1245 1864 1304; baseline 0 -15"><span class='ocrx_word' id='word_1_159' title='bbox 333 1252 397 1289; x_wconf 90' lang='lat' dir='ltr'>uel</span> <span class='ocrx_word' id='word_1_160' title='bbox 423 1251 527 1289; x_wconf 90' lang='lat' dir='ltr'>binis</span> <span class='ocrx_word' id='word_1_161' title='bbox 554 1263 634 1289; x_wconf 88' lang='lat' dir='ltr'>una</span> <span class='ocrx_word' id='word_1_162' title='bbox 655 1246 835 1304; x_wconf 85' lang='lat' dir='ltr'>(Lucian.</span> <span class='ocrx_word' id='word_1_163' title='bbox 862 1252 1015 1289; x_wconf 88' lang='lat' dir='ltr'>conuiu.</span> <span class='ocrx_word' id='word_1_164' title='bbox 1044 1245 1136 1302; x_wconf 85' lang='lat'>38):</span> <span class='ocrx_word' id='word_1_165' title='bbox 1168 1251 1264 1289; x_wconf 87' lang='lat' dir='ltr'>conf</span> <span class='ocrx_word' id='word_1_166' title='bbox 1283 1251 1351 1289; x_wconf 91' lang='lat' dir='ltr'>lib.</span> <span class='ocrx_word' id='word_1_167' title='bbox 1378 1251 1486 1289; x_wconf 90' lang='lat' dir='ltr'>XXX</span> <span class='ocrx_word' id='word_1_168' title='bbox 1511 1265 1548 1289; x_wconf 89' lang='lat' dir='ltr'>u.</span> <span class='ocrx_word' id='word_1_169' title='bbox 1578 1251 1702 1289; x_wconf 82' lang='lat'>1062.</span> <span class='ocrx_word' id='word_1_170' title='bbox 1741 1250 1864 1290; x_wconf 86' lang='lat' dir='ltr'>Paen-</span> 
     </span>
     <span class='ocr_line' id='line_1_18' title="bbox 332 1310 1864 1362; baseline 0 -13"><span class='ocrx_word' id='word_1_171' title='bbox 332 1311 516 1349; x_wconf 89' lang='lat' dir='ltr'>ultimum</span> <span class='ocrx_word' id='word_1_172' title='bbox 553 1311 656 1349; x_wconf 88' lang='lat' dir='ltr'>hunc</span> <span class='ocrx_word' id='word_1_173' title='bbox 693 1310 839 1349; x_wconf 89' lang='lat' dir='ltr'>librum</span> <span class='ocrx_word' id='word_1_174' title='bbox 876 1310 1067 1360; x_wconf 89' lang='lat' dir='ltr'>scriptum</span> <span class='ocrx_word' id='word_1_175' title='bbox 1105 1311 1224 1350; x_wconf 86' lang='lat' dir='ltr'>fuisse</span> <span class='ocrx_word' id='word_1_176' title='bbox 1263 1323 1366 1349; x_wconf 88' lang='lat' dir='ltr'>anno</span> <span class='ocrx_word' id='word_1_177' title='bbox 1404 1311 1485 1349; x_wconf 87' lang='lat' dir='ltr'>fere</span> <span class='ocrx_word' id='word_1_178' title='bbox 1519 1311 1601 1349; x_wconf 84' lang='lat'>647</span> <span class='ocrx_word' id='word_1_179' title='bbox 1605 1311 1714 1362; x_wconf 72' lang='lat' dir='ltr'><em>s107</em></span> <span class='ocrx_word' id='word_1_180' title='bbox 1748 1323 1864 1360; x_wconf 85' lang='lat' dir='ltr'>expo·</span> 
     </span>
     <span class='ocr_line' id='line_1_19' title="bbox 332 1369 1864 1421; baseline 0 -13"><span class='ocrx_word' id='word_1_181' title='bbox 332 1372 482 1409; x_wconf 91' lang='lat' dir='ltr'>suimus</span> <span class='ocrx_word' id='word_1_182' title='bbox 526 1370 701 1421; x_wconf 85' lang='lat' dir='ltr'>prolegg.</span> <span class='ocrx_word' id='word_1_183' title='bbox 727 1383 764 1420; x_wconf 91' lang='lat' dir='ltr'>p.</span> <span class='ocrx_word' id='word_1_184' title='bbox 790 1369 918 1408; x_wconf 91' lang='lat' dir='ltr'>XLIX</span> <span class='ocrx_word' id='word_1_185' title='bbox 961 1382 1040 1419; x_wconf 91' lang='lat' dir='ltr'>quo</span> <span class='ocrx_word' id='word_1_186' title='bbox 1084 1382 1186 1408; x_wconf 88' lang='lat' dir='ltr'>anno</span> <span class='ocrx_word' id='word_1_187' title='bbox 1237 1370 1343 1420; x_wconf 87' lang='lat' dir='ltr'>apud</span> <span class='ocrx_word' id='word_1_188' title='bbox 1389 1369 1582 1409; x_wconf 86' lang='lat' dir='ltr'>Granium</span> <span class='ocrx_word' id='word_1_189' title='bbox 1630 1382 1864 1420; x_wconf 82' lang='lat' dir='ltr'>praeconem</span> 
     </span>
     <span class='ocr_line' id='line_1_20' title="bbox 333 1428 1864 1479; baseline 0.001 -11"><span class='ocrx_word' id='word_1_190' title='bbox 333 1430 375 1468; x_wconf 88' lang='lat' dir='ltr'>L.</span> <span class='ocrx_word' id='word_1_191' title='bbox 403 1428 564 1469; x_wconf 84' lang='lat' dir='ltr'>Crassus</span> <span class='ocrx_word' id='word_1_192' title='bbox 603 1431 737 1468; x_wconf 89' lang='lat' dir='ltr'>orator</span> <span class='ocrx_word' id='word_1_193' title='bbox 774 1431 936 1468; x_wconf 89' lang='lat' dir='ltr'>cenarat</span> <span class='ocrx_word' id='word_1_194' title='bbox 972 1442 1091 1479; x_wconf 87' lang='lat' dir='ltr'>quam</span> <span class='ocrx_word' id='word_1_195' title='bbox 1132 1442 1269 1468; x_wconf 89' lang='lat' dir='ltr'>cenam</span> <span class='ocrx_word' id='word_1_196' title='bbox 1310 1429 1371 1468; x_wconf 88' lang='lat' dir='ltr'>bis</span> <span class='ocrx_word' id='word_1_197' title='bbox 1414 1431 1651 1468; x_wconf 88' lang='lat' dir='ltr'>narrauerat</span> <span class='ocrx_word' id='word_1_198' title='bbox 1687 1428 1864 1469; x_wconf 84' lang='lat' dir='ltr'>Lucilius</span> 
     </span>
     <span class='ocr_line' id='line_1_21' title="bbox 334 1484 1863 1543; baseline 0 -16"><span class='ocrx_word' id='word_1_199' title='bbox 334 1485 444 1543; x_wconf 87' lang='lat' dir='ltr'>(uide</span> <span class='ocrx_word' id='word_1_200' title='bbox 462 1489 598 1527; x_wconf 90' lang='lat' dir='ltr'>incert.</span> <span class='ocrx_word' id='word_1_201' title='bbox 619 1502 655 1527; x_wconf 89' lang='lat' dir='ltr'>u.</span> <span class='ocrx_word' id='word_1_202' title='bbox 680 1484 823 1542; x_wconf 88' lang='lat'>1180).</span> <span class='ocrx_word' id='word_1_203' title='bbox 868 1487 997 1534; x_wconf 84' lang='lat' dir='ltr'>Quare</span> <span class='ocrx_word' id='word_1_204' title='bbox 1022 1488 1123 1527; x_wconf 89' lang='lat' dir='ltr'>nihil</span> <span class='ocrx_word' id='word_1_205' title='bbox 1148 1489 1392 1539; x_wconf 87' lang='lat' dir='ltr'>probabilius</span> <span class='ocrx_word' id='word_1_206' title='bbox 1419 1501 1538 1538; x_wconf 90' lang='lat' dir='ltr'>quam</span> <span class='ocrx_word' id='word_1_207' title='bbox 1564 1488 1701 1527; x_wconf 85' lang='lat' dir='ltr'>Grauii</span> <span class='ocrx_word' id='word_1_208' title='bbox 1728 1501 1863 1527; x_wconf 87' lang='lat' dir='ltr'>cenam</span> 
     </span>
     <span class='ocr_line' id='line_1_22' title="bbox 332 1548 1863 1599; baseline 0 -12"><span class='ocrx_word' id='word_1_209' title='bbox 332 1550 373 1587; x_wconf 92' lang='lat' dir='ltr'>in</span> <span class='ocrx_word' id='word_1_210' title='bbox 405 1549 480 1588; x_wconf 89' lang='lat' dir='ltr'>hoc</span> <span class='ocrx_word' id='word_1_211' title='bbox 511 1548 597 1599; x_wconf 91' lang='lat' dir='ltr'>ipso</span> <span class='ocrx_word' id='word_1_212' title='bbox 629 1551 831 1587; x_wconf 85' lang='lat' dir='ltr'>narratam</span> <span class='ocrx_word' id='word_1_213' title='bbox 869 1549 990 1587; x_wconf 89' lang='lat' dir='ltr'>fuisse</span> <span class='ocrx_word' id='word_1_214' title='bbox 1027 1548 1147 1587; x_wconf 86' lang='lat' dir='ltr'>libro:</span> <span class='ocrx_word' id='word_1_215' title='bbox 1183 1548 1348 1587; x_wconf 89' lang='lat' dir='ltr'>eandem</span> <span class='ocrx_word' id='word_1_216' title='bbox 1384 1550 1530 1587; x_wconf 88' lang='lat' dir='ltr'>iterum</span> <span class='ocrx_word' id='word_1_217' title='bbox 1566 1550 1685 1598; x_wconf 89' lang='lat' dir='ltr'>poeta</span> <span class='ocrx_word' id='word_1_218' title='bbox 1722 1548 1863 1587; x_wconf 89' lang='lat' dir='ltr'>descri-</span> 
     </span>
     <span class='ocr_line' id='line_1_23' title="bbox 332 1606 1866 1659; baseline -0.001 -12"><span class='ocrx_word' id='word_1_219' title='bbox 332 1611 467 1658; x_wconf 87' lang='lat' dir='ltr'>pserat</span> <span class='ocrx_word' id='word_1_220' title='bbox 491 1608 557 1647; x_wconf 91' lang='lat' dir='ltr'>lib.</span> <span class='ocrx_word' id='word_1_221' title='bbox 577 1607 682 1657; x_wconf 90' lang='lat' dir='ltr'>XXI,</span> <span class='ocrx_word' id='word_1_222' title='bbox 708 1608 859 1659; x_wconf 86' lang='lat' dir='ltr'>opinor,</span> <span class='ocrx_word' id='word_1_223' title='bbox 886 1607 954 1658; x_wconf 91' lang='lat' dir='ltr'>qui</span> <span class='ocrx_word' id='word_1_224' title='bbox 980 1608 1108 1657; x_wconf 88' lang='lat' dir='ltr'>periit.</span> <span class='ocrx_word' id='word_1_225' title='bbox 1149 1606 1328 1646; x_wconf 85' lang='lat' dir='ltr'>Gonuiua</span> <span class='ocrx_word' id='word_1_226' title='bbox 1354 1607 1492 1647; x_wconf 83' lang='lat' dir='ltr'>Granii</span> <span class='ocrx_word' id='word_1_227' title='bbox 1516 1609 1613 1647; x_wconf 85' lang='lat' dir='ltr'>item</span> <span class='ocrx_word' id='word_1_228' title='bbox 1639 1609 1770 1646; x_wconf 89' lang='lat' dir='ltr'>fuerat</span> <span class='ocrx_word' id='word_1_229' title='bbox 1794 1608 1866 1646; x_wconf 84' lang='lat' dir='ltr'>illa</span> 
     </span>
     <span class='ocr_line' id='line_1_24' title="bbox 333 1666 1866 1707; baseline -0.001 0"><span class='ocrx_word' id='word_1_230' title='bbox 333 1670 375 1706; x_wconf 89' lang='lat' dir='ltr'>in</span> <span class='ocrx_word' id='word_1_231' title='bbox 419 1681 516 1707; x_wconf 87' lang='lat' dir='ltr'>cena</span> <span class='ocrx_word' id='word_1_232' title='bbox 558 1667 734 1706; x_wconf 88' lang='lat' dir='ltr'>Lucilius</span> <span class='ocrx_word' id='word_1_233' title='bbox 779 1680 867 1706; x_wconf 91' lang='lat' dir='ltr'>cum</span> <span class='ocrx_word' id='word_1_234' title='bbox 911 1667 1060 1706; x_wconf 87' lang='lat' dir='ltr'>Romae</span> <span class='ocrx_word' id='word_1_235' title='bbox 1103 1668 1321 1706; x_wconf 85' lang='lat' dir='ltr'>etiamtunc</span> <span class='ocrx_word' id='word_1_236' title='bbox 1363 1669 1600 1707; x_wconf 89' lang='lat' dir='ltr'>uersaretur.</span> <span class='ocrx_word' id='word_1_237' title='bbox 1669 1666 1771 1706; x_wconf 88' lang='lat' dir='ltr'>Vide</span> <span class='ocrx_word' id='word_1_238' title='bbox 1815 1666 1866 1706; x_wconf 83' lang='lat' dir='ltr'>ad</span> 
     </span>
     <span class='ocr_line' id='line_1_25' title="bbox 333 1728 952 1777; baseline -0.002 -10"><span class='ocrx_word' id='word_1_239' title='bbox 333 1730 470 1767; x_wconf 88' lang='lat' dir='ltr'>incert.</span> <span class='ocrx_word' id='word_1_240' title='bbox 496 1741 533 1766; x_wconf 90' lang='lat' dir='ltr'>u.</span> <span class='ocrx_word' id='word_1_241' title='bbox 564 1729 676 1766; x_wconf 88' lang='grc'>1174</span> <span class='ocrx_word' id='word_1_242' title='bbox 691 1739 798 1777; x_wconf 91' lang='lat' dir='ltr'>seqq.</span> <span class='ocrx_word' id='word_1_243' title='bbox 828 1728 952 1766; x_wconf 90' lang='grc'>1180.</span> 
     </span>
    </p>

    <p class='ocr_par' dir='ltr' id='par_1_3' title="bbox 334 1783 1868 2908">
     <span class='ocr_line' id='line_1_26' title="bbox 459 1783 1865 1839; baseline 0 -13"><span class='ocrx_word' id='word_1_244' title='bbox 459 1783 570 1827; x_wconf 84' lang='grc'>569.</span> <span class='ocrx_word' id='word_1_245' title='bbox 602 1787 755 1826; x_wconf 89' lang='lat' dir='ltr'>Nonius</span> <span class='ocrx_word' id='word_1_246' title='bbox 787 1800 832 1826; x_wconf 83' lang='lat' dir='ltr'>ex</span> <span class='ocrx_word' id='word_1_247' title='bbox 864 1787 1124 1839; x_wconf 88' lang='lat' dir='ltr'>grammatico</span> <span class='ocrx_word' id='word_1_248' title='bbox 1149 1800 1186 1837; x_wconf 91' lang='lat' dir='ltr'>p.</span> <span class='ocrx_word' id='word_1_249' title='bbox 1217 1787 1313 1837; x_wconf 89' lang='lat'>151,</span> <span class='ocrx_word' id='word_1_250' title='bbox 1340 1788 1364 1826; x_wconf 89' lang='lat'><strong>3</strong></span> <span class='ocrx_word' id='word_1_251' title='bbox 1405 1784 1645 1826; x_wconf 80' lang='lat' dir='ltr'>‘Praecisum</span> <span class='ocrx_word' id='word_1_252' title='bbox 1683 1788 1723 1825; x_wconf 90' lang='lat' dir='ltr'>et</span> <span class='ocrx_word' id='word_1_253' title='bbox 1759 1798 1865 1826; x_wconf 89' lang='lat' dir='ltr'>oma-</span> 
     </span>
     <span class='ocr_line' id='line_1_27' title="bbox 335 1843 1866 1897; baseline -0.001 -11"><span class='ocrx_word' id='word_1_254' title='bbox 335 1860 439 1897; x_wconf 90' lang='lat' dir='ltr'>sum,</span> <span class='ocrx_word' id='word_1_255' title='bbox 476 1849 611 1897; x_wconf 78' lang='lat' dir='ltr'>partes</span> <span class='ocrx_word' id='word_1_256' title='bbox 643 1848 772 1886; x_wconf 87' lang='lat' dir='ltr'>carnis</span> <span class='ocrx_word' id='word_1_257' title='bbox 804 1848 846 1885; x_wconf 91' lang='lat' dir='ltr'>et</span> <span class='ocrx_word' id='word_1_258' title='bbox 874 1847 1082 1886; x_wconf 87' lang='lat' dir='ltr'>uiscerum.</span> <span class='ocrx_word' id='word_1_259' title='bbox 1111 1878 1117 1884; x_wconf 95' lang='lat'>.</span> <span class='ocrx_word' id='word_1_260' title='bbox 1147 1878 1153 1885; x_wconf 92' lang='lat'>.</span> <span class='ocrx_word' id='word_1_261' title='bbox 1183 1878 1189 1884; x_wconf 94' lang='lat'>.</span> <span class='ocrx_word' id='word_1_262' title='bbox 1215 1846 1394 1885; x_wconf 89' lang='lat' dir='ltr'>Lucilius</span> <span class='ocrx_word' id='word_1_263' title='bbox 1425 1846 1492 1885; x_wconf 91' lang='lat' dir='ltr'>lib.</span> <span class='ocrx_word' id='word_1_264' title='bbox 1518 1846 1591 1884; x_wconf 91' lang='lat' dir='ltr'>XX</span> <span class='ocrx_word' id='word_1_265' title='bbox 1624 1843 1718 1884; x_wconf 80' lang='lat' dir='ltr'>“illi</span> <span class='ocrx_word' id='word_1_266' title='bbox 1747 1858 1866 1895; x_wconf 75' lang='lat' dir='ltr'>prae-</span> 
     </span>
     <span class='ocr_line' id='line_1_28' title="bbox 334 1901 1864 1960; baseline -0.001 -14"><span class='ocrx_word' id='word_1_267' title='bbox 334 1909 434 1946; x_wconf 76' lang='lat' dir='ltr'>cioso</span> <span class='ocrx_word' id='word_1_268' title='bbox 466 1902 681 1960; x_wconf 69' lang='lat' dir='ltr'>(praecioso</span> <span class='ocrx_word' id='word_1_269' title='bbox 712 1901 934 1960; x_wconf 87' lang='lat' dir='ltr'>Leidensis)</span> <span class='ocrx_word' id='word_1_270' title='bbox 958 1938 964 1944; x_wconf 96' lang='lat'>.</span> <span class='ocrx_word' id='word_1_271' title='bbox 987 1938 994 1944; x_wconf 96' lang='lat'>.</span> <span class='ocrx_word' id='word_1_272' title='bbox 1017 1938 1023 1944; x_wconf 99' lang='lat'>.</span> <span class='ocrx_word' id='word_1_273' title='bbox 1045 1902 1249 1956; x_wconf 89' lang='lat' dir='ltr'>opimis&#39;’.’</span> <span class='ocrx_word' id='word_1_274' title='bbox 1306 1905 1554 1945; x_wconf 86' lang='lat' dir='ltr'>Describitur</span> <span class='ocrx_word' id='word_1_275' title='bbox 1584 1907 1706 1956; x_wconf 92' lang='lat' dir='ltr'>caput</span> <span class='ocrx_word' id='word_1_276' title='bbox 1735 1918 1864 1944; x_wconf 88' lang='lat' dir='ltr'>cenae.</span> 
     </span>
     <span class='ocr_line' id='line_1_29' title="bbox 335 1962 1864 2017; baseline -0.001 -12"><span class='ocrx_word' id='word_1_277' title='bbox 335 1968 440 2017; x_wconf 92' lang='lat' dir='ltr'>Apte</span> <span class='ocrx_word' id='word_1_278' title='bbox 471 1980 559 2005; x_wconf 90' lang='lat' dir='ltr'>cum</span> <span class='ocrx_word' id='word_1_279' title='bbox 589 1967 664 2004; x_wconf 92' lang='lat' dir='ltr'>hoc</span> <span class='ocrx_word' id='word_1_280' title='bbox 689 1978 806 2005; x_wconf 86' lang='lat' dir='ltr'>uersu</span> <span class='ocrx_word' id='word_1_281' title='bbox 832 1967 1046 2016; x_wconf 85' lang='lat' dir='ltr'>coniungas</span> <span class='ocrx_word' id='word_1_282' title='bbox 1071 1967 1208 2004; x_wconf 87' lang='lat' dir='ltr'>incert.</span> <span class='ocrx_word' id='word_1_283' title='bbox 1234 1979 1271 2003; x_wconf 93' lang='lat' dir='ltr'>u.</span> <span class='ocrx_word' id='word_1_284' title='bbox 1301 1967 1414 2004; x_wconf 84' lang='lat'>1174</span> <span class='ocrx_word' id='word_1_285' title='bbox 1429 1978 1535 2015; x_wconf 87' lang='lat' dir='ltr'>seqq.</span> <span class='ocrx_word' id='word_1_286' title='bbox 1565 1962 1725 2017; x_wconf 78' lang='lat' dir='ltr'>‘fingere</span> <span class='ocrx_word' id='word_1_287' title='bbox 1751 1977 1864 2016; x_wconf 89' lang='lat' dir='ltr'>prae-</span> 
     </span>
     <span class='ocr_line' id='line_1_30' title="bbox 334 2024 1866 2075; baseline -0.001 -11"><span class='ocrx_word' id='word_1_288' title='bbox 334 2029 455 2075; x_wconf 89' lang='lat' dir='ltr'>terea,</span> <span class='ocrx_word' id='word_1_289' title='bbox 486 2026 633 2064; x_wconf 87' lang='lat' dir='ltr'>adferri</span> <span class='ocrx_word' id='word_1_290' title='bbox 658 2025 763 2075; x_wconf 88' lang='lat' dir='ltr'>quod</span> <span class='ocrx_word' id='word_1_291' title='bbox 789 2026 955 2075; x_wconf 87' lang='lat' dir='ltr'>quisque</span> <span class='ocrx_word' id='word_1_292' title='bbox 981 2024 1153 2064; x_wconf 90' lang='lat' dir='ltr'>uolebat.</span> <span class='ocrx_word' id='word_1_293' title='bbox 1203 2025 1317 2063; x_wconf 90' lang='lat' dir='ltr'>illum</span> <span class='ocrx_word' id='word_1_294' title='bbox 1344 2026 1500 2063; x_wconf 87' lang='lat' dir='ltr'>sumina</span> <span class='ocrx_word' id='word_1_295' title='bbox 1526 2025 1722 2064; x_wconf 85' lang='lat' dir='ltr'>ducebant</span> <span class='ocrx_word' id='word_1_296' title='bbox 1747 2026 1866 2075; x_wconf 89' lang='lat' dir='ltr'>atque</span> 
     </span>
     <span class='ocr_line' id='line_1_31' title="bbox 336 2084 1866 2135; baseline -0.001 -11"><span class='ocrx_word' id='word_1_297' title='bbox 336 2086 508 2124; x_wconf 78' lang='lat' dir='ltr'>altilium</span> <span class='ocrx_word' id='word_1_298' title='bbox 539 2085 643 2134; x_wconf 84' lang='lat' dir='ltr'>lanx,</span> <span class='ocrx_word' id='word_1_299' title='bbox 673 2085 778 2123; x_wconf 89' lang='lat' dir='ltr'>hunc</span> <span class='ocrx_word' id='word_1_300' title='bbox 808 2086 949 2135; x_wconf 88' lang='lat' dir='ltr'>pontes</span> <span class='ocrx_word' id='word_1_301' title='bbox 978 2084 1185 2123; x_wconf 78' lang='lat' dir='ltr'>Tiberinus</span> <span class='ocrx_word' id='word_1_302' title='bbox 1217 2084 1294 2123; x_wconf 91' lang='lat' dir='ltr'>duo</span> <span class='ocrx_word' id='word_1_303' title='bbox 1326 2085 1431 2123; x_wconf 90' lang='lat' dir='ltr'>inter</span> <span class='ocrx_word' id='word_1_304' title='bbox 1461 2087 1598 2133; x_wconf 77' lang='lat' dir='ltr'>captus</span> <span class='ocrx_word' id='word_1_305' title='bbox 1623 2084 1773 2133; x_wconf 88' lang='lat' dir='ltr'>catillo,</span> <span class='ocrx_word' id='word_1_306' title='bbox 1803 2084 1866 2122; x_wconf 91' lang='lat' dir='ltr'>illi</span> 
     </span>
     <span class='ocr_line' id='line_1_32' title="bbox 335 2141 1864 2195; baseline -0.001 -12"><span class='ocrx_word' id='word_1_307' title='bbox 335 2145 512 2195; x_wconf 85' lang='lat' dir='ltr'>praeciso</span> <span class='ocrx_word' id='word_1_308' title='bbox 545 2146 665 2194; x_wconf 83' lang='lat' dir='ltr'>atque</span> <span class='ocrx_word' id='word_1_309' title='bbox 697 2144 824 2194; x_wconf 91' lang='lat' dir='ltr'>epulis</span> <span class='ocrx_word' id='word_1_310' title='bbox 855 2146 1064 2192; x_wconf 67' lang='lat' dir='ltr'>capiuntur</span> <span class='ocrx_word' id='word_1_311' title='bbox 1095 2141 1266 2194; x_wconf 88' lang='lat' dir='ltr'>opimis&#39;,</span> <span class='ocrx_word' id='word_1_312' title='bbox 1296 2145 1357 2182; x_wconf 86' lang='lat' dir='ltr'>ita</span> <span class='ocrx_word' id='word_1_313' title='bbox 1388 2145 1433 2182; x_wconf 92' lang='lat' dir='ltr'>ut</span> <span class='ocrx_word' id='word_1_314' title='bbox 1462 2143 1505 2182; x_wconf 89' lang='lat' dir='ltr'>in</span> <span class='ocrx_word' id='word_1_315' title='bbox 1536 2143 1718 2194; x_wconf 87' lang='lat' dir='ltr'>capiendi</span> <span class='ocrx_word' id='word_1_316' title='bbox 1744 2142 1864 2182; x_wconf 90' lang='lat' dir='ltr'>uerbo</span> 
     </span>
     <span class='ocr_line' id='line_1_33' title="bbox 335 2202 1865 2254; baseline -0.002 -11"><span class='ocrx_word' id='word_1_317' title='bbox 335 2205 476 2244; x_wconf 88' lang='lat' dir='ltr'>lusisse</span> <span class='ocrx_word' id='word_1_318' title='bbox 507 2205 615 2243; x_wconf 83' lang='lat' dir='ltr'>uisus</span> <span class='ocrx_word' id='word_1_319' title='bbox 647 2204 699 2243; x_wconf 88' lang='lat' dir='ltr'>sit</span> <span class='ocrx_word' id='word_1_320' title='bbox 728 2206 857 2254; x_wconf 91' lang='lat' dir='ltr'>poeta.</span> <span class='ocrx_word' id='word_1_321' title='bbox 921 2202 1034 2249; x_wconf 87' lang='lat' dir='ltr'>Quod</span> <span class='ocrx_word' id='word_1_322' title='bbox 1064 2203 1215 2254; x_wconf 88' lang='lat' dir='ltr'>primus</span> <span class='ocrx_word' id='word_1_323' title='bbox 1246 2203 1341 2242; x_wconf 87' lang='lat' dir='ltr'>fecit</span> <span class='ocrx_word' id='word_1_324' title='bbox 1370 2202 1413 2241; x_wconf 78' lang='lat' dir='ltr'>F.</span> <span class='ocrx_word' id='word_1_325' title='bbox 1434 2203 1586 2252; x_wconf 88' lang='lat' dir='ltr'>Dousa,</span> <span class='ocrx_word' id='word_1_326' title='bbox 1625 2203 1696 2253; x_wconf 86' lang='lat' dir='ltr'>qui</span> <span class='ocrx_word' id='word_1_327' title='bbox 1731 2203 1865 2241; x_wconf 90' lang='lat' dir='ltr'>tamen</span> 
     </span>
     <span class='ocr_line' id='line_1_34' title="bbox 335 2258 1868 2317; baseline -0.002 -14"><span class='ocrx_word' id='word_1_328' title='bbox 335 2265 469 2314; x_wconf 90' lang='lat' dir='ltr'>inepte</span> <span class='ocrx_word' id='word_1_329' title='bbox 500 2263 602 2303; x_wconf 89' lang='lat' dir='ltr'>libro</span> <span class='ocrx_word' id='word_1_330' title='bbox 627 2264 685 2302; x_wconf 91' lang='lat' dir='ltr'>IV</span> <span class='ocrx_word' id='word_1_331' title='bbox 711 2259 769 2316; x_wconf 86' lang='lat'>(4.</span> <span class='ocrx_word' id='word_1_332' title='bbox 798 2258 844 2317; x_wconf 83' lang='lat'>5)</span> <span class='ocrx_word' id='word_1_333' title='bbox 876 2265 1091 2313; x_wconf 86' lang='lat' dir='ltr'>utrumque</span> <span class='ocrx_word' id='word_1_334' title='bbox 1130 2262 1368 2302; x_wconf 88' lang='lat' dir='ltr'>adtribuerit</span> <span class='ocrx_word' id='word_1_335' title='bbox 1404 2262 1680 2314; x_wconf 84' lang='lat' dir='ltr'>fragmentum.</span> <span class='ocrx_word' id='word_1_336' title='bbox 1739 2261 1868 2312; x_wconf 83' lang='lat' dir='ltr'>Caput</span> 
     </span>
     <span class='ocr_line' id='line_1_35' title="bbox 338 2320 1866 2374; baseline -0.003 -11"><span class='ocrx_word' id='word_1_337' title='bbox 338 2336 456 2363; x_wconf 84' lang='lat' dir='ltr'>cenae</span> <span class='ocrx_word' id='word_1_338' title='bbox 490 2321 648 2374; x_wconf 78' lang='lat' dir='ltr'>‘pisces,</span> <span class='ocrx_word' id='word_1_339' title='bbox 686 2323 909 2373; x_wconf 83' lang='lat' dir='ltr'>conchylia,</span> <span class='ocrx_word' id='word_1_340' title='bbox 950 2335 1087 2362; x_wconf 87' lang='lat' dir='ltr'>sumen</span> <span class='ocrx_word' id='word_1_341' title='bbox 1125 2324 1164 2360; x_wconf 93' lang='lat' dir='ltr'>et</span> <span class='ocrx_word' id='word_1_342' title='bbox 1201 2322 1320 2362; x_wconf 89' lang='lat' dir='ltr'>cortis</span> <span class='ocrx_word' id='word_1_343' title='bbox 1357 2324 1518 2361; x_wconf 80' lang='lat' dir='ltr'>saturas·</span> <span class='ocrx_word' id='word_1_344' title='bbox 1551 2324 1671 2372; x_wconf 91' lang='lat' dir='ltr'>atque</span> <span class='ocrx_word' id='word_1_345' title='bbox 1709 2320 1866 2371; x_wconf 85' lang='lat' dir='ltr'>paludis</span> 
     </span>
     <span class='ocr_line' id='line_1_36' title="bbox 338 2378 1866 2433; baseline -0.002 -11"><span class='ocrx_word' id='word_1_346' title='bbox 338 2380 445 2422; x_wconf 78' lang='lat' dir='ltr'>aues’</span> <span class='ocrx_word' id='word_1_347' title='bbox 485 2395 546 2433; x_wconf 86' lang='lat' dir='ltr'>ap.</span> <span class='ocrx_word' id='word_1_348' title='bbox 579 2382 751 2422; x_wconf 89' lang='lat' dir='ltr'>Martial.</span> <span class='ocrx_word' id='word_1_349' title='bbox 778 2382 835 2421; x_wconf 94' lang='lat' dir='ltr'>XI</span> <span class='ocrx_word' id='word_1_350' title='bbox 861 2383 934 2432; x_wconf 87' lang='lat'>52,</span> <span class='ocrx_word' id='word_1_351' title='bbox 963 2383 1034 2432; x_wconf 89' lang='lat'>13,</span> <span class='ocrx_word' id='word_1_352' title='bbox 1073 2382 1181 2432; x_wconf 86' lang='lat' dir='ltr'>apud</span> <span class='ocrx_word' id='word_1_353' title='bbox 1217 2382 1431 2421; x_wconf 86' lang='lat' dir='ltr'>Horatium</span> <span class='ocrx_word' id='word_1_354' title='bbox 1455 2382 1479 2419; x_wconf 95' lang='grc'>1.</span> <span class='ocrx_word' id='word_1_355' title='bbox 1507 2394 1536 2421; x_wconf 93' lang='lat' dir='ltr'>s.</span> <span class='ocrx_word' id='word_1_356' title='bbox 1575 2382 1718 2421; x_wconf 90' lang='lat' dir='ltr'>cenant</span> <span class='ocrx_word' id='word_1_357' title='bbox 1756 2378 1866 2419; x_wconf 73' lang='lat' dir='ltr'>‘aues</span> 
     </span>
     <span class='ocr_line' id='line_1_37' title="bbox 337 2436 1864 2496; baseline -0.003 -14"><span class='ocrx_word' id='word_1_358' title='bbox 337 2443 545 2493; x_wconf 86' lang='lat' dir='ltr'>conchylia</span> <span class='ocrx_word' id='word_1_359' title='bbox 580 2442 707 2493; x_wconf 88' lang='lat' dir='ltr'>pisces</span> <span class='ocrx_word' id='word_1_360' title='bbox 745 2436 803 2496; x_wconf 88' lang='lat' dir='ltr'>(u.</span> <span class='ocrx_word' id='word_1_361' title='bbox 831 2443 898 2480; x_wconf 84' lang='lat'>27.</span> <span class='ocrx_word' id='word_1_362' title='bbox 926 2442 979 2480; x_wconf 89' lang='grc'>86</span> <span class='ocrx_word' id='word_1_363' title='bbox 996 2436 1141 2495; x_wconf 74' lang='lat' dir='ltr'>seqq),</span> <span class='ocrx_word' id='word_1_364' title='bbox 1184 2441 1226 2479; x_wconf 90' lang='lat' dir='ltr'>in</span> <span class='ocrx_word' id='word_1_365' title='bbox 1262 2441 1429 2480; x_wconf 87' lang='lat' dir='ltr'>Luciani</span> <span class='ocrx_word' id='word_1_366' title='bbox 1473 2442 1659 2480; x_wconf 83' lang='lat' dir='ltr'>conuiuio</span> <span class='ocrx_word' id='word_1_367' title='bbox 1698 2453 1782 2490; x_wconf 87' lang='lat' dir='ltr'>cap.</span> <span class='ocrx_word' id='word_1_368' title='bbox 1811 2440 1864 2478; x_wconf 88' lang='lat'>38</span> 
     </span>
     <span class='ocr_line' id='line_1_38' title="bbox 338 2497 1867 2556; baseline -0.002 -15"><span class='ocrx_word' id='word_1_369' title='bbox 338 2501 380 2541; x_wconf 87' lang='grc' dir='ltr'>τὸ</span> <span class='ocrx_word' id='word_1_370' title='bbox 411 2499 557 2550; x_wconf 74' lang='grc' dir='ltr'><strong><em>ἐντελὲς</em></strong></span> <span class='ocrx_word' id='word_1_371' title='bbox 587 2499 876 2553; x_wconf 80' lang='grc' dir='ltr'><strong><em>ὀνομαζόμενον</em></strong></span> <span class='ocrx_word' id='word_1_372' title='bbox 907 2501 1089 2553; x_wconf 78' lang='grc' dir='ltr'><em>δεῖπνον,</em></span> <span class='ocrx_word' id='word_1_373' title='bbox 1126 2500 1196 2551; x_wconf 85' lang='grc' dir='ltr'>μία</span> <span class='ocrx_word' id='word_1_374' title='bbox 1227 2498 1335 2554; x_wconf 80' lang='grc' dir='ltr'>ὄρνις</span> <span class='ocrx_word' id='word_1_375' title='bbox 1365 2499 1511 2556; x_wconf 76' lang='grc' dir='ltr'><em>ἑκάστῳ</em></span> <span class='ocrx_word' id='word_1_376' title='bbox 1543 2498 1609 2539; x_wconf 82' lang='grc' dir='ltr'>καὶ</span> <span class='ocrx_word' id='word_1_377' title='bbox 1645 2497 1759 2552; x_wconf 77' lang='grc' dir='ltr'><strong><em>κρέας</em></strong></span> <span class='ocrx_word' id='word_1_378' title='bbox 1795 2497 1867 2546; x_wconf 77' lang='grc' dir='ltr'>ὑὸς</span> 
     </span>
     <span class='ocr_line' id='line_1_39' title="bbox 339 2558 1867 2616; baseline -0.002 -16"><span class='ocrx_word' id='word_1_379' title='bbox 339 2560 399 2601; x_wconf 70' lang='lat' dir='ltr'>soci</span> <span class='ocrx_word' id='word_1_380' title='bbox 430 2564 559 2616; x_wconf 74' lang='grc' dir='ltr'><em>λαγῷα</em></span> <span class='ocrx_word' id='word_1_381' title='bbox 589 2559 655 2600; x_wconf 82' lang='grc' dir='ltr'>καὶ</span> <span class='ocrx_word' id='word_1_382' title='bbox 687 2560 822 2613; x_wconf 71' lang='grc' dir='ltr'>ἰχθὺςι</span> <span class='ocrx_word' id='word_1_383' title='bbox 854 2561 1060 2611; x_wconf 84' lang='lat' dir='ltr'>conchylia</span> <span class='ocrx_word' id='word_1_384' title='bbox 1085 2561 1190 2599; x_wconf 89' lang='lat' dir='ltr'>cenis</span> <span class='ocrx_word' id='word_1_385' title='bbox 1216 2559 1402 2599; x_wconf 90' lang='lat' dir='ltr'>adhibere</span> <span class='ocrx_word' id='word_1_386' title='bbox 1428 2559 1590 2599; x_wconf 87' lang='lat' dir='ltr'>Aemilii</span> <span class='ocrx_word' id='word_1_387' title='bbox 1617 2558 1755 2598; x_wconf 86' lang='lat' dir='ltr'>Scauri</span> <span class='ocrx_word' id='word_1_388' title='bbox 1779 2559 1867 2609; x_wconf 87' lang='lat' dir='ltr'>lege</span> 
     </span>
     <span class='ocr_line' id='line_1_40' title="bbox 338 2615 1865 2674; baseline -0.003 -14"><span class='ocrx_word' id='word_1_389' title='bbox 338 2622 591 2672; x_wconf 68' lang='lat' dir='ltr'>numptuaria</span> <span class='ocrx_word' id='word_1_390' title='bbox 604 2620 816 2659; x_wconf 83' lang='lat' dir='ltr'>uetabatur</span> <span class='ocrx_word' id='word_1_391' title='bbox 830 2615 938 2674; x_wconf 88' lang='lat' dir='ltr'>(uide</span> <span class='ocrx_word' id='word_1_392' title='bbox 954 2620 1004 2659; x_wconf 89' lang='lat' dir='ltr'>ad</span> <span class='ocrx_word' id='word_1_393' title='bbox 1016 2619 1189 2658; x_wconf 89' lang='lat' dir='ltr'>lib.XHI</span> <span class='ocrx_word' id='word_1_394' title='bbox 1201 2633 1238 2658; x_wconf 91' lang='lat' dir='ltr'>u.</span> <span class='ocrx_word' id='word_1_395' title='bbox 1254 2617 1375 2670; x_wconf 86' lang='lat'>440):</span> <span class='ocrx_word' id='word_1_396' title='bbox 1389 2619 1479 2658; x_wconf 88' lang='lat' dir='ltr'>uide</span> <span class='ocrx_word' id='word_1_397' title='bbox 1497 2619 1547 2657; x_wconf 89' lang='lat' dir='ltr'>ad</span> <span class='ocrx_word' id='word_1_398' title='bbox 1559 2620 1695 2658; x_wconf 88' lang='lat' dir='ltr'>incert.</span> <span class='ocrx_word' id='word_1_399' title='bbox 1704 2632 1741 2656; x_wconf 93' lang='lat' dir='ltr'>u.</span> <span class='ocrx_word' id='word_1_400' title='bbox 1753 2618 1865 2657; x_wconf 87' lang='grc'>1174</span> 
     </span>
     <span class='ocr_line' id='line_1_41' title="bbox 340 2677 1866 2731; baseline -0.002 -12"><span class='ocrx_word' id='word_1_401' title='bbox 340 2694 440 2731; x_wconf 89' lang='lat' dir='ltr'>quae</span> <span class='ocrx_word' id='word_1_402' title='bbox 484 2680 773 2719; x_wconf 87' lang='lat' dir='ltr'>adnotauimus.</span> <span class='ocrx_word' id='word_1_403' title='bbox 824 2677 978 2719; x_wconf 71' lang='grc' dir='ltr'><em>οὔθατα</em></span> <span class='ocrx_word' id='word_1_404' title='bbox 1015 2681 1060 2718; x_wconf 94' lang='lat' dir='ltr'>ut</span> <span class='ocrx_word' id='word_1_405' title='bbox 1097 2680 1218 2729; x_wconf 93' lang='lat' dir='ltr'>caput</span> <span class='ocrx_word' id='word_1_406' title='bbox 1259 2691 1378 2717; x_wconf 89' lang='lat' dir='ltr'>cenae</span> <span class='ocrx_word' id='word_1_407' title='bbox 1421 2679 1702 2718; x_wconf 88' lang='lat' dir='ltr'>commemorat</span> <span class='ocrx_word' id='word_1_408' title='bbox 1745 2678 1866 2716; x_wconf 88' lang='lat' dir='ltr'>etiam</span> 
     </span>
     <span class='ocr_line' id='line_1_42' title="bbox 339 2737 1864 2788; baseline -0.003 -10"><span class='ocrx_word' id='word_1_409' title='bbox 339 2740 592 2780; x_wconf 86' lang='lat' dir='ltr'>Philodemus</span> <span class='ocrx_word' id='word_1_410' title='bbox 612 2740 664 2778; x_wconf 90' lang='lat' dir='ltr'>ad</span> <span class='ocrx_word' id='word_1_411' title='bbox 681 2739 865 2778; x_wconf 90' lang='lat' dir='ltr'>Pisonem</span> <span class='ocrx_word' id='word_1_412' title='bbox 886 2738 952 2777; x_wconf 84' lang='grc' dir='ltr'>ΑΡ</span> <span class='ocrx_word' id='word_1_413' title='bbox 971 2738 1029 2777; x_wconf 92' lang='lat' dir='ltr'>XI</span> <span class='ocrx_word' id='word_1_414' title='bbox 1048 2740 1115 2777; x_wconf 88' lang='grc'>44.</span> <span class='ocrx_word' id='word_1_415' title='bbox 1129 2761 1187 2765; x_wconf 85' lang='grc'>-</span> <span class='ocrx_word' id='word_1_416' title='bbox 1202 2739 1423 2788; x_wconf 90' lang='lat' dir='ltr'>capiuntur,</span> <span class='ocrx_word' id='word_1_417' title='bbox 1443 2740 1489 2776; x_wconf 95' lang='lat' dir='ltr'>ut</span> <span class='ocrx_word' id='word_1_418' title='bbox 1506 2738 1679 2776; x_wconf 91' lang='lat' dir='ltr'>Martial.</span> <span class='ocrx_word' id='word_1_419' title='bbox 1698 2737 1797 2775; x_wconf 86' lang='lat' dir='ltr'>XIH</span> <span class='ocrx_word' id='word_1_420' title='bbox 1811 2737 1864 2774; x_wconf 86' lang='lat'>56</span> 
     </span>
     <span class='ocr_line' id='line_1_43' title="bbox 342 2795 1866 2850; baseline -0.003 -13"><span class='ocrx_word' id='word_1_421' title='bbox 342 2797 412 2838; x_wconf 78' lang='lat' dir='ltr'>‘Te</span> <span class='ocrx_word' id='word_1_422' title='bbox 443 2800 610 2839; x_wconf 88' lang='lat' dir='ltr'>fortasse</span> <span class='ocrx_word' id='word_1_423' title='bbox 640 2800 768 2850; x_wconf 77' lang='lat' dir='ltr'>magis</span> <span class='ocrx_word' id='word_1_424' title='bbox 800 2800 935 2848; x_wconf 89' lang='lat' dir='ltr'>capiat</span> <span class='ocrx_word' id='word_1_425' title='bbox 965 2798 1012 2837; x_wconf 88' lang='lat' dir='ltr'>de</span> <span class='ocrx_word' id='word_1_426' title='bbox 1038 2799 1192 2850; x_wconf 86' lang='lat' dir='ltr'>uirgine</span> <span class='ocrx_word' id='word_1_427' title='bbox 1217 2811 1349 2848; x_wconf 90' lang='lat' dir='ltr'>porca,</span> <span class='ocrx_word' id='word_1_428' title='bbox 1380 2811 1443 2836; x_wconf 89' lang='lat' dir='ltr'>me</span> <span class='ocrx_word' id='word_1_429' title='bbox 1474 2798 1654 2836; x_wconf 89' lang='lat' dir='ltr'>materna</span> <span class='ocrx_word' id='word_1_430' title='bbox 1679 2796 1794 2848; x_wconf 85' lang='lat' dir='ltr'>graui</span> <span class='ocrx_word' id='word_1_431' title='bbox 1819 2795 1866 2834; x_wconf 87' lang='lat' dir='ltr'>de</span> 
     </span>
     <span class='ocr_line' id='line_1_44' title="bbox 341 2855 728 2908; baseline -0.005 -10"><span class='ocrx_word' id='word_1_432' title='bbox 341 2871 408 2898; x_wconf 90' lang='lat' dir='ltr'>sue</span> <span class='ocrx_word' id='word_1_433' title='bbox 439 2859 562 2898; x_wconf 90' lang='lat' dir='ltr'>uulua</span> <span class='ocrx_word' id='word_1_434' title='bbox 593 2855 728 2908; x_wconf 88' lang='lat' dir='ltr'>capit’.</span> 
     </span>
    </p>
   </div>
   <div class='ocr_carea' id='block_1_3' title="bbox 341 2913 1866 3017">
    <p class='ocr_par' dir='ltr' id='par_1_4' title="bbox 341 2913 1866 3017">
     <span class='ocr_line' id='line_1_45' title="bbox 461 2913 1865 2974; baseline -0.004 -18"><span class='ocrx_word' id='word_1_435' title='bbox 461 2913 571 2958; x_wconf 78' lang='lat'>570.</span> <span class='ocrx_word' id='word_1_436' title='bbox 603 2917 753 2957; x_wconf 81' lang='lat' dir='ltr'>Gellius</span> <span class='ocrx_word' id='word_1_437' title='bbox 777 2917 840 2956; x_wconf 91' lang='lat' dir='ltr'>III</span> <span class='ocrx_word' id='word_1_438' title='bbox 867 2919 934 2967; x_wconf 85' lang='lat'>14,</span> <span class='ocrx_word' id='word_1_439' title='bbox 962 2919 1016 2956; x_wconf 85' lang='lat'>10</span> <span class='ocrx_word' id='word_1_440' title='bbox 1050 2914 1205 2967; x_wconf 74' lang='lat' dir='ltr'>‘Itaque</span> <span class='ocrx_word' id='word_1_441' title='bbox 1236 2916 1413 2956; x_wconf 76' lang='lat' dir='ltr'>Lucilius</span> <span class='ocrx_word' id='word_1_442' title='bbox 1448 2916 1585 2955; x_wconf 90' lang='lat' dir='ltr'>eadem</span> <span class='ocrx_word' id='word_1_443' title='bbox 1622 2916 1778 2974; x_wconf 84' lang='lat' dir='ltr'>secutus</span> <span class='ocrx_word' id='word_1_444' title='bbox 1800 2946 1806 2952; x_wconf 95' lang='lat'>.</span> <span class='ocrx_word' id='word_1_445' title='bbox 1829 2945 1835 2952; x_wconf 94' lang='lat'>.</span> <span class='ocrx_word' id='word_1_446' title='bbox 1858 2945 1865 2952; x_wconf 91' lang='lat'>.</span> 
     </span>
     <span class='ocr_line' id='line_1_46' title="bbox 341 2972 1866 3017; baseline -0.003 -2"><span class='ocrx_word' id='word_1_447' title='bbox 341 2978 423 3016; x_wconf 87' lang='lat' dir='ltr'>iam</span> <span class='ocrx_word' id='word_1_448' title='bbox 454 2979 495 3015; x_wconf 90' lang='lat' dir='ltr'>in</span> <span class='ocrx_word' id='word_1_449' title='bbox 533 2979 720 3017; x_wconf 86' lang='lat' dir='ltr'>uicesimo</span> <span class='ocrx_word' id='word_1_450' title='bbox 758 2977 1007 3016; x_wconf 87' lang='lat' dir='ltr'>manifestius</span> <span class='ocrx_word' id='word_1_451' title='bbox 1046 2974 1283 3015; x_wconf 84' lang='lat' dir='ltr'>“dimidiam</span> <span class='ocrx_word' id='word_1_452' title='bbox 1320 2972 1490 3015; x_wconf 86' lang='lat' dir='ltr'>horam&#39;&#39;</span> <span class='ocrx_word' id='word_1_453' title='bbox 1529 2975 1657 3014; x_wconf 89' lang='lat' dir='ltr'>dicere</span> <span class='ocrx_word' id='word_1_454' title='bbox 1693 2973 1866 3013; x_wconf 84' lang='lat' dir='ltr'>studiose</span> 
     </span>
    </p>
   </div>
  </div>
 </body>
</html>
