2060 3444
316 249 380 306 XX
631 249 1016 283 SUPPLEMENTUM
1043 249 1224 282 CAPITIS
1249 249 1314 281 DE
1340 249 1505 282 NONIO.

333 355 488 391 Merceri
603 379 742 413 lemma

363 415 450 449 Pag-

327 476 398 507 Cap.
413 475 492 500 XIII

319 517 416 563 536,
469 517 490 553 7
533 510 608 568 88)
640 514 661 537 ‘⁵‘
677 527 745 552 an·
853 511 1001 552 ‘uincla
1027 514 1170 564 quibus
1197 515 1405 553 antemnae
1429 516 1624 554 tenentur.
1671 514 1848 554 Lucilius

336 594 406 625 021„
420 583 495 619 xv·
638 575 759 622 qniwa
914 568 1069 626 (1113)
1098 604 1104 610 .
1127 603 1134 611 .
1158 570 1180 610 .’

320 635 418 683 544,
440 635 490 672 11
532 628 608 685 89)
642 632 729 671 cadi
854 629 967 671 ‘uasa
998 633 1139 682 quibus
1166 633 1260 670 uina
1291 633 1522 671 conduntur.
1579 634 1755 673 Lucilius
1780 633 1849 672 lib.
1903 667 1906 670 .

912 691 1049 730 XVIII
1057 686 1182 745 (555)
1199 722 1241 731 ...
1252 692 1452 743 Vergilius
1460 693 1556 731 Aen.
1566 693 1632 731 lib.
1640 694 1661 732 I
1670 724 1677 731 .
1687 724 1694 730 .
1705 693 1850 732 .Varro

914 752 961 789 de
980 751 1067 790 uita
1085 751 1175 800 p.R.
1189 751 1256 789 lib.
1268 751 1329 789 III
1350 783 1356 789 .
1406 748 1417 765 '
1450 751 1596 790 Lucilii
1609 754 1648 791 et
1659 753 1851 791 Varronis

912 811 988 849 loci
1029 811 1219 861 leguntur
1258 810 1344 849 loco
1374 782 1569 861 corrupto
1599 825 1637 862 p.
1659 813 1757 861 495,
1785 813 1851 851 32.

322 873 420 920 546,
441 872 494 910 25
537 866 612 924 90)
645 871 799 909 carche-
856 866 879 908 ⁸.
905 902 910 908 .
934 902 940 908 .
968 882 1121 908 summa
1150 883 1242 920 pars
1273 871 1371 908 mali
1399 901 1405 908 .
1429 870 1668 910 ..Lucilius
1697 865 1851 924 (1309)

643 931 702 969 sia
976 929 1193 969 ,Catullus
1224 929 1461 969 Veronensis
1489 961 1495 967 .
1519 961 1525 968 .
1549 962 1554 968 .

324 991 423 1039 546,
443 991 497 1028 30
539 985 614 1042 91)
646 990 817 1028 ssmixta-
857 961 954 1039 ‘quo
982 989 1201 1028 1111506111115.
1260 988 1435 1028 Lucilius
1467 990 1533 1028 lib
1553 990 1590 1026 V
1615 984 1807 1043 (221).

644 1049 747 1087 rium
917 1049 991 1087 Est
1021 1047 1123 1095 ἅπαξ
1157 1047 1373 1101 εἰρημένον.

443 1132 529 1170 Iam
561 1133 713 1170 frustra
744 1133 785 1169 in
817 1131 878 1169 his
905 1131 1001 1170 locis
1027 1130 1116 1170 XCI
1142 1144 1306 1181 quaeres
1332 1131 1700 1182 interpretationem
1727 1132 1855 1182 qualis

323 1192 471 1243 legitur
508 1205 544 1242 p.
581 1193 677 1240 173,
700 1193 752 1229 14
794 1187 1007 1230 esententia
1045 1190 1285 1230 sensibilitas
1418 1191 1596 1230 Lucilius
1623 1191 1854 1242 satyrarum

324 1251 390 1290 lib.
412 1252 472 1290 III
511 1247 715 1290 “uertitur
753 1250 1008 1301 oenophoris?
1026 1250 1194 1299 fundus,
1226 1252 1423 1290 sententia
1460 1248 1649 1301 nobis”',
1682 1252 1778 1301 398,
1801 1252 1852 1290 31

325 1308 520 1349 ‘Samium
551 1324 708 1349 rursum
741 1313 900 1349 acutum
929 1341 934 1347 .
958 1340 964 1347 .
987 1340 995 1348 .
1021 1309 1196 1348 Lucilius
1217 1313 1442 1360 satyrarum
1467 1311 1534 1350 lib.
1554 1311 1632 1349 VII
1664 1307 1706 1348 “.
1729 1341 1736 1349 .
1759 1341 1765 1348 .
1798 1312 1854 1350 to-

326 1373 427 1409 stam
471 1370 594 1409 sumit
624 1370 740 1409 homo
773 1365 981 1408 Samiam”
998 1366 1023 1418 ²,
1063 1371 1160 1418 396,
1183 1372 1235 1409 12
1276 1366 1456 1409 ‘Sumere
1494 1370 1615 1409 etiam
1658 1370 1856 1422 significat

326 1431 473 1482 eligere
619 1429 797 1468 Lucilius
843 1431 1067 1479 satyrarum
1105 1429 1171 1467 lib.
1198 1429 1233 1467 X
1271 1426 1312 1467 “.
1335 1460 1342 1467 .
1364 1459 1374 1469 .
1415 1430 1510 1480 quid
1548 1443 1717 1479 sumam,
1763 1429 1857 1479 quid
1926 1448 1928 1451 ·

327 1503 404 1529 non
433 1521 440 1528 .
463 1520 471 1528 .
493 1486 533 1527 .’'
561 1492 602 1528 et
625 1489 693 1527 lib.
714 1488 870 1527 XVIIII
890 1485 1032 1527 “sume
1053 1488 1158 1527 diem
1180 1489 1248 1538 qui
1269 1491 1328 1528 est
1346 1489 1456 1528 uisus
1477 1489 1551 1528 tibi
1571 1489 1857 1540 pulcherrimus

328 1545 502 1595 unus”',
538 1549 634 1597 186,
656 1549 709 1586 26
745 1545 927 1598 ‘uomica,
954 1560 1129 1588 concaua
1154 1549 1241 1587 loca
1272 1550 1471 1587 uetustate
1505 1562 1628 1588 exesa.
1678 1548 1858 1587 Lucilius

330 1609 396 1648 lib.
417 1608 610 1647 XXVIIII
644 1604 684 1646 “.
707 1638 714 1645 .
736 1638 744 1646 .
784 1610 824 1646 et
860 1620 938 1646 non
976 1607 1180 1647 mortifero
1213 1608 1392 1647 adfectus
1423 1609 1603 1647 uomicae
1634 1604 1857 1647 uulnere’'.'

329 1669 480 1718 Ineptit
538 1668 691 1706 Nonius
748 1667 1025 1706 tantummodo
1077 1668 1131 1706 24
1177 1669 1216 1706 et
1261 1669 1335 1716 68,
1384 1668 1453 1706 ubi
1508 1667 1688 1706 abutitur
1736 1667 1859 1719 copiis

329 1729 679 1780 grammaticorum
704 1727 745 1765 in
771 1728 888 1778 longe
915 1727 1036 1766 aliam
1060 1740 1142 1766 rem
1163 1729 1413 1778 comparatis.
1465 1727 1542 1765 Sed
1562 1740 1675 1766 nemo
1694 1727 1859 1777 reliquis

328 1788 425 1827 locis
457 1787 666 1826 adnotabit
696 1786 804 1837 quod
836 1787 877 1825 in
907 1787 1005 1826 locis
1037 1799 1060 1824 a
1091 1786 1222 1826 Nonio
1255 1800 1275 1826 e
1306 1786 1458 1826 Lucilio
1489 1788 1576 1838 ipso
1609 1786 1745 1837 petitis
1777 1788 1858 1825 tam

331 1861 446 1897 saepe
479 1847 649 1886 editores
683 1846 925 1885 adnotarunt
958 1842 1127 1885 ‘Nonius
1160 1842 1318 1886 delirat’
1351 1846 1508 1885 similia.
1570 1846 1782 1885 Praeterea
1814 1859 1861 1884 ex

330 1907 391 1945 his
416 1905 505 1944 XCI
529 1906 626 1945 locis
654 1906 813 1945 stellula
839 1908 934 1945 sunt
958 1908 1120 1944 notatae
1148 1908 1218 1945 aut
1248 1919 1328 1944 una
1359 1907 1430 1944 aut
1461 1906 1614 1945 duabus
1645 1907 1727 1944 fere
1759 1905 1861 1944 duae

330 1968 482 2017 partes,
525 1966 566 2004 id
604 1968 681 2014 est,
718 1965 834 2016 longe
872 1965 1045 2016 plurima
1082 1965 1279 2004 uocabula
1317 1967 1409 2004 sunt
1446 1967 1516 2004 aut
1552 1965 1761 2005 rarissimas
1791 1966 1862 2003 aut

331 2025 434 2073 ἅπαξ
466 2022 668 2077 εἰρημένα,
706 2025 935 2064 testimonia
966 2026 1127 2075 sumpta
1159 2026 1252 2063 sunt
1283 2038 1328 2063 ex
1360 2025 1416 2064 eis
1448 2025 1724 2075 scriptoribus,
1761 2037 1860 2075 quos

331 2085 484 2124 Nonius
515 2097 593 2123 non
624 2084 778 2136 tetigit:
819 2086 905 2123 tum
938 2084 1055 2123 multi
1085 2084 1162 2124 loci
1196 2086 1332 2124 extant
1363 2086 1588 2123 etiamnunc
1618 2084 1660 2122 in
1682 2081 1862 2123 ’6110111111

333 2145 685 2196 grammaticorum
723 2144 907 2195 operibus
945 2144 1130 2183 similiter
1166 2145 1314 2194 scripti.
1376 2143 1490 2183 Adde
1528 2144 1635 2194 quod
1672 2143 1862 2183 librorum

333 2216 520 2243 numerus
558 2204 600 2242 in
630 2203 692 2242 his
724 2204 820 2242 locis
853 2217 872 2242 e
905 2203 1174 2255 grammaticis
1207 2203 1342 2254 petitis
1375 2216 1656 2254 saepenumero
1689 2206 1748 2242 est
1779 2216 1860 2242 cor-

333 2266 474 2315 ruptus
507 2258 565 2316 (7.
599 2264 636 2301 8.
673 2264 738 2301 13.
773 2264 839 2302 31.
873 2264 940 2302 32.
974 2259 1072 2316 56.)
1136 2262 1317 2314 Denique
1354 2263 1491 2302 multis
1531 2265 1736 2313 praeterea
1767 2262 1863 2302 locis

336 2323 569 2362 asteriscum
593 2323 627 2361 is
653 2322 772 2361 addet
798 2323 867 2372 qui
885 2324 990 2361 recte
1010 2335 1098 2362 mea
1119 2322 1315 2361 sententia
1334 2322 1526 2361 iudicabit
1544 2335 1671 2372 neque
1691 2322 1864 2360 Ennium

338 2395 465 2432 neque
498 2381 675 2420 Coelium
707 2395 731 2420 a
761 2381 892 2421 Nonio
924 2382 1045 2421 fuisse
1077 2382 1285 2421 adhibitos.

453 2441 588 2491 Atque
631 2443 981 2492 grammaticorum
1025 2454 1192 2491 quorum
1238 2442 1488 2480 collectaneis
1527 2443 1567 2480 et
1602 2441 1863 2480 miscellaneis

335 2514 430 2541 usus
463 2503 523 2540 est
552 2501 708 2540 Nonius
740 2501 816 2540 duo
849 2503 941 2539 sunt
971 2514 1128 2552 geneiqa
1159 2514 1325 2551 quorum
1358 2501 1527 2540 alterum
1558 2501 1659 2540 tales
1686 2501 1866 2540 continet

339 2561 550 2611 scriptores
594 2560 725 2610 qualis
769 2563 829 2599 est
872 2560 1040 2610 Gellius,
1091 2562 1162 2611 qui
1204 2561 1310 2600 solus
1354 2560 1528 2599 omnium
1571 2562 1630 2599 est
1674 2561 1863 2599 seruatus.

338 2620 466 2659 Gellio
505 2620 631 2658 utitur
672 2621 736 2658 10.
773 2623 838 2659 16.
873 2621 946 2669 56,
989 2620 1048 2659 ita
1091 2622 1137 2659 ut
1175 2621 1228 2659 56
1268 2620 1498 2671 genetiuum
1533 2622 1758 2669 satyrarmn
1796 2619 1866 2669 qui

338 2679 489 2731 legitur
526 2679 632 2729 apud
669 2678 841 2718 Gellium
879 2679 1050 2718 omittat.
1119 2679 1194 2725 Qui
1238 2679 1547 2718 considerauerit
1589 2692 1711 2730 quam
1753 2679 1865 2717 uafre

339 2739 518 2791 singulas
549 2738 766 2789 particulas
801 2738 1003 2777 Gellianas
1035 2739 1146 2789 operi
1175 2738 1436 2778 inculcauerit
1467 2738 1594 2778 ueluti
1624 2752 1662 2789 p.
1690 2739 1788 2788 1713
1809 2739 1863 2777 23

338 2798 404 2836 lib.
430 2798 567 2836 XVIII
597 2799 720 2848 13,·6‚
749 2797 931 2837 Gelliana
956 2811 1044 2837 cum
1071 2798 1161 2838 aliis
1186 2798 1388 2837 miscuerit
1413 2793 1524 2851 (uide
1552 2793 1638 2852 20),
1663 2797 1697 2836 15
1722 2810 1865 2848 parum

340 2857 508 2896 confidet
539 2858 774 2896 amissorum
805 2858 1158 2909 gramaticorum
1187 2858 1308 2897 libros
1341 2871 1360 2896 e
1394 2858 1524 2896 Nonio
1563 2870 1604 2896 se
1634 2869 1865 2908 recuperare

339 2912 454 2968 posse
492 2930 562 2955 nec
598 2918 722 2956 miluo
754 2917 908 2956 uolanti
939 2917 1147 2957 conabitur
1177 2930 1352 2956 resecare
1384 2930 1548 2968 ungues.
1610 2916 1866 2956 Memorabile

341 2978 400 3015 est
423 2978 558 3016 tamen
584 2989 718 3016 omnes
743 2977 862 3026 locos,
887 2977 1029 3027 quibus
1048 2977 1224 3016 Lucilius
1250 2990 1329 3015 una
1351 2977 1515 3028 ponitur
1540 2989 1630 3015 cum
1647 2975 1865 3027 Pomponio
