2060 3444
298 285 382 328 156
893 282 944 320 XI
968 294 1004 318 u.
1030 243 1230 318 415-117.

296 399 367 436 aut
410 395 664 436 restrictum?
713 400 828 435 nemo
880 397 939 435 est
986 392 1146 435 mi'nus’.
1221 391 1386 448 [Paceni
1425 396 1654 447 genetiuum
1696 395 1835 447 posuit
1905 422 1907 424 ψ

294 457 536 507 Lindsayus,
568 457 681 496 cuius
711 457 822 495 locus
854 456 895 494 in
925 456 997 495 illo
1028 468 1146 495 uersu
1177 468 1239 494 me
1270 455 1400 494 iudice
1431 468 1510 494 non
1542 451 1632 507 est]

413 511 525 557 416.
556 517 712 555 Nonius
744 530 781 566 p.
804 517 848 565 8,
876 516 928 554 23
965 513 1119 554 ‘Tricae
1156 516 1249 554 sunt
1285 514 1556 565 inpedimenta
1592 516 1632 553 et
1661 515 1828 565 inplica-

292 578 431 616 tiones.
467 608 473 614 .
490 607 498 616 .
516 608 521 615 .
542 576 721 615 Lucilius
743 577 969 626 satyrarum
988 575 1056 614 lib.
1076 575 1133 613 XI
1154 571 1256 613 “nec
1275 573 1374 613 mihi
1393 586 1523 613 amore
1543 606 1550 613 .
1567 605 1574 613 .
1591 606 1597 613 .
1617 571 1827 614 uadato”.'

293 635 481 675 Amator-0
515 636 654 675 Iunius
693 637 732 674 et
762 635 917 674 librarii
946 635 1018 674 cod
1050 634 1353 686 Bambergensis
1392 635 1561 672 aliorum
1598 647 1668 674 suo
1699 634 1829 674 Marte

293 698 566 735 restituerunt.
629 696 745 734 Trico
787 695 958 734 uadatus
992 694 1110 734 Cotta
1140 694 1209 733 ille
1241 695 1301 733 est
1333 694 1402 743 qui
1433 693 1707 733 uadimonium
1738 707 1830 744 pro·

293 757 457 796 miserat
499 757 542 794 in
585 755 647 794 ius
690 756 855 795 uocatus
900 768 923 794 a
967 754 1238 794 creditoribus.
1307 753 1488 792 Eundem
1524 754 1719 805 Egilium,
1761 753 1830 804 qui

293 818 471 865 uocatur,
509 815 668 855 uidetur
705 816 908 854 lacessisse
947 814 1065 854 Cotta
1103 827 1220 865 quem
1251 813 1432 864 Opimius
1465 807 1520 867 (u.
1542 807 1667 867 421),
1697 814 1829 853 molli-

292 876 473 925 tudinem
516 877 599 915 eius
643 875 830 925 irridens,
874 887 945 914 nec
987 875 1118 913 minus
1163 873 1346 925 gnauiter
1385 873 1455 912 ille
1497 873 1589 912 huic
1624 873 1830 923 respondit

296 949 416 986 quam
448 934 620 986 Opimio,
652 948 742 974 cum
772 935 877 974 hunc
907 935 1100 973 triconem
1132 933 1358 984 appellarit,
1389 933 1507 971 illum
1538 934 1744 972 famosum.

414 990 524 1036 417.
561 994 712 1034 Gellius
737 994 794 1033 XI
822 996 857 1046 7,
886 996 909 1033 9
945 991 1017 1033 ‘At
1046 994 1115 1032 ille
1140 995 1293 1033 iactans
1320 994 1359 1032 et
1384 993 1555 1045 gestiens
1588 989 1699 1031 “non
1723 994 1829 1032 enim

292 1052 523 1094 Lucilium’'
550 1056 683 1105 inquit
710 1051 907 1107 “legistis,
932 1055 1002 1104 qui
1023 1054 1373 1105 tergiuersatorem
1391 1053 1667 1092 bouinatorem
1686 1049 1827 1092 dicit’'.

294 1117 354 1155 est
386 1117 520 1155 autem
551 1116 594 1153 in
624 1114 771 1153 Lucilii
795 1114 851 1152 XI
882 1126 1019 1153 uersus
1050 1114 1128 1158 hic,
1169 1114 1353 1151 stricosus
1385 1107 1620 1166 (strichosus
1650 1113 1829 1152 nonnulli

295 1170 410 1229 codd)
439 1206 475 1214 ..
499 1207 505 1214 .
533 1171 692 1214 duro''.’
754 1174 847 1213 hinc
877 1174 1032 1213 Nonius
1063 1187 1100 1224 p.
1124 1174 1196 1223 79,
1225 1173 1277 1212 26
1313 1169 1561 1212 ‘Bouzatores
1596 1179 1693 1222 quos
1724 1184 1829 1211 nunc

297 1235 519 1275 malitiosos
576 1236 616 1274 et
663 1234 991 1285 tergiuersatores
1047 1233 1225 1272 dicimus.
1304 1232 1482 1271 Lucilius
1531 1231 1598 1270 lib.
1631 1231 1688 1270 XI
1720 1229 1829 1271 '“hic

295 1297 494 1334 sitricosus
518 1296 767 1343 bousiatorque
791 1325 798 1332 .
821 1325 828 1332 .
851 1325 858 1332 .
879 1289 1037 1333 duro”.'
1091 1292 1314 1332 Bouinator
1331 1304 1435 1331 nunc
1453 1292 1528 1331 hoc
1552 1291 1828 1331 tantummodo

294 1355 381 1394 loco
424 1356 629 1394 inuenitur
670 1354 925 1393 uocabulum:
970 1353 1094 1392 alium
1135 1353 1270 1392 locum
1306 1352 1525 1402 explicarat
1560 1350 1742 1403 Verrius,
1783 1353 1828 1390 ut

293 1415 441 1454 Paulus
469 1409 524 1468 (p.
547 1408 621 1467 30)
647 1415 820 1453 testatur
845 1415 916 1464 qui
939 1413 1060 1452 habet
1086 1413 1303 1451 bouinatur.
1333 1412 1589 1450 conuiciatur:
1614 1411 1684 1450 ubi
1709 1411 1829 1451 scribi

293 1474 336 1513 L.
362 1474 577 1513 Muellerus
621 1474 768 1512 uoluit:
813 1474 1026 1512 bouinator.
1071 1472 1317 1510 conuiciator.
1386 1469 1546 1510 Glossas
1596 1470 1648 1510 ad
1695 1470 1829 1510 Verrii

292 1535 425 1573 locum
462 1534 705 1585 pertinentes
743 1533 905 1585 collegit
944 1531 1128 1571 Goetzius
1165 1532 1208 1570 in
1245 1531 1447 1570 Thesauro
1482 1531 1704 1582 glossarum
1735 1543 1764 1570 s.
1789 1544 1827 1569 u.

295 1595 474 1640 bouinor,
518 1594 624 1644 quod
666 1593 831 1632 uerbum
874 1593 993 1632 sicuti
1031 1605 1054 1630 a
1090 1591 1231 1631 Verrio
1275 1591 1496 1642 explicatur
1537 1590 1668 1629 uerbis
1706 1591 1827 1629 clamo

296 1655 490 1693 conuicior
515 1648 648 1708 (OGL
675 1653 712 1690 V
739 1654 777 1701 8,
806 1654 872 1692 23.
907 1653 974 1701 50,
1001 1652 1067 1690 32.
1101 1652 1198 1702 492,
1227 1651 1293 1690 69.
1321 1651 1419 1700 493,
1447 1644 1504 1704 2),
1529 1650 1675 1690 Lucilii
1698 1650 1829 1689 locum

295 1714 375 1753 alio
413 1713 529 1753 modo
568 1715 688 1763 atque
726 1713 879 1752 faciunt
912 1711 1063 1751 Gellius
1101 1715 1141 1750 et
1170 1711 1324 1751 Nonius
1361 1710 1482 1750 habes
1514 1710 1756 1760 explicatum
1784 1710 1829 1749 in

293 1774 436 1825 glossis
474 1773 773 1824 Latinograecis
799 1772 840 1811 II
867 1773 934 1822 31,
963 1772 1015 1810 13
1051 1768 1319 1810 ‘bouinatores
1351 1769 1636 1823 θορυβοποιοί,
1674 1771 1828 1823 θρῦλον

294 1838 499 1880 ποιοῦντες
530 1830 556 1884 ἢ
587 1829 786 1886 ταραχήν’.
854 1831 1139 1871 Bouinatorem
1175 1831 1364 1869 nimirum
1401 1830 1708 1869 conuiciatorem
1746 1841 1828 1869 esse

294 1893 479 1932 dicebant
509 1892 760 1944 grammatici
790 1891 974 1930 nonnulli
1004 1891 1066 1930 his
1097 1890 1194 1940 ipsis
1219 1890 1367 1929 Lucilii
1396 1889 1529 1929 uerbis
1556 1902 1698 1940 parum
1722 1891 1828 1928 recte

294 1953 356 1991 usi
388 1965 488 2003 quae
514 1953 701 1991 secuntur
733 1948 813 1990 ‘ore
837 1952 1024 2000 inp-robus
1049 1947 1182 1989 duro':
1215 1946 1277 1988 ‘os'
1297 1946 1455 1989 durum'
1488 1949 1575 1988 Ter.
1600 1949 1702 1988 Eun.
1729 1949 1826 1988 806.

296 2011 374 2051 Cic.
406 2025 478 2062 pro
511 2011 665 2057 Quinct.
694 2013 747 2049 77
776 2008 890 2049 ‘mihi
917 2010 1046 2049 uideri
1071 2023 1138 2049 ore
1163 2008 1373 2049 durissimo
1400 2021 1494 2059 esse,
1527 2009 1596 2058 qui
1619 2009 1827 2059 praesente

295 2085 340 2111 eo
372 2073 527 2122 gestum
560 2083 676 2122 agere
708 2067 958 2110 conarentur’
987 2068 1102 2108 Ouid.
1128 2071 1285 2108 metam.
1311 2069 1349 2106 V
1375 2069 1456 2107 451
1494 2065 1598 2106 ‘duri
1622 2081 1722 2119 puer
1746 2068 1826 2107 oris

295 2133 335 2170 et
360 2131 490 2170 audax
515 2131 696 2170 constitit
721 2131 813 2169 ante
839 2129 965 2178 deam,
989 2130 1157 2180 risitque
1183 2128 1420 2179 auidamque
1447 2124 1623 2167 uocauit'
1651 2121 1825 2181 (Petron.

297 2192 350 2230 43
380 2188 516 2229 ‘durae
540 2190 686 2230 buccae
711 2183 836 2243 fuit').
886 2188 963 2228 Sed
983 2202 1003 2228 e
1025 2188 1222 2228 Ciceronis
1242 2189 1328 2228 loco
1354 2200 1382 2226 S.
1404 2201 1432 2227 s.
1460 2181 1649 2238 apparere
1667 2187 1828 2226 'uidetur

295 2251 496 2289 hominem
533 2251 625 2289 duri
661 2251 741 2289 oris
781 2262 859 2288 non
891 2262 975 2288 esse
1006 2249 1124 2287 nimis
1144 2250 1428 2302 *contumacem
1458 2247 1597 2299 lingua
1627 2247 1696 2286 sed
1724 2247 1826 2286 facie

296 2312 335 2350 et
365 2311 481 2349 uultu
511 2323 653 2360 parum
683 2309 880 2361 pudicum.
937 2308 1022 2347 Alii
1046 2308 1298 2360 grammatici
1327 2313 1407 2347 non
1438 2320 1485 2346 ea
1515 2319 1616 2358 quae
1641 2308 1827 2346 secuntur

294 2370 416 2409 uerba
447 2370 515 2409 sed
545 2369 593 2408 id·
613 2370 717 2420 quod
744 2368 942 2408 antecedit
964 2368 1202 2407 uocabulum
1226 2381 1299 2418 pro
1324 2367 1580 2407 fundamento
1610 2367 1827 2416 posuerunt

296 2429 570 2480 explicationis
608 2429 735 2468 ueluti
771 2428 921 2468 Placid.
949 2427 1060 2467 OGL
1085 2428 1124 2465 V
1150 2428 1194 2476 8,
1221 2429 1272 2466 11
1315 2424 1552 2466 ‘bobinaton
1575 2426 1742 2465 tricosus
1786 2427 1827 2465 et

294 2486 538 2529 inconstans'
573 2483 648 2543 (=
677 2490 744 2539 50,
772 2482 846 2542 33)
872 2488 931 2526 IV
957 2488 1025 2539 26,
1052 2488 1104 2526 23
1138 2483 1168 2538 †
1201 2484 1412 2526 ‘bounator
1444 2487 1565 2525 tricat
1595 2482 1823 2525 insidiosus'

294 2549 332 2586 V
360 2551 457 2598 271,
485 2549 538 2588 38
564 2549 770 2588 bibinatur
793 2549 963 2587 tricatur
986 2544 1165 2586 insidiat’
1194 2541 1269 2600 (=
1289 2546 1347 2585 IV
1375 2547 1470 2595 602,
1498 2540 1554 2598 3).
1609 2545 1657 2583 111
1683 2545 1824 2596 quibus

295 2609 447 2648 Placidi
486 2608 650 2660 'glossae
699 2608 842 2647 summi
891 2619 985 2646 sane
1034 2607 1225 2646 momenti
1266 2606 1376 2657 ideo,
1427 2605 1532 2655 quod
1578 2605 1662 2643 sine
1705 2604 1824 2643 dubio

294 2669 506 2707 lectionem
552 2680 689 2708 uersus
737 2667 884 2706 Lucilii
931 2667 1049 2705 initio
1093 2666 1329 2705 confirmant
1369 2664 1601 2716 praebentes
1651 2665 1823 2702 tricosus.

258 2777 263 2781 .
297 2727 409 2773 Quod
434 2727 673 2766 uocabulum
699 2727 913 2766 admodum
937 2727 998 2765 est
1021 2739 1173 2765 rarum:
1200 2725 1419 2776 explicatur
1445 2723 1556 2763 OGL
1576 2723 1617 2762 II
1644 2725 1740 2773 201,
1767 2725 1819 2762 41

296 2784 480 2826 ‘tricosus
505 2785 657 2840 ἀχρεῖος
676 2785 830 2840 λαγγών
850 2782 1112 2834 δυσὲκλυτος’,
1135 2787 1342 2836 praeterea
1366 2785 1477 2823 extat
1499 2784 1541 2822 in
1566 2784 1824 2833 inscriptione

295 2848 461 2886 metrica
493 2847 600 2897 apud
630 2846 914 2886 Buechelerum
946 2845 1056 2884 GLE
1082 2845 1123 2883 II
1146 2858 1184 2896 p.
1204 2846 1309 2894 403,
1341 2845 1426 2883 870
1458 2839 1686 2882 ‘Alcmenae
1715 2842 1823 2882 Iouis

297 2908 336 2944 et
366 2907 503 2957 magni
532 2906 752 2946 fortissima
780 2905 911 2956 proles
942 2906 1109 2944 tricosus
1150 2904 1281 2944 subito
1312 2905 1403 2954 post
1432 2915 1521 2942 mea
1550 2902 1658 2941 facta
1687 2899 1821 2941 uocor'

297 2978 397 3014 quae
429 2967 611 3015 suspecta
647 2967 733 3004 erat
769 2965 985 3004 editoribus
1019 2963 1113 3003 CIL
1138 2963 1197 3002 VI
1223 2963 1384 3003 3623*;
1421 2963 1555 3001 tamen
1588 2962 1824 3010 pertricosus

295 3025 469 3066 Martial.
482 3024 545 3063 III
558 3026 708 3078 63,14.
750 3025 933 3063 Tricosus
953 3036 977 3063 a
995 3024 1105 3062 tricis
1126 3024 1222 3074 quin
1241 3023 1295 3062 sit
1313 3021 1574 3063 deriuandum
1591 3033 1672 3060 non
1688 3020 1823 3071 potest
