2060 3444
288 266 375 308 374
776 263 906 298 incert.
934 262 1010 297 sed.
1036 274 1072 297 11.
1101 265 1348 298 nsi—1184.

287 380 487 417 mutatum
519 390 543 415 a
575 376 773 415 Cicerone.
835 374 921 421 Quo
955 374 999 413 in
1034 375 1121 413 loco
1153 374 1328 413 Turnebi
1364 374 1669 425 explicationem
1707 388 1828 426 quam

289 438 502 488 adscripsit
531 436 677 487 probat
707 436 793 474 iure
818 434 1064 474 Ellendtius:
1095 434 1197 473 dixit
1222 433 1393 474 Granius
1423 435 1626 474 hominem
1655 435 1828 486 aliquem

291 495 384 537 ‘non
418 509 501 537 esse
532 493 755 545 sextantis’,
787 495 893 546 quod
923 494 967 533 111
995 493 1115 533 laude
1138 494 1315 544 positum
1340 506 1424 533 esse
1449 495 1658 546 intellegat
1683 495 1828 546 aliquis

290 553 399 612 (cum
418 557 610 596 Laberius
631 552 702 608 [31
720 551 774 607 R]
795 555 904 594 dicat
924 551 1075 594 ‘seruos
1095 554 1288 594 sextantis
1307 554 1436 593 utitur
1461 554 1624 595 nefariis
1647 550 1830 610 uerbis'),

291 617 393 656 alius
431 618 492 655 ita
527 616 737 667 intelleget
772 616 819 654 ut
855 614 1012 654 dicatur
1047 614 1250 653 hominem
1292 614 1409 653 illum
1450 627 1529 653 non
1573 616 1692 654 nauci
1734 627 1830 655 esse.

291 678 411 716 Dicta
443 675 584 715 Granii
623 676 666 714 in
697 687 810 726 reges
848 674 1038 725 superbos
1076 673 1240 725 collegit
1271 673 1350 713 Cic.
1376 686 1448 725 pro
1473 673 1607 713 Planc.
1635 675 1703 714 33.
1764 674 1832 714 Li-

290 736 417 776 brarii
446 737 489 775 in
521 735 621 776 codd
647 734 725 774 Cic.
752 734 800 773 de
826 747 880 773 or.
906 735 933 772 l.
959 747 987 774 s.
1015 747 1044 773 s.
1082 733 1219 773 eodem
1256 733 1374 773 modo
1410 736 1627 784 peccarunt
1664 746 1743 784 quo
1781 734 1832 774 ad

291 797 377 836 Att.
402 797 428 835 1.
455 808 484 835 s.
511 808 541 835 s.
573 795 801 834 exhibentes
829 795 999 844 grauius
1030 806 1102 844 pro
1132 794 1312 842 yramius.

413 850 557 896 1183.
596 854 820 894 Scholiasta
856 853 1058 893 quenalis
1082 853 1140 892 IX
1167 854 1191 892 5
1239 850 1462 903 ‘Crustula,
1505 854 1655 904 species
1699 854 1832 905 operis

232 948 237 953 .
291 915 461 967 pistorii.
535 915 729 954 Lucullus
773 909 973 967 (Lucillus
1020 912 1291 965 Sangallensis
1341 912 1463 952 codex
1510 926 1635 952 manu
1683 907 1833 969 prima)

257 970 259 972 ’
293 973 502 1015 “crustaul
533 975 712 1015 crustula
748 971 916 1013 solus”.'
979 973 1203 1024 Porphyrio
1242 972 1293 1012 ad
1324 972 1486 1012 Horatii
1523 986 1637 1013 serm.
1662 974 1684 1012 I
1712 976 1750 1023 1,
1778 974 1831 1013 25

295 1034 503 1075 ‘Crustula
533 1037 574 1074 et
603 1034 782 1073 Lucilius
813 1034 932 1083 dixit,
969 1030 1163 1084 “gustaui
1194 1033 1375 1072 crustula
1406 1029 1575 1072 solus’'.'
1639 1031 1834 1074 Omnibus

293 1096 381 1135 rixa
412 1097 550 1134 coorta
581 1093 882 1146 aufugientibus
918 1094 952 1132 is
991 1093 1060 1143 qui
1098 1093 1279 1143 loquitur
1317 1093 1489 1131 conuiua
1526 1093 1633 1133 solus
1670 1094 1834 1133 relictus

295 1156 463 1194 bellaria
506 1154 677 1194 comedit
718 1165 947 1192 mensarum
989 1152 1262 1192 secundarum.
1330 1152 1391 1191 De
1434 1154 1596 1204 gustare
1639 1152 1835 1193 uocabulo

296 1215 391 1254 uide
423 1214 474 1253 ad
504 1214 572 1253 lib.
598 1213 731 1252 XXVI
755 1227 792 1251 u.
820 1213 918 1252 637.

420 1268 562 1314 1184.
607 1272 856 1313 Glossarium
894 1271 995 1312 GGL
1020 1272 1062 1311 II
1099 1286 1138 1323 p.
1165 1272 1240 1322 36,
1267 1273 1322 1311 34
1369 1268 1653 1323 ‘Gutulliocae,
1695 1287 1837 1326 καροια

298 1329 450 1388 (κάρυα
475 1328 595 1388 editt)
621 1331 750 1385 μακρὰ
771 1327 909 1386 (μικρὰ
928 1326 1212 1384 Buechelerus)
1231 1329 1339 1384 παρὰ
1357 1330 1596 1388 Λουκειλίῳ’
1623 1346 1662 1384 p.
1690 1333 1758 1383 36,
1780 1333 1834 1372 26

299 1391 344 1446 ‘†
370 1393 561 1443 Guilnoa,
597 1389 879 1445 καροιοτομια’.
940 1391 1127 1431 Placidus
1161 1390 1261 1431 OGL
1285 1391 1324 1428 V
1347 1405 1385 1443 p.
1415 1393 1491 1441 24,
1519 1394 1572 1432 18
1606 1387 1733 1447 (105,
1758 1387 1836 1446 40)

299 1451 527 1493 ‘Galliciola
561 1454 706 1493 cortice
737 1453 848 1492 nucis
878 1452 1079 1504 iuglandis
1111 1451 1232 1490 uiridi
1262 1464 1334 1501 per
1365 1465 1483 1502 quem
1518 1464 1659 1503 corpus
1696 1452 1835 1492 huma-

298 1527 394 1552 num
425 1513 601 1564 intelligi
630 1510 735 1551 uult’
769 1512 918 1551 Paulus
959 1524 1006 1550 ex
1039 1511 1156 1550 Festo
1187 1524 1224 1561 p.
1254 1512 1322 1560 98,
1350 1512 1403 1550 12
1438 1508 1657 1552 ‘Gulliocae
1691 1525 1838 1552 nucum

298 1573 551 1624 iuglandium
582 1585 737 1612 summa
769 1574 809 1611 et
838 1571 988 1611 uiridia
1024 1567 1248 1622 putamina’
1281 1584 1319 1622 p.
1348 1571 1416 1620 50,
1445 1573 1498 1610 12
1539 1568 1717 1611 ε0111110111
1755 1584 1838 1611 cor-

300 1634 398 1672 tices
429 1646 575 1672 nucum
600 1632 793 1671 uiridium
817 1631 925 1671 dicta
951 1644 976 1670 a
999 1631 1263 1670 similitudine
1288 1630 1502 1670 culleorum
1532 1631 1674 1682 quibus
1700 1631 1840 1671 uinum

301 1695 386 1733 siue
418 1693 550 1732 oleum
582 1688 833 1732 continetur'.
885 1692 1128 1731 Tractarunt
1151 1691 1223 1730 has
1249 1691 1400 1742 glossas
1426 1690 1616 1731 Loeweus
1641 1691 1838 1742 prodrom.

302 1767 338 1803 p.
352 1754 436 1792 298
452 1765 559 1803 seqq.
571 1752 809 1791 Ribbeckius
829 1752 1174 1803 archiulexicogr.
1185 1750 1273 1790 Lat.
1284 1750 1325 1789 II
1348 1751 1460 1790 1885
1481 1765 1519 1803 p.
1534 1752 1615 1790 121
1639 1751 1839 1791 Zanderus

301 1814 326 1851 l.
341 1826 370 1852 s.
386 1812 443 1851 VI
461 1813 571 1852 1889
588 1826 625 1863 p.
642 1812 746 1851 528:
773 1824 872 1862 quas
892 1824 1026 1850 omnes
1052 1811 1103 1850 ad
1130 1810 1296 1850 eundem
1315 1810 1463 1850 Lucilii
1486 1812 1685 1862 pertinere
1709 1811 1840 1852 locum

302 1886 365 1911 me
409 1872 560 1912 arbitro
604 1873 681 1911 erit
723 1871 959 1923 negandum.
1027 1871 1133 1910 Nam
1176 1870 1261 1910 sola
1304 1883 1381 1909 uox
1421 1871 1655 1920 yutullioeae
1697 1870 1842 1911 Lucilii

304 1935 440 1982 aperte
471 1934 532 1972 est
562 1944 642 1982 qua
672 1944 790 1970 nuces
822 1931 991 1982 grandes
1022 1930 1283 1982 significauit:
1323 1943 1423 1980 quae
1455 1930 1655 1982 discrepat
1688 1944 1713 1971 a
1749 1931 1840 1970 reli-

305 1993 392 2042 quis
425 1994 466 2031 et
495 1992 625 2030 forma
656 1992 696 2030 et
726 1990 1029 2042 significatione.
1078 1990 1195 2028 Pauli
1226 1989 1381 2041 glossae
1407 1990 1457 2028 ad
1483 1990 1650 2029 eundem
1675 1991 1840 2042 scripto-

303 2053 358 2090 ris
391 2052 557 2090 alicuius
587 2051 718 2089 locum
750 2049 972 2100 antiquitus
1005 2051 1236 2099 corruptum
1266 2049 1455 2088 uidentur
1484 2051 1684 2099 pertinere
1724 2051 1843 2090 sicuti

306 2111 438 2150 Plaut.
463 2111 547 2149 Mil.
577 2111 691 2149 1180
728 2110 891 2149 Verrius
935 2111 976 2148 et
1023 2108 1234 2148 lectionem
1284 2110 1516 2158 expapillato
1566 2111 1607 2148 et
1657 2111 1843 2160 effafilato

308 2171 512 2210 enarrauit
537 2164 593 2223 (p.
617 2172 684 2219 79,
707 2171 772 2210 10.
800 2170 868 2220 83,
890 2164 949 2222 6),
973 2169 1079 2208 idem
1104 2170 1334 2218 cnephoswm
1359 2168 1595 2209 elucidatum
1619 2171 1843 2209 cuturniwm

306 2231 455 2269 calbeos
484 2231 773 2280 interpretatur
802 2229 844 2268 in
876 2242 896 2268 0
927 2229 1065 2268 littera
1096 2241 1197 2279 quae
1227 2230 1368 2279 postea
1397 2229 1440 2267 in
1471 2230 1507 2281 g‘
1527 2229 1666 2268 littera
1695 2230 1843 2268 iterum

306 2292 454 2329 tractet
487 2290 725 2339 ynephosum
758 2289 1001 2338 ylucidatum
1033 2289 1266 2338 yutur‘m‘wm
1304 2289 1486 2338 ¹qalbewm
1523 2283 1845 2342 (Reitzensteinii

307 2349 487 2388 Verrian.
508 2349 791 2400 Forschungen
809 2349 933 2388 Bresl.
960 2349 1062 2387 Phil.
1088 2347 1287 2387 Abhandl.
1311 2347 1333 2387 I
1358 2349 1384 2386 4
1410 2362 1448 2398 p.
1470 2346 1559 2402 39).
1609 2348 1733 2388 Porro
1753 2348 1844 2388 Pla-

307 2409 385 2448 cidi
417 2410 551 2460 glossa
582 2409 633 2448 ad
667 2409 799 2448 locum
835 2408 1040 2459 scriptoris
1077 2408 1247 2447 alicuius
1284 2409 1460 2459 pertinet
1495 2408 1667 2448 similem
1698 2408 1845 2448 Lucilii

307 2469 374 2508 lib.
401 2469 532 2508 XXVI
562 2482 598 2507 u.
634 2469 716 2507 622
770 2465 864 2519 ‘quo
914 2468 1093 2508 folliculo
1142 2480 1247 2507 nunc
1295 2480 1382 2508 sum
1437 2465 1616 2508 indutus'
1674 2481 1844 2519 quocum

308 2528 550 2568 Ribbeckius
582 2530 789 2579 comparat
812 2528 838 2566 l.
865 2534 897 2567 s.'
921 2541 950 2568 s.
1011 2528 1194 2578 Denique
1221 2527 1421 2577 yallwt'ola
1450 2527 1619 2567 barbare
1650 2529 1845 2579 scriptum

309 2588 470 2627 uidetur
505 2601 577 2638 pro
615 2589 808 2631 calicula:
846 2600 871 2627 a
908 2588 1040 2638 calmi,
1084 2601 1163 2638 quo
1200 2587 1321 2626 uerbo
1359 2587 1516 2626 Plinius
1553 2589 1674 2627 sicuti
1705 2587 1846 2628 Graeci

310 2649 438 2686 utitur
469 2650 508 2686 et
539 2647 586 2686 de
622 2660 768 2687 nucum
805 2647 1018 2687 corticibus
1049 2649 1090 2686 et
1126 2648 1401 2687 castanearum
1439 2649 1479 2687 et
1515 2647 1564 2687 de
1600 2647 1845 2698 tegumentis

311 2707 539 2746 echinorum
582 2708 803 2746 coclearum
845 2707 1091 2746 testudinum
1135 2720 1301 2746 cuorum
1351 2701 1451 2760 (nat.
1476 2707 1570 2747 hist.
1594 2707 1669 2745 XV
1694 2708 1761 2747 86.
1789 2709 1843 2746 92

310 2767 367 2804 IX
396 2768 491 2806 100.
520 2768 605 2805 174
635 2767 787 2805 XXXII
814 2767 867 2806 39
901 2767 1074 2806 XXVIII
1100 2761 1193 2820 19):
1236 2766 1528 2805 deminutiuum
1570 2766 1617 2805 fit
1664 2766 1846 2806 caucium

312 2826 506 2865 Graecum
548 2820 797 2879 (echinorum
840 2827 1030 2866 caliculos
1072 2826 1215 2865 Latine
1251 2825 1371 2876 Apul.
1403 2826 1451 2865 de
1481 2839 1585 2878 mag.
1614 2821 1709 2880 35),
1753 2826 1846 2866 inde

312 2886 464 2925 factum
494 2886 672 2926 caliciola
701 2885 891 2924 Latinum
922 2887 1030 2936 quod
1059 2885 1343 2925 confundentes
1374 2898 1463 2925 cum
1490 2887 1623 2936 yallus
1651 2885 1845 2925 uocabulo

311 2945 478 2984 barbare
515 2945 700 2984 dixerunt
732 2947 932 2995 galliciola
968 2946 1154 2985 similiter
1190 2947 1310 2995 atque
1352 2947 1395 2984 in
1434 2946 1573 2995 yobius
1610 2946 1849 2995 yubernator

310 3007 460 3053 yummi
496 3007 696 3044 mutantes
734 3018 947 3045 consonam
984 3000 1196 3060 (Lindsayi
1226 3005 1274 3044 de
1304 3005 1401 3057 ling.
1431 3005 1564 3046 Latin.
1596 3004 1703 3056 Lips.
1731 3005 1844 3044 1897
