2060 3444
263 243 348 286 132
859 241 908 277 IX
934 254 969 278 u.
998 245 1197 278 348—355.

260 356 374 396 Accii
422 355 596 395 inuentis
648 357 688 395 et
738 356 976 395 auctoritate
1028 368 1130 406 quae
1181 358 1366 395 enarrata.
1415 358 1510 396 sunt
1564 357 1607 396 in
1656 357 1804 408 Paulyi

261 415 480 455 Wissowae
529 415 743 466 Encyclop.
779 427 808 454 s.
837 428 877 454 u.
918 415 962 454 L.
998 415 1156 454 Accius.
1243 414 1581 468 orthographiam
1630 416 1803 468 deniquo

262 477 382 526 poeta
418 474 554 514 docuit
590 488 670 514 non
707 476 752 514 ut
789 474 1073 527 grammaticus
1111 474 1179 515 sed
1211 477 1256 514 ut
1285 488 1387 515 unus
1420 476 1466 515 de
1497 476 1652 527 multis,
1684 477 1802 516 homo
1878 511 1882 518 .

262 536 404 587 pingui
435 535 618 574 Minerua
651 536 691 574 et
722 534 944 574 castrensis.
1001 535 1062 573 Ex
1091 536 1179 574 tota
1209 535 1284 574 hac
1316 537 1454 575 satura
1478 549 1602 574 unum
1626 538 1802 576 tantum—

262 595 379 634 modo
411 607 573 634 uersum
605 590 731 649 (356)
765 595 973 646 exscripsit
1002 594 1167 635 Nonius.

383 649 494 695 349.
526 655 680 694 Nonius
706 667 752 693 ex
777 656 1040 707 grammatico
1065 668 1103 705 p.
1126 655 1225 705 286,
1253 656 1307 694 32
1337 652 1513 695 ‘Discere
1538 657 1599 695 est
1622 656 1803 708 ignotam

261 728 345 753 rem
387 714 617 754 meditando
662 714 830 765 assequi.
899 714 1077 754 Lucilius
1114 715 1182 754 lib.
1209 714 1330 753 VIHI
1368 711 1545 755 “discere
1581 716 1720 756 labora
1754 728 1804 756 ‘ne

261 787 324 814 res
355 777 389 814 te
419 775 509 824 ipsa
536 806 542 814 .
565 806 573 814 .
595 806 602 813 .
629 771 848 814 refellat’'.'
912 773 1069 814 Labora
1101 770 1270 827 discere]
1302 774 1548 815 infinitiuum
1583 775 1634 815 ad
1664 776 1804 816 labora

263 836 452 886 apposuit
482 834 661 874 Lucilius
693 848 812 886 quem
843 836 1001 875 secutus
1033 836 1093 874 est
1123 836 1166 874 in
1196 835 1271 873 hac
1296 848 1339 874 re
1364 835 1558 875 Horatius
1584 848 1698 875 serm.
1717 835 1738 875 Ι
1766 838 1803 888 1,

266 896 348 934 112
384 892 504 934 ‘hunc
543 896 663 946 atque
704 895 809 934 hunc
841 907 1026 945 superare
1057 891 1226 934 laboret'
1258 894 1301 933 H
1327 895 1370 945 8,
1400 897 1452 934 19
1488 892 1618 935 ‘nosse
1647 892 1801 935 laboro’

255 954 376 1005 epist.
397 955 418 993 I
444 956 482 1003 3,
510 956 534 994 2
570 952 685 994 ‘scire
723 952 875 994 laboro’
910 967 944 994 a.
970 968 1008 1005 p.
1030 955 1084 993 25
1126 952 1273 994 ‘breuis
1311 967 1395 994 esse
1435 952 1602 995 laboro'.
1648 977 1704 983 —
1741 967 1804 995 res

265 1012 371 1066 ipsa]
400 1016 447 1053 ut
471 1015 680 1054 Terentius
706 1014 829 1054 Andr.
859 1016 942 1055 202
972 1012 1046 1054 ‘ita
1072 1016 1206 1065 aperte
1232 1016 1362 1065 ipsam
1386 1028 1470 1053 rem
1494 1014 1611 1054 modo
1631 1012 1802 1054 locutus’

264 1074 420 1114 Phorm.
444 1076 526 1114 718
556 1071 655 1114 ‘rem
679 1076 810 1126 ipsam
828 1071 997 1125 putasti'
1018 1074 1187 1125 Adelph.
1212 1076 1293 1114 796
1317 1071 1415 1114 ‘rem
1440 1076 1571 1126 ipsam
1589 1072 1802 1126 putemus'.

385 1129 495 1174 351.
528 1134 737 1174 Terentius
764 1134 938 1174 Scaurus
966 1133 1039 1173 GL
1055 1134 1132 1174 VH
1150 1148 1188 1186 p.
1206 1135 1272 1185 18,
1296 1137 1348 1174 12
1363 1134 1401 1173 Κ
1428 1132 1518 1174 Ῥ61·
1542 1135 1805 1174 adiectionem

264 1195 337 1233 illa
369 1195 557 1234 uidentur
588 1207 672 1234 esse
703 1194 863 1245 uitiosa,
895 1194 1003 1245 quod
1030 1194 1177 1234 Accius
1209 1195 1422 1246 geminatis
1453 1194 1660 1234 uocalibus
1686 1195 1805 1234 scribi

263 1256 409 1293 natura
445 1254 586 1306 longas
625 1254 800 1305 syllabas
837 1255 984 1304 uoluit,
1029 1267 1118 1293 cum
1162 1254 1314 1304 alioqui
1352 1254 1506 1294 adiecto
1542 1255 1610 1293 uel
1647 1255 1804 1294 sublato

265 1315 378 1365 apice
409 1314 673 1366 longitudinis
706 1316 747 1353 et
776 1314 988 1354 breuitatis
1019 1316 1114 1353 nota
1152 1316 1287 1366 posset
1318 1315 1483 1354 ostendi.
1546 1327 1638 1353 nam
1671 1315 1804 1366 singu-

264 1374 369 1413 lares
401 1374 558 1414 uocales
590 1376 631 1414 et
660 1373 827 1425 produci
859 1376 899 1413 et
929 1375 1077 1424 corripi
1107 1377 1286 1424 possunt.
1342 1374 1445 1414 unde
1477 1375 1600 1413 etiam
1627 1374 1805 1414 Lucilius

265 1435 307 1472 in
332 1443 437 1473 nono
463 1435 691 1473 saturarum
716 1433 764 1473 de
790 1434 1078 1486 orthographia
1102 1435 1350 1485 praecipiens
1377 1433 1436 1474 ait
1462 1431 1518 1473 “a
1543 1434 1719 1485 primum
1740 1466 1747 1473 .
1770 1465 1804 1473 ..

265 1496 358 1533 sunt
388 1493 530 1532 deinde
562 1506 586 1532 a
617 1495 790 1545 primum
922 1490 1136 1533 faciunt''.'
1169 1515 1227 1520 —
1269 1495 1366 1532 351.
1399 1493 1589 1533 Ordinem
1626 1494 1737 1533 ducit
1780 1506 1804 1533 a

264 1554 411 1593 littera.
451 1575 509 1580 —
548 1556 587 1593 et
624 1566 727 1604 quae
764 1554 927 1593 nomina
964 1554 1014 1592 ab
1051 1554 1126 1592 hoc
1163 1550 1277 1607 sunt]
1315 1554 1416 1592 dura
1454 1555 1515 1593 est
1552 1553 1804 1605 constructio,

265 1615 344 1653 nisi
374 1613 514 1653 deinde
545 1614 652 1664 quod
683 1615 945 1666 grammatico
976 1612 1249 1663 tribuebatur,
1280 1613 1430 1653 tribues
1462 1613 1635 1654 Lucilio:
1668 1613 1806 1653 eadem

265 1686 402 1713 uersus
450 1674 539 1712 sede
588 1675 755 1724 ponitur
802 1673 938 1713 incert.
977 1687 1013 1712 u.
1053 1674 1165 1713 1338
1205 1673 1300 1712 Hor.
1333 1686 1446 1713 serm.
1472 1674 1493 1712 I
1528 1674 1571 1724 6,
1607 1675 1702 1713 119.
1747 1695 1805 1701 —

268 1734 365 1773 352.
392 1746 443 1773 aa
467 1735 642 1785 primum
667 1733 800 1785 longa,
825 1731 907 1786 <α>
931 1733 1065 1773 breuis
1086 1731 1260 1784 syllaba]
1283 1733 1341 1772 ita
1365 1733 1505 1784 scripsi
1531 1746 1577 1773 ex
1599 1733 1805 1773 Ribbeckii

268 1788 388 1847 (Mus.
409 1793 532 1832 Rhen.
552 1793 682 1832 XXD(
711 1794 824 1832 1874
857 1807 894 1844 p.
919 1787 1022 1846 131)
1062 1793 1356 1844 emendatione,
1399 1793 1469 1844 qui
1493 1795 1670 1843 prismmn
1700 1793 1804 1832 male

267 1865 351 1892 esse
381 1854 596 1904 repetitum
628 1867 649 1893 e
680 1866 797 1893 uersu
829 1853 1085 1893 antecedente
1115 1852 1268 1892 iudicat
1299 1853 1462 1904 expulso
1495 1853 1575 1892 alio
1607 1853 1804 1892 adiectiuo

266 1913 394 1952 ueluti
415 1915 624 1962 yeminum.
651 1934 709 1940 -—
737 1914 833 1952 353.
860 1926 938 1952 uno
965 1909 1199 1965 eodemque]
1226 1914 1273 1952 ut
1297 1913 1447 1965 Vergil.
1474 1913 1596 1965 eclog.
1623 1912 1723 1952 VHI
1748 1913 1800 1953 81

268 1970 364 2012 ‘uno
409 1972 623 2023 eodemque
665 1973 769 2024 igni:
812 1974 869 2013 sic
910 1974 1046 2012 nostro
1090 1972 1272 2023 Daphnis
1316 1970 1466 2012 amore’
1511 1985 1629 2024 quem
1673 1973 1805 2012 locum

268 2034 473 2083 comparat
498 2033 635 2072 Dousa
667 2032 804 2072 addito
835 2045 954 2072 uersu
983 2032 1131 2071 Lucilii
1155 2032 1222 2071 lib.
1242 2032 1315 2071 XX
1341 2045 1377 2070 u.
1400 2033 1496 2072 570.
1529 2054 1586 2059 ——
1618 2029 1802 2084 dicimus]

267 2091 437 2132 diximus
474 2092 505 2131 Ι.
531 2092 684 2131 Dousa:
729 2094 771 2131 at
813 2092 998 2132 similiter
1036 2092 1185 2144 legitur
1220 2095 1264 2131 ut
1300 2092 1384 2131 dico
1420 2091 1515 2130 XIV
1551 2105 1588 2130 u.
1616 2092 1720 2142 470,
1762 2094 1807 2130 ut

267 2153 434 2192 dicimus
469 2152 563 2190 XIX
600 2166 637 2190 u.
666 2153 770 2202 560,
807 2151 831 2190 i.
859 2165 890 2191 6.
928 2154 972 2191 ut
1012 2155 1147 2191 nostra
1190 2155 1243 2190 est
1286 2153 1416 2200 opinio
1458 2151 1570 2190 modo
1612 2152 1805 2191 indicata.-

268 2213 423 2263 spectat
462 2214 580 2263 poeta
622 2212 684 2250 his
722 2212 854 2251 uerbis
893 2225 939 2251 ea
979 2224 1080 2262 quae
1117 2211 1223 2250 inter
1258 2225 1295 2250 u.
1329 2212 1411 2251 351
1453 2213 1505 2251 et>
1529 2225 1566 2250 u.
1600 2211 1684 2251 352
1721 2212 1804 2250 iam

269 2272 433 2311 dixerat.
473 2294 528 2299 —
569 2272 666 2311 355.
690 2262 802 2325 “Apes-
824 2268 954 2324 ’Ἀρεςε
991 2271 1246 2311 tritissimum
1287 2271 1379 2310 inde
1423 2284 1446 2310 a
1482 2271 1629 2310 Lucilii
1672 2273 1803 2310 aetate

270 2332 493 2382 exemplum
524 2331 640 2371 Hom.
662 2332 694 2370 E
723 2333 776 2371 31
811 2332 919 2383 quod
951 2333 1073 2371 etiam
1104 2331 1320 2382 Dionysius
1347 2331 1479 2370 Thrax
1510 2332 1594 2370 eius
1627 2331 1803 2382 aequalis

269 2391 454 2430 adhibuit
495 2390 536 2430 in
581 2391 726 2431 scholis
769 2393 870 2431 suis:
914 2392 1010 2430 conf
1048 2393 1132 2430 eius
1169 2404 1234 2431 ars
1270 2405 1309 2442 p.
1338 2392 1410 2441 18,
1440 2393 1460 2430 1
1504 2391 1636 2442 Vhlig.
1675 2389 1804 2444 μακρὰ

270 2449 444 2503 συλλαβὴ
482 2451 630 2504 γίνεται
656 2481 664 2489 .
686 2481 723 2490 ..
756 2445 809 2490 ὅτ’
841 2449 893 2490 ἂν
929 2449 996 2506 ἔχῃ
1033 2449 1076 2490 ἕν
1111 2465 1148 2490 τι
1184 2456 1263 2490 τῶν
1300 2449 1494 2503 διχρόνων
1530 2445 1609 2490 κατ’
1649 2449 1804 2490 ἔκτασιν

269 2509 678 2564 παραλαμβανόμενον
721 2506 808 2550 οἷον
835 2507 957 2563 ’Ἀρης
993 2524 1030 2561 p.
1065 2513 1138 2560 20,
1174 2513 1195 2549 1
1236 2511 1397 2563 βραχεῖα
1440 2509 1614 2562 συλλαβὴ
1657 2509 1804 2563 γίνεται

272 2602 279 2610 .
302 2602 309 2609 .
331 2600 340 2609 .
367 2570 461 2610 ὅταν
491 2569 557 2626 ἔχῃ
590 2568 633 2610 ἕν
663 2585 699 2610 τι
729 2575 808 2610 τῶν
833 2569 1026 2623 διχρόνων
1051 2569 1148 2609 κατὰ
1174 2569 1368 2621 συστολὴν
1396 2568 1804 2622 παραλαμβανόμενον

271 2625 357 2669 οἷον
379 2626 502 2683 ’Ἁρης
539 2630 652 2669 Sext.
671 2630 821 2681 Empir.
849 2630 938 2668 adu.
964 2631 1174 2681 grammat.
1199 2643 1237 2680 p.
1260 2630 1363 2679 621,
1391 2631 1446 2669 20
1465 2629 1499 2667 Β
1538 2627 1700 2669 ἕκαστον
1731 2627 1803 2683 γὰρ

271 2688 402 2729 αὐτῶν
445 2687 622 2740 πέφυκεν
660 2687 721 2730 ὁτὲ
758 2687 830 2741 μὲν
867 2688 1108 2729 ἐκτείνεσθαι
1146 2686 1207 2728 ὁτὲ
1245 2686 1286 2729 δὲ
1324 2686 1601 2728 συστέλλεσθαι
1638 2683 1724 2728 οἷον
1760 2686 1803 2728 τὸ

271 2746 343 2801 μὲν
368 2765 393 2788 α
418 2747 481 2788 ἐπὶ
506 2754 575 2788 τοῦ
592 2740 705 2802 1Ἆρες
715 2746 828 2802 ’Ἆρες
851 2746 1074 2802 βροτολοιγὲ
1094 2747 1280 2801 μιαιφόνε
1298 2750 1578 2801 τειχεσιπλῆταε
1603 2748 1802 2787 Martialis

216 2838 222 2842 .
270 2809 403 2848 locum
433 2809 490 2848 IX
519 2812 591 2858 11,
619 2809 672 2848 15
707 2806 791 2848 ‘sed
823 2808 965 2848 Graeci
1001 2809 1147 2860 quibus
1185 2811 1246 2848 est
1282 2808 1384 2848 nihil
1414 2810 1603 2861 negatum
1635 2810 1675 2846 et
1704 2820 1803 2858 quos

272 2870 375 2920 Αρες
398 2864 510 2921 ’Ἆρες
536 2868 648 2907 decet
672 2866 827 2908 sonare'
853 2869 937 2908 iam
962 2869 1102 2908 attulit
1125 2869 1271 2908 Dousa.
1329 2867 1433 2907 Conf
1453 2868 1501 2907 de
1524 2867 1600 2907 hoc
1625 2868 1802 2918 exemplo

271 2928 314 2966 F.
334 2927 483 2966 Kuhnii
513 2928 715 2979 symbolae
741 2928 792 2967 ad
816 2928 938 2968 doctr.
963 2926 1051 2981 περὶ
1076 2926 1269 2981 διχρόνων
1293 2927 1418 2967 Bresl.
1444 2927 1585 2967 Philol.
1604 2926 1802 2966 Abhandl.

272 2986 330 3025 VI
356 2989 380 3025 3
414 3001 450 3037 p.
474 2989 526 3026 18
554 3000 662 3038 seqq.
688 3002 725 3039 p.
748 2990 801 3028 36
829 3000 938 3039 seqq.
