2060 3444
284 198 371 241 120
877 195 961 230 VIII
986 207 1021 230 u.
1050 198 1247 230 315—317.

283 310 428 349 tradit:
474 306 712 348 ‘onerariam
757 306 914 358 Hippus
958 308 1102 358 Tyrius
1145 306 1311 357 inuenit,
1342 339 1349 346 .
1379 340 1385 347 .
1415 340 1422 347 .
1454 310 1618 348 celetem
1661 310 1819 358 Rhodii,

284 382 489 409 cercurum
522 364 687 419 Cyprii’.
750 367 874 406 Extat
903 367 978 406 hoc
1007 367 1249 406 uocabulum
1287 368 1393 418 apud
1418 368 1549 408 Plaut.
1574 369 1734 408 Mei-cat.
1762 370 1816 408 87

285 429 407 468 Stich.
435 429 532 467 368.
561 428 667 476 413,
711 427 806 465 item
852 439 914 477 ap.
951 426 1113 465 Liuium
1143 427 1316 466 XXXIII
1343 429 1417 477 19,
1444 430 1499 467 10
1529 429 1665 467 XXIII
1692 430 1766 478 34,
1792 430 1817 467 4
1893 458 1895 460 -

285 487 564 538 ‘Valeriusque
602 487 768 526 Flaccus
806 499 985 526 cercuros
1023 486 1074 525 ad
1111 487 1423 537 persequendam
1461 488 1820 539 retrahendamque

284 562 428 587 nauem
466 560 555 586 cum
592 543 778 586 misisset'
817 546 922 586 unde
959 548 1128 597 apparet
1166 546 1459 586 celeri-imarum
1495 547 1616 588 fuisse
1655 548 1820 588 nauium

284 608 383 647 illud
410 619 545 659 genus.
597 606 655 646 Eo
686 607 817 645 minus
849 606 1039 657 intellego
1069 606 1144 646 hoc
1168 606 1314 646 Lucilii
1344 608 1432 646 loco
1457 607 1563 658 quod
1594 609 1821 647 statuerunt

284 668 455 707 editores
499 667 546 706 de
584 666 743 706 flumine
787 666 853 717 agi
897 666 1126 705 traiciendo.
1194 666 1383 706 Plausum
1429 668 1533 705 enim
1576 667 1673 706 tulit
1714 667 1821 706 Iunii

284 727 520 766 emendandi
562 726 666 765 ratio
711 725 778 776 qui
821 726 895 765 hoc
932 725 1049 765 modo
1089 726 1318 777 scripserat:
1363 723 1528 765 ‘Verum
1571 726 1718 766 flumen
1759 726 1821 766 uti

284 790 404 837 atque
436 786 524 837 ipso
556 784 729 825 diuortio
761 782 1013 837 (aquarum)
1044 785 1178 836 ilignis
1209 785 1375 836 pedibus
1406 798 1611 826 cercurum
1648 786 1822 825 concinit

285 844 451 897 aequis’,
478 858 578 897 quae
605 845 677 885 alii
703 845 782 884 alio
808 845 925 885 modo
951 847 1108 884 mutata
1131 858 1313 896 recepere
1336 845 1519 895 editores,
1544 859 1635 885 cum
1653 845 1823 886 doceant

283 907 403 960 pedes
430 906 477 944 de
502 906 622 945 remis
649 917 732 944 esse
751 905 1053 956 intellegendos.
1098 905 1211 944 Dixit
1229 917 1324 944 sane
1342 905 1542 946 Ausonius
1562 906 1714 945 Mosell.
1735 907 1817 945 201

287 964 521 1016 ‘remipedes
564 965 694 1004 medio
738 967 893 1004 certant
936 978 1026 1004 cum
1069 965 1230 1004 flumine
1269 962 1424 1004 lembi':
1469 967 1513 1005 at
1554 966 1690 1004 nostro
1734 965 1820 1005 loco

284 1027 440 1064 nullum
471 1025 551 1064 ista
581 1025 794 1064 translatio
819 1024 942 1064 habet
966 1025 1107 1063 locum.
1159 1024 1431 1064 Certissimum
1458 1026 1563 1064 enim
1588 1024 1822 1064 fundamen-

284 1089 370 1125 tum
401 1085 744 1136 interpretationis
783 1085 860 1123 erit
889 1085 1016 1124 istud·
1022 1085 1190 1133 pedibus
1228 1086 1382 1134 aequis:
1419 1097 1498 1135 qua
1537 1084 1584 1124 de
1620 1085 1822 1124 locutione

286 1146 380 1185 conf
403 1145 480 1184 Cic.
507 1145 557 1183 ad
583 1144 667 1183 Att.
694 1144 788 1183 XVI
816 1145 854 1194 6,
882 1146 902 1183 1
941 1141 1042 1196 ‘Ego
1073 1143 1201 1184 adhuc
1228 1176 1234 1183 .
1257 1176 1264 1183 .
1288 1176 1294 1183 .
1320 1146 1448 1196 magis
1474 1144 1677 1184 commode
1703 1157 1822 1195 quam

285 1208 442 1245 strenue
480 1204 692 1257 nauigaui,
728 1204 847 1243 remis
887 1205 991 1243 enim
1029 1216 1217 1255 magnam
1253 1206 1426 1255 partem,
1468 1203 1671 1255 prodromi
1707 1202 1820 1242 nulli.

285 1265 391 1304 Illud
422 1266 520 1303 satis
553 1265 786 1314 opportune,
817 1262 894 1302 duo
925 1264 1034 1303 sinus
1066 1264 1238 1313 fuerunt,
1273 1276 1370 1314 quos
1401 1265 1577 1303 tramitti
1609 1264 1822 1314 oporteret,

285 1325 504 1363 Paestanus
536 1325 576 1363 et
606 1323 853 1362 Vibonensis.
915 1323 1138 1374 Vtrumque
1168 1323 1335 1374 pedibus
1371 1324 1508 1374 aequis
1545 1319 1821 1363 tramisimus’.

284 1385 386 1423 Item
418 1382 533 1423 Ouid.
560 1395 606 1422 ex
630 1382 745 1422 Pont.
771 1382 829 1421 IV
857 1383 895 1432 5,
922 1384 946 1422 3
981 1380 1056 1422 ‘Ite
1087 1383 1194 1423 leues
1226 1383 1347 1434 elegi,
1384 1383 1520 1422 doctas
1559 1383 1610 1422 ad
1648 1383 1822 1423 consulis

287 1456 401 1483 aures
434 1475 440 1482 .
470 1474 476 1481 .
505 1474 512 1482 .
543 1441 684 1494 Longa
724 1444 794 1482 uia
837 1445 906 1482 est.
981 1455 1054 1482 nec
1095 1455 1167 1482 uos
1209 1442 1376 1494 pedibus
1419 1442 1633 1493 proceditis
1681 1443 1820 1493 aequis

286 1504 485 1554 Tectaque
526 1502 699 1541 brumali
741 1501 813 1541 sub
856 1503 947 1541 niue
989 1504 1098 1541 terra
1139 1499 1254 1542 latet’
1298 1502 1405 1541 Fast.
1431 1502 1494 1541 III
1521 1502 1604 1542 565
1656 1499 1821 1541 ‘nancta

285 1565 413 1603 ratem
438 1564 678 1613 comitesque
702 1562 821 1614 fugae
845 1561 946 1612 pede
971 1561 1121 1601 labitur
1146 1558 1287 1612 aequo'
1308 1562 1377 1601 ubi
1395 1562 1647 1601 Burmannus
1665 1562 1822 1613 relegat

286 1624 484 1675 legentem
517 1622 567 1661 ad
599 1622 744 1660 Catull.
770 1621 828 1660 IV
856 1623 907 1661 21
945 1618 1046 1660 ‘siue
1077 1623 1290 1672 utriunque
1320 1621 1502 1673 Iuppiter
1533 1621 1651 1661 simul
1686 1633 1823 1660 secun-

288 1683 361 1722 dus
392 1681 598 1722 incidisset
634 1683 677 1720 in
710 1678 877 1732 pedem’.
939 1681 1082 1732 Itaque
1118 1694 1187 1732 pes
1224 1682 1340 1721 nauis
1376 1682 1482 1721 funis
1521 1683 1580 1721 est
1617 1693 1695 1732 quo
1732 1681 1824 1720 uela

288 1743 522 1795 deriguntur
541 1741 591 1780 ad
610 1743 774 1780 uentum
799 1742 839 1780 et
864 1741 1031 1792 pedibus
1056 1743 1194 1791 aequis
1221 1741 1346 1781 currit
1371 1754 1416 1780 ea
1440 1742 1555 1781 nauis
1575 1754 1676 1792 quae
1694 1741 1823 1792 plenis

288 1803 401 1841 uolat
424 1802 525 1841 uelis
556 1801 621 1840 uel
654 1798 852 1851 ‘aequatis
883 1798 998 1840 uelis’
1031 1803 1077 1839 ut
1108 1803 1168 1840 est
1198 1813 1260 1851 ap.
1286 1800 1508 1852 Vergilium
1540 1800 1638 1840 Aen.
1658 1800 1716 1839 IV
1737 1801 1821 1839 587

288 1863 409 1901 uento
458 1860 639 1900 secundo.
717 1860 911 1899 Similiter
959 1861 1125 1900 Nonnus
1174 1861 1337 1911 Dionys.
1365 1860 1421 1899 IV
1451 1861 1535 1900 230
1580 1856 1823 1913 δουροπαγὲς

288 1921 464 1972 πόμπευε
496 1915 548 1960 δι’
583 1919 768 1971 οἴδματος
797 1919 903 1972 ἅρμα
933 1919 1139 1971 θαλάσσης
1165 1919 1307 1967 ἰσάζων
1337 1918 1522 1972 ἑκάτερθε
1555 1917 1654 1966 νεὼς
1684 1917 1822 1966 πόδας.

292 1980 409 2019 Cadit
445 1981 570 2032 igitur
607 1980 766 2031 elegans
803 1979 903 2017 illud
944 1980 1097 2028 iligmcis
1135 1979 1315 2018 omnibus
1358 1979 1571 2030 probatum
1614 1992 1685 2018 nec
1728 1979 1824 2017 ferri

288 2041 422 2091 potest
452 2040 625 2078 diuortio
658 2050 868 2089 aquarum:
905 2039 1023 2090 longe
1055 2039 1160 2077 enim
1191 2039 1301 2077 aliud
1333 2040 1394 2077 est
1434 2038 1657 2089 diuergium
1696 2050 1823 2088 aquae

289 2095 358 2153 (de
394 2111 472 2150 quo
510 2098 737 2137 Rudorffius
775 2098 838 2137 die
870 2097 1070 2137 Schriften
1106 2098 1142 2136 d.
1174 2102 1270 2137 rom.
1305 2097 1550 2137 Feldmesser
1574 2097 1614 2136 II
1638 2111 1676 2148 p.
1705 2091 1822 2151 256).

292 2158 555 2209 Comparatur
585 2158 627 2196 in
657 2157 837 2196 uersibus
868 2158 1014 2197 Lucilii
1045 2159 1137 2208 equi
1175 2170 1310 2197 cursus
1341 2159 1387 2196 ut
1422 2159 1563 2208 opinor
1599 2157 1715 2196 uelox
1750 2157 1822 2196 flu-

291 2219 390 2258 mini
420 2218 605 2268 primum,
636 2218 721 2256 tum
755 2217 826 2256 alii
855 2219 925 2267 rei,
957 2217 1126 2268 denique
1158 2218 1286 2268 plenis
1317 2218 1417 2256 uelis
1454 2216 1626 2256 currenti
1666 2228 1823 2256 cercuro

289 2278 509 2317 celerrimo:
536 2280 648 2326 atque
672 2277 912 2328 particulam
936 2279 1042 2316 recte
1066 2277 1258 2316 traditam
1283 2289 1365 2316 esse
1387 2289 1547 2316 caesura
1567 2288 1667 2326 quae
1687 2277 1730 2314 in
1749 2276 1824 2315 hoc

289 2337 484 2376 uocabulo
516 2337 673 2388 saepius
703 2337 906 2376 inuenitur
933 2336 1217 2387 semiquinaria
1242 2336 1444 2387 probatur.
1490 2333 1654 2375 ‘Verum
1677 2335 1824 2374 flumen

290 2397 351 2436 uti
371 2398 492 2447 atque
512 2396 598 2447 ipso
619 2396 665 2435 de
683 2397 832 2435 uertice
844 2393 1019 2448 <montis
1039 2393 1204 2447 saxum>
1223 2397 1358 2446 inqens
1373 2391 1487 2449 (conf
1500 2396 1637 2434 quen.
1657 2394 1715 2433 VI
1736 2396 1820 2434 649

290 2457 404 2496 Lucr.
429 2456 467 2493 V
493 2450 613 2509 313),
642 2455 808 2506 pedibus
840 2468 1043 2495 cercurum
1081 2467 1236 2494 currere
1265 2458 1310 2495 ut
1346 2456 1481 2505 aequis
1518 2451 1663 2506 <saepe
1699 2454 1822 2503 uides,

291 2518 406 2555 tanto
437 2516 518 2554 ruit
548 2515 612 2554 hic
643 2527 732 2554 ecus
763 2516 910 2566 impete
941 2512 1085 2567 uelox>
1116 2527 1217 2565 quae
1247 2514 1336 2554 ideo
1368 2514 1504 2553 addidi
1534 2527 1583 2553 ne
1621 2513 1824 2565 cogitandi

291 2575 468 2614 laborem
499 2588 561 2613 me
593 2574 776 2626 effugisse
808 2574 897 2625 quis
927 2576 1051 2625 putet.
1099 2576 1268 2614 (liuortio
1300 2574 1448 2613 scribas
1479 2573 1521 2612 in
1554 2587 1643 2624 app.
1677 2574 1763 2612 crit.

414 2629 526 2673 317.
565 2634 791 2673 Priscianus
817 2633 883 2673 GL
908 2635 951 2673 H
975 2648 1012 2685 p.
1041 2634 1144 2684 546,
1172 2633 1248 2673 9Κ
1298 2631 1438 2673 ‘Sallio
1488 2632 1665 2672 sallitum
1713 2633 1824 2682 facit,

293 2695 394 2733 sallo
426 2695 584 2733 salsum.
613 2725 619 2731 .
643 2725 649 2731 .
672 2725 679 2731 .
706 2694 891 2733 similiter
920 2694 1096 2732 Lucilius
1133 2694 1174 2732 in
1206 2693 1306 2732 VIII
1338 2690 1512 2732 “sallere
1539 2723 1546 2731 .
1568 2723 1575 2730 .
1598 2723 1605 2730 .
1630 2691 1823 2745 frigdaria

295 2748 492 2806 (nonnulli
528 2753 624 2792 codd
660 2748 893 2806 fre'yidaria)
931 2750 1093 2791 ferre’'.’
1162 2752 1310 2804 Agitur
1349 2752 1397 2791 de
1438 2753 1657 2790 mercatore
1700 2751 1823 2790 salsa-

236 2817 243 2821 ’
293 2814 489 2851 mentario
515 2813 585 2862 qui
608 2824 790 2851 murenas
817 2813 867 2851 ad
890 2813 1036 2851 fretum
1061 2813 1198 2863 captas
1219 2807 1409 2865 (Macrob.
1430 2811 1588 2850 Saturn.
1607 2811 1669 2849 III
1690 2811 1757 2860 15,
1779 2807 1821 2860 7)

294 2873 438 2911 coemit
469 2873 509 2910 et
541 2873 611 2910 aut
641 2872 818 2910 sallendo
851 2873 920 2911 aut
950 2871 1099 2923 frigore
1135 2872 1177 2910 in
1214 2871 1416 2923 frigdariis
1453 2871 1677 2910 conseruat:
1714 2882 1823 2909 merx

296 2931 535 2970 uocabulum
567 2930 617 2969 ad
647 2932 775 2981 pisces
806 2932 904 2970 item
928 2931 1102 2981 pertinet
1127 2932 1167 2969 et
1191 2930 1484 2970 salsamentarii
1508 2930 1730 2981 exemplum
1754 2928 1817 2968 ad-
