2060 3444
847 280 898 316 XI
923 292 958 316 u.
986 283 1189 330 «111-418.
1710 278 1790 322 157

242 408 329 437 esse
353 392 536 436 dubium:
561 394 776 434 bouinator
801 394 899 445 quid
925 395 979 434 sit
1004 394 1214 434 nescimus.
1271 392 1486 445 compares
1511 393 1607 433 licet
1631 392 1794 447 βουγάιε

241 455 409 496 'Homeri
451 454 692 495 uocabulum
735 456 776 494 et
819 453 1028 507 βαι-φάγος
1071 454 1233 494 similia.
1308 454 1368 493 De
1412 466 1550 494 uersus
1594 455 1795 505 scriptura

243 516 342 556 haec
372 515 416 555 F.
443 515 598 555 Dousa:
632 511 900 554 ‘Emendabat
923 514 1060 553 Pater:
1091 515 1153 553 hic
1184 516 1348 553 tricosus
1379 515 1578 554 sententia
1610 515 1650 553 et
1675 526 1793 554 uersu

244 577 425 628 exigente
467 607 475 615 .
504 606 512 615 .
541 606 548 614 .
589 587 730 615 uerum
782 574 857 615 Ios.
896 573 1076 627 Scaliger
1132 574 1428 614 rescribendum
1488 575 1623 613 censet
1675 574 1794 612 mccc

243 638 433 686 stmssyosus
470 636 734 686 autumatque
772 636 986 687 strigosum
1028 635 1179 674 dictum
1212 647 1236 674 a
1266 634 1423 673 Lucilio
1455 646 1535 674 non
1567 632 1717 686 ἰσχνὸν,
1749 636 1794 672 ut

243 696 365 749 uulgo
419 697 654 747 accipimus,
704 695 772 735 sed
821 694 1114 734 morabundum
1166 697 1206 734 et
1254 691 1634 747 tergiuersatorem'.
1715 694 1794 732 Hic

246 755 368 796 Gellii
408 769 492 797 esse
529 756 635 795 uidit
670 755 858 795 Hertzius
897 756 1009 794 cuius
1047 755 1143 795 conf
1179 755 1492 794 adnotationem.
1553 754 1598 794 Si
1630 755 1794 794 tricosus

244 817 525 857 Lachmannus
563 830 653 856 cum
683 816 834 866 Nonio,
870 817 978 855 recte
1015 816 1168 866 opinor.
1231 814 1364 854 Verba
1401 817 1535 854 utrum
1569 814 1621 854 ad
1653 813 1794 854 Granii

244 878 539 917 contumaciam
569 877 797 928 pertineant
828 889 879 915 an
912 876 963 915 ad
989 874 1130 915 Cottae
1154 875 1447 926 impudentiam
1473 888 1553 925 qua
1578 874 1792 914 creditores

244 950 323 977 non
350 937 517 977 curabat
535 949 615 976 non
639 937 787 987 liquet:
818 937 893 975 hoc
917 938 1053 975 tamen
1078 936 1328 987 probabilius
1354 938 1415 975 est
1439 936 1604 987 propter
1630 937 1794 974 tricosus

243 997 494 1045 uocabulum.
550 996 772 1048 Respondit
801 997 871 1036 ille
903 1010 1022 1047 quem
1054 996 1281 1047 appellarat
1307 995 1442 1035 Cotta:
1474 997 1520 1035 tu
1552 996 1587 1035 si
1610 996 1794 1045 tricosus,

243 1057 537 1108 bouinatorque
577 1070 644 1096 ore
687 1057 892 1108 improbus
936 1057 1053 1106 duro,
1098 1056 1149 1095 ad
1193 1057 1293 1096 alios
1336 1056 1394 1095 ire
1437 1056 1602 1095 meliust
1642 1049 1792 1109 (Plaut.

244 1117 404 1157 Trucul.
432 1112 549 1172 150).
612 1113 678 1170 [In
710 1130 801 1168 app.
827 1118 914 1156 crit.
942 1116 1056 1156 scrib.
1082 1116 1184 1156 Non.
1210 1130 1249 1168 p.
1273 1117 1340 1166 79,
1362 1112 1450 1169 26.]

365 1172 477 1218 418.
508 1177 664 1217 Nonius
695 1191 733 1228 p.
761 1178 859 1228 305,
887 1178 941 1216 29
977 1174 1118 1216 ‘Fama
1149 1179 1210 1216 est
1240 1189 1376 1216 rursus
1407 1177 1607 1215 infamia.
1631 1207 1638 1214 .
1661 1207 1668 1214 .
1689 1176 1793 1215 unde

244 1240 286 1277 et
322 1239 520 1278 famosum
557 1238 708 1277 dictum
746 1239 807 1277 est
849 1238 1011 1277 infame.
1046 1268 1054 1276 .
1083 1268 1090 1276 .
1119 1269 1126 1276 .
1151 1237 1332 1277 Lucilius
1376 1238 1605 1288 satyrarum
1641 1236 1710 1276 lib.
1736 1235 1794 1275 XI

246 1294 442 1350 “quintus
474 1299 627 1347 opimus
653 1330 661 1337 .
683 1329 691 1337 .
714 1330 720 1337 .
747 1298 802 1337 da
832 1299 978 1338 rectius
1016 1293 1162 1337 sese''.’
1225 1296 1408 1348 Opimius
1441 1298 1656 1343 Bentinus,
1697 1296 1793 1336 dare

248 1358 466 1405 Turnebus,
491 1358 562 1398 dat
587 1359 658 1398 cod
676 1358 716 1397 B
741 1358 930 1398 librarius
955 1370 1083 1408 neque
1108 1360 1245 1398 tamen
1271 1370 1317 1396 ex
1337 1358 1555 1408 archetypo
1574 1358 1621 1396 ut
1640 1357 1792 1408 opinor.

243 1419 357 1458 Dare
386 1431 468 1458 sesc
498 1420 640 1458 rectius
663 1431 736 1470 pro
780 1431 914 1468 yerere
950 1430 990 1458 se
1026 1419 1175 1458 rectius
1213 1420 1259 1457 ut
1290 1417 1449 1458 Caelius
1481 1430 1544 1468 ap.
1571 1417 1651 1457 010.
1679 1418 1792 1468 epist.

244 1478 345 1517 VIII
373 1479 440 1528 15,
468 1480 492 1518 2
521 1475 662 1529 ‘usque
687 1476 874 1530 quaque',
905 1479 1053 1529 inquis,
1083 1475 1139 1518 ‘se
1165 1478 1338 1518 Domitii
1362 1478 1467 1517 male
1492 1474 1605 1517 dant'
1635 1477 1791 1516 Terent.

245 1539 347 1578 Eun.
376 1539 461 1578 230
495 1535 658 1578 ‘mirum
689 1541 733 1578 ni
763 1551 837 1590 ego
868 1552 932 1578 me
967 1539 1142 1589 turpiter
1178 1538 1296 1577 hodie
1333 1539 1400 1577 1110
1436 1537 1539 1577 dabo
1577 1550 1668 1577 cum
1704 1550 1792 1576 meo

244 1598 447 1649 decrepito
483 1599 559 1638 hoc
596 1596 790 1638 eunucho'
830 1599 981 1651 Vergil.
1008 1610 1142 1650 georg.
1167 1598 1187 1636 I
1214 1599 1298 1637 287
1340 1595 1485 1637 ‘multa
1522 1598 1620 1637 adeo
1659 1597 1793 1650 gelida

245 1659 389 1698 melius
421 1671 462 1698 se
493 1660 609 1698 nocte
641 1655 811 1698 dedere’.
875 1657 918 1704 Q.
940 1657 1124 1709 Opimius
1155 1670 1233 1698 cos.
1262 1654 1468 1711 600s154:
1505 1658 1578 1697 illo
1612 1660 1793 1708 tempore

248 1731 326 1769 quo
351 1718 530 1758 Lucilius
555 1719 624 1757 lib.
645 1719 703 1757 XI
731 1720 894 1770 scripsit
917 1720 1000 1758 iam
1025 1718 1191 1758 obierat.
1215 1740 1266 1745 ——
1289 1718 1492 1770 Iugurtim'
1516 1719 1633 1769 pater
1656 1715 1792 1768 huius]

245 1778 290 1817 L.
311 1777 479 1829 Opimii,
524 1791 601 1818 cos.
629 1774 813 1832 6331121
861 1779 909 1818 de
949 1792 1028 1829 quo
1067 1778 1230 1818 Sallust.
1262 1778 1443 1831 Iugurth.
1473 1779 1525 1817 16
1574 1775 1792 1818 ‘decretum

246 1834 371 1893 (anno
398 1833 606 1893 6381116)
637 1838 685 1878 fit
714 1840 777 1878 uti
808 1839 943 1878 decem
974 1839 1100 1891 legati
1129 1852 1297 1891 regnum
1325 1871 1332 1877 .
1355 1870 1362 1878 .
1385 1870 1392 1877 .
1418 1839 1524 1878 inter
1554 1838 1793 1891 Iugurtham

246 1901 288 1938 et
316 1898 585 1939 Adherbalem
616 1899 853 1939 diuiderent.
915 1900 1027 1939 cuius
1055 1899 1272 1951 legationis
1303 1900 1490 1949 princeps
1525 1899 1604 1937 fuit
1627 1898 1672 1937 L
1694 1898 1792 1949 Opi—

245 1960 369 2009 mius,
405 1959 524 1999 homo
556 1959 687 1999 clarus
726 1960 767 1999 et
802 1960 890 1998 tum
925 1961 969 1998 111
1007 1960 1148 1999 senatu
1185 1961 1328 2010 potens
1356 1991 1363 1999 .
1393 1990 1399 1997 .
1428 1991 1435 1998 .
1463 1972 1553 1998 eum
1583 1958 1792 2010 Iugurtha,

245 2020 409 2059 tametsi
438 2019 589 2059 Romae
619 2020 663 2059 in
693 2021 869 2060 inimicis
900 2020 1107 2069 habuerat,
1139 2021 1275 2059 tamen
1302 2020 1605 2059 adcuratissime
1629 2020 1792 2087 recepit,

246 2079 377 2119 dando
403 2081 444 2119 et
467 2079 693 2131 pollicendo
718 2081 848 2119 multa
872 2080 1052 2130 perfecit,
1082 2081 1144 2118 uti
1170 2080 1291 2130 fama,
1321 2079 1410 2130 fide,
1438 2081 1640 2130 postremo
1666 2080 1791 2118 omni-

246 2139 319 2179 bus
366 2141 448 2180 suis
497 2139 614 2180 rebus
664 2140 915 2180 commodum
963 2141 1068 2192 regis
1119 2137 1365 2179 anteferret'.
1439 2139 1556 2179 Anno
1603 2134 1792 2192 6441110

248 2197 306 2239 Ὃ.
326 2199 530 2239 Mamilius
566 2200 799 2240 Limetanus
837 2199 1021 2239 tribunus
1058 2200 1187 2250 plebis
1224 2200 1474 2251 rogationem
1510 2200 1560 2239 ad
1598 2199 1791 2250 populum

246 2260 488 2312 promulgat,
514 2261 576 2299 uti
601 2262 858 2310 quaereretur
883 2262 925 2299 in
951 2273 1030 2310 eos,
1055 2273 1226 2311 quorum
1251 2261 1417 2300 consilio
1440 2260 1636 2312 Iugurtha
1663 2253 1792 2298 senati

248 2320 407 2359 decreta
443 2319 700 2372 neglegisset,
744 2322 892 2372 quique
930 2320 980 2360 ab
1019 2333 1064 2359 eo
1102 2321 1145 2359 in
1184 2320 1454 2372 legationibus
1498 2322 1569 2359 aut
1612 2321 1791 2370 imperiis

247 2380 436 2431 pecunias
469 2377 726 2431 accepissent'
761 2377 943 2434 (Sallust.
969 2380 1150 2433 Iugurth.
1178 2376 1267 2434 40).
1318 2379 1404 2426 Qua
1429 2381 1516 2432 lege
1542 2380 1586 2418 L.
1608 2379 1790 2430 Opimius

249 2440 461 2479 damnatus
493 2434 593 2506 (Cic.
619 2440 733 2480 Brut.
762 2442 845 2480 128
872 2454 945 2492 pro
971 2440 1106 2479 Plane.
1135 2441 1201 2479 69.
1231 2434 1306 2494 70)
1344 2441 1387 2478 111
1426 2441 1544 2479 exilio
1576 2439 1792 2490 Dyrrachii

248 2500 429 2539 mortuus
466 2502 527 2539 est
564 2494 656 2555 (pro
694 2500 793 2540 Sest.
823 2495 939 2555 140).
1001 2500 1253 2540 Vocabulum
1290 2500 1493 2550 Iuyurtae'm'
1534 2499 1688 2539 indicat
1729 2500 1791 2538 in-

249 2559 360 2598 uidia
390 2559 461 2599 illo
492 2562 670 2611 tempore
700 2561 871 2613 flagrare
902 2559 1126 2611 Opimium.
1161 2573 1283 2612 quare
1314 2561 1420 2599 inter
1452 2573 1575 2599 annos
1603 2554 1788 2612 6381116

249 2621 291 2658 et
311 2615 499 2673 6441110
524 2622 792 2672 conscriptum
817 2633 901 2661 esse
925 2621 1073 2660 librum
1092 2621 1149 2659 XI
1174 2620 1431 2661 statuendum
1457 2621 1545 2660 erit.
1588 2619 1648 2658 De
1673 2620 1791 2658 huius

249 2679 342 2719 uide
373 2692 474 2730 quae
505 2680 677 2720 diximus
709 2681 761 2720 ad
785 2695 822 2720 u.
850 2682 948 2720 413.
966 2702 1028 2708 -
1045 2683 1269 2730 formonsus
1296 2681 1467 2720 formam
1493 2681 1568 2719 hoc
1592 2679 1677 2719 solo
1702 2679 1790 2718 loco

249 2740 400 2778 uitauit
436 2742 556 2790 poeta
591 2742 755 2791 propter
789 2741 1147 2780 homoeoteleuton.
1176 2762 1232 2767 —
1258 2736 1483 2792 utrumque]
1522 2741 1620 2779 satis
1660 2740 1790 2778 iocose

250 2799 403 2838 dictum
433 2812 506 2850 pro
537 2801 580 2839 id
611 2801 706 2850 quia
736 2813 817 2839 una
842 2802 883 2839 et
906 2800 1115 2840 lasciuiam
1139 2801 1361 2839 iuuentutis
1387 2802 1428 2839 et
1452 2798 1790 2850 pulchritudinem

251 2860 439 2898 amissam
470 2872 553 2899 esse
585 2859 635 2899 ab
667 2858 827 2911 Opimio
858 2859 1059 2912 significat
1088 2861 1218 2910 poeta.
1275 2855 1520 2911 adulescens]
1552 2860 1698 2897 mirum
1730 2860 1791 2898 est

250 2919 325 2958 hoc
349 2919 542 2959 uocabulo
561 2932 690 2970 neque
709 2919 911 2959 Catullum
929 2920 1005 2959 nisi
1028 2920 1095 2969 63,
1117 2920 1171 2958 63
1192 2933 1320 2970 neque
1338 2919 1552 2958 Horatium
1572 2931 1655 2959 esse
1674 2932 1789 2958 usum

250 2991 379 3029 neque
410 2978 516 3030 apud
541 2978 772 3019 Lucretium
804 2982 845 3019 et
875 2980 1050 3018 Ennium
1076 2979 1238 3018 uidetur
1268 2981 1402 3018 extare
1427 2991 1554 3029 neque
1580 2979 1685 3030 apud
1712 2979 1790 3018 ele-

250 3040 407 3091 giarum
427 3041 564 3090 poetas
584 3052 711 3090 neque
730 3040 838 3091 apud
852 3039 1073 3091 Vergilium
1093 3039 1319 3079 Martialem
1334 3039 1594 3090 Calpurnium
1611 3038 1790 3079 Persium
