2060 3444
295 275 381 319 368
786 273 917 309 incert.
945 271 1020 307 sed.
1047 284 1083 308 u.
1112 274 1359 308 lieo—1165.

295 389 490 439 praetoris
546 387 732 436 alicuius,
787 385 914 424 ueluti
970 384 1183 435 Scipionis:
1240 384 1331 424 uide
1386 384 1438 423 ad
1492 385 1559 423 lib.
1585 384 1643 422 XI
1679 397 1718 422 u.
1747 385 1832 424 398

298 448 391 487 XIV
418 461 456 486 u.
477 448 580 486 467:
607 446 702 485 conf
724 445 802 484 Cic.
830 445 877 484 de
902 446 1004 497 legg.
1018 444 1081 483 III
1096 446 1134 494 3,
1149 445 1174 483 8
1202 441 1243 484 ‘a
1267 444 1492 494 praeeundo
1515 474 1521 482 .
1545 475 1552 482 .
1574 475 1582 482 .
1602 440 1834 494 praetores’.
1882 483 1884 486 ,

295 508 355 546 De
398 509 552 557 praeire
595 506 791 544 uocabulo
836 506 877 543 in
920 517 1039 544 uersu
1082 506 1212 555 posito
1257 504 1348 542 uide
1390 504 1626 542 Muellerum
1676 503 1712 542 d.
1733 517 1763 542 r.
1782 517 1833 542 m.

300 568 392 606 edit.
418 567 458 605 11
489 581 526 617 p.
550 567 647 605 289.
709 565 830 604 Libro
860 565 918 603 IX
949 564 1092 603 tribuit
1121 564 1348 613 Muellerus,
1380 567 1538 602 temere.

420 621 562 667 1161.
594 626 742 664 Paulus
776 638 822 663 ex
853 625 970 664 Festo
1002 638 1039 675 p.
1063 625 1145 663 337
1182 621 1394 674 ‘Sicyonia,
1427 636 1549 674 genus
1575 622 1835 662 calciamenti.

298 687 474 726 Lucilius
519 683 592 725 “et
618 717 624 724 .
648 717 655 724 .
676 716 684 723 .
710 681 936 724 honesta''.’
1004 685 1162 722 honesta
1206 683 1392 734 Sicyonia
1435 683 1514 722 dici
1557 695 1636 721 non
1678 683 1838 721 laeuam

298 760 460 786 manum
500 746 677 784 mulieris
715 745 859 795 probat
895 744 1030 783 Dousa
1067 744 1244 782 Lucretii
1278 755 1395 782 uersu
1425 742 1484 781 IV
1512 743 1624 781 1125
1659 738 1838 791 ‘pulchra

298 808 340 845 in
385 805 549 856 pedibus
588 805 774 855 Sicyonia
816 801 960 843 rident'
1007 804 1075 842 ubi
1112 803 1319 842 Lucretius
1362 802 1557 841 urbanum
1600 802 1838 840 uocabulum

300 867 434 917 posuit
464 878 536 916 pro
567 865 728 916 uulgari
757 865 839 903 illo.
897 863 1084 914 Sicyonia
1109 864 1269 914 proprie
1295 875 1377 902 esse
1402 862 1612 901 mulierum
1638 862 1838 901 testantur

300 926 468 976 Hesych.
496 938 524 964 s.
550 939 587 963 u.
613 924 787 964 Herond.
807 924 886 962 VII
908 924 959 962 57
991 923 1068 962 Cic.
1094 923 1142 962 de
1169 936 1222 962 or.
1250 922 1269 960 I
1296 923 1378 962 231
1401 922 1547 961 Athen.
1566 921 1624 960 IV
1642 935 1680 972 p.
1703 921 1786 960 155
1808 919 1837 960 O

272 978 403 1024 'Giris
439 986 533 1024 169.
594 985 738 1022 Mulier
789 984 830 1022 in
875 983 1041 1035 grabato
1086 983 1268 1023 adsidens
1311 982 1449 1021 dextra
1491 982 1595 1020 lecto
1639 981 1838 1031 innititur,

299 1046 416 1084 laeua
448 1045 599 1084 calceos
630 1044 754 1082 demit
783 1043 960 1094 pedibus.

423 1099 564 1143 1162.
610 1103 820 1143 Diomedes
864 1102 937 1142 GL
969 1102 989 1141 I
1031 1116 1069 1153 p.
1098 1103 1200 1153 365,
1235 1103 1258 1141 9
1281 1102 1317 1140 K
1363 1098 1566 1140 ‘Pmefoco
1609 1099 1841 1151 praefocaui

301 1164 454 1204 Probus
487 1165 600 1213 quasi
638 1176 782 1202 nouam
822 1175 959 1201 uocem
995 1163 1174 1201 miratur.
1302 1161 1478 1200 Lucilius
1510 1162 1645 1200 tamen
1678 1161 1736 1199 ait
1768 1157 1842 1199 “et

302 1224 492 1264 suffocare
518 1224 667 1274 laguna
687 1217 765 1276 (ita
784 1223 987 1261 Parisinus
1006 1222 1053 1271 B,
1078 1222 1242 1260 lacunas
1261 1221 1464 1260 Parisinus
1484 1220 1532 1270 A,
1552 1214 1838 1274 M(onacensis)

300 1298 351 1322 m.
375 1287 412 1333 1,
443 1283 548 1322 idem
579 1283 747 1331 lagunas
778 1296 828 1320 m.
858 1277 902 1335 2)
936 1278 1160 1320 conatur''.'
1218 1282 1363 1321 lamma
1391 1280 1550 1330 scripsi:
1582 1280 1630 1318 de
1662 1279 1840 1318 ablatiuo

301 1344 379 1382 loci
429 1343 606 1393 uulgaris
655 1343 846 1382 sermonis
894 1343 1056 1391 proprio
1107 1342 1259 1392 egimus
1303 1340 1355 1379 ad
1392 1340 1459 1379 lib.
1485 1340 1527 1378 Π
1563 1353 1600 1378 11.
1628 1340 1704 1378 85:
1747 1338 1840 1377 uide

301 1403 381 1441 ind.
415 1415 579 1454 gramm.
612 1414 640 1440 s.
668 1416 704 1440 u.
755 1402 964 1440 ablatiuus.
1050 1400 1297 1439 Sententiam
1349 1399 1556 1450 intelleges
1609 1400 1841 1449 comparato

301 1462 455 1500 Platon.
484 1460 601 1512 Gorg.
627 1474 664 1511 p.
685 1463 767 1499 471
793 1459 821 1499 C
854 1457 931 1499 ἀλλ’
968 1460 1023 1507 εἰς
1049 1458 1173 1512 φρέαρ
1199 1457 1380 1512 ἐμβαλὼν
1404 1458 1471 1499 καὶ
1495 1457 1716 1507 ἀποπνίξας
1741 1457 1840 1511 πρὸς

301 1519 374 1572 τὴν
423 1518 568 1572 μητέρα
601 1551 609 1559 .
638 1551 645 1558 .
673 1551 680 1558 .
712 1525 813 1572 χῆνα
868 1518 947 1571 ἔφη
1003 1519 1196 1558 διώκοντα
1251 1517 1430 1570 ἐμπεσεῖν
1485 1517 1551 1557 καὶ
1606 1516 1840 1557 ἀποθανεῖν.

301 1580 462 1619 Lacuna
511 1581 594 1619 siue
644 1579 790 1618 lucuna
839 1582 900 1619 est
947 1582 1108 1630 puteus:
1159 1578 1254 1618 conf
1298 1578 1538 1617 Ribbeckius
1588 1578 1639 1616 ad
1687 1577 1839 1629 Vergil.

302 1653 432 1692 georg.
453 1639 515 1678 [Π
537 1640 634 1678 365.
689 1640 881 1689 suffocare
906 1639 1070 1678 lacunas
1095 1638 1310 1677 Muellerus
1335 1638 1496 1688 scripsit
1521 1638 1592 1688 qui
1616 1637 1664 1676 de
1682 1637 1841 1676 homine

301 1701 466 1751 lagonas
505 1699 650 1738 cortice
687 1699 899 1752 intellegat
936 1699 1164 1738 obturante:
1209 1697 1457 1751 λοπαδάγχης
1495 1698 1664 1749 parasiti
1699 1709 1841 1736 nomen

304 1759 558 1799 Oasaubonus
583 1760 762 1798 restituit
787 1759 931 1798 Athen.
958 1759 1020 1797 III
1044 1773 1082 1809 p.
1106 1759 1188 1797 113
1203 1758 1235 1796 F
1261 1758 1367 1808 quod
1386 1758 1488 1796 nihil
1507 1757 1556 1796 ad
1575 1758 1680 1796 hunc
1698 1757 1840 1796 locum.

426 1813 568 1858 1164.
601 1818 824 1870 Porphyrio
857 1818 908 1857 ad
932 1818 1091 1858 Horatii
1117 1831 1231 1857 serm.
1252 1818 1293 1856 H
1319 1819 1358 1867 4,
1386 1818 1437 1856 81
1475 1814 1657 1868 ‘Mappas
1684 1817 1843 1867 antiqui

302 1879 486 1918 dicebant
506 1891 607 1928 quae
627 1891 730 1917 nunc
750 1879 953 1917 mantelia.
1000 1879 1170 1917 luciliais
1192 1875 1264 1916 “et
1283 1878 1381 1916 uelli
1399 1873 1597 1928 mappas'’
1615 1873 1626 1891 '
1648 1871 1841 1930 (snappas

302 1939 554 1977 Monacensis
585 1950 635 1976 m.
658 1933 714 1990 1).
778 1936 992 1977 Coniunxit
1027 1938 1102 1977 hoc
1139 1938 1406 1988 fragmentum
1444 1951 1585 1987 parum
1615 1938 1720 1976 recte
1752 1948 1842 1975 cum

302 1999 440 2036 incert.
465 2011 503 2035 u.
527 1998 638 2036 1206
672 1997 819 2046 Dousa,
851 1997 1032 2035 Lucilius
1060 1998 1118 2035 ait
1142 1996 1334 2035 editiones
1360 1998 1524 2035 ueteres.
1589 1996 1757 2035 Seruata
1782 1998 1843 2035 est

304 2058 440 2106 aperte
501 2055 783 2104 semiquinaria
837 2056 1013 2107 integra,
1074 2056 1168 2094 uelli
1222 2058 1282 2095 est
1341 2056 1560 2106 perfectum
1615 2050 1745 2106 (Seru.
1791 2055 1843 2094 ad

292 2116 401 2156 ,Aen.
426 2115 484 2153 IV
510 2109 635 2167 427),
675 2126 842 2163 mappas
878 2115 1034 2165 plurale
1070 2116 1230 2154 tantum
1267 2127 1350 2154 esse
1389 2116 1565 2154 testatur
1596 2114 1758 2153 Seruius
1791 2114 1842 2153 ad

303 2175 401 2213 Aen.
420 2174 462 2212 II
488 2175 571 2212 272
613 2171 731 2224 ‘bigis
772 2174 987 2213 secundum
1023 2176 1149 2213 artem
1186 2175 1303 2213 modo
1335 2175 1452 2224 dixit,
1485 2187 1587 2224 quae
1618 2174 1753 2226 exigit,
1784 2175 1841 2224 ut,

306 2246 406 2283 quae
444 2233 493 2272 de
530 2233 709 2283 pluribus
746 2235 947 2283 constant,
985 2234 1134 2285 plurali
1165 2236 1323 2273 tantum
1354 2245 1518 2273 numero
1562 2233 1751 2283 dicamus,
1794 2235 1842 2273 ut

303 2293 429 2344 bigas,
450 2293 676 2344 quadrigas,
695 2305 872 2344 mappas.
915 2294 984 2333 sed
1002 2295 1100 2333 haec
1118 2294 1352 2345 plerumque
1372 2294 1592 2345 corrumpit
1611 2294 1840 2344 auctoritas,

304 2355 350 2391 ut
398 2352 590 2391 Horatius
640 2348 774 2407 (epist.
807 2354 828 2392 I
862 2356 904 2403 5,
942 2350 1017 2407 22)
1069 2351 1149 2392 “ne
1200 2354 1360 2394 sordida
1407 2350 1617 2405 mappa''.'
1691 2354 1841 2392 Narrat

304 2412 482 2451 Lucilius
514 2424 598 2451 sese
629 2426 724 2462 prae
755 2413 859 2452 fame
892 2414 1076 2453 dentibus
1101 2414 1260 2453 uellisse
1286 2426 1469 2464 mappas:
1501 2414 1549 2452 de
1582 2426 1678 2453 cena
1703 2414 1840 2463 aliqua

303 2472 400 2510 item
442 2473 561 2522 poeta
603 2475 838 2512 narrauerat
881 2473 1017 2512 incert.
1049 2487 1086 2512 u.
1117 2475 1228 2512 1183
1276 2471 1455 2526 ‘gustaui
1498 2473 1674 2512 crustula
1716 2469 1838 2512 solus’

304 2532 421 2570 sicuti
452 2532 683 2572 Fundanius
715 2532 821 2583 apud
846 2533 1059 2572 Horatium
1090 2535 1227 2573 satura
1255 2534 1400 2572 ultima
1425 2534 1473 2572 de
1499 2546 1596 2573 cena
1621 2532 1838 2572 Nasidieni.

304 2591 423 2630 Libro
453 2591 491 2629 V
520 2591 664 2641 tribuit
694 2592 916 2632 Muellerus.

426 2645 568 2691 1165.
600 2651 774 2692 Isidorus
813 2654 910 2704 orig.
936 2653 1030 2691 XIX
1058 2654 1095 2703 7,
1123 2655 1146 2692 2
1188 2650 1403 2692 ‘Mareulus
1446 2653 1612 2692 malleus
1656 2652 1838 2702 pusillus.

303 2710 480 2750 Lucilius
520 2708 592 2750 “et
628 2712 741 2750 uelut
777 2713 819 2750 in
855 2713 1048 2762 fabricam
1086 2707 1258 2767 (fabrica
1295 2713 1337 2752 F.
1357 2707 1513 2767 Dousa)
1555 2713 1712 2751 feruens
1749 2723 1839 2751 cum

304 2771 503 2809 marculus
529 2770 677 2809 ferrum
701 2772 913 2811 multorum
940 2773 1096 2824 magnis
1123 2767 1296 2826 (magnis
1321 2768 1632 2824 <tuditamtimn>
1651 2771 1839 2823 Scaliger,

221 2839 226 2843 ’
303 2827 656 2883 <incumbentmn>
710 2830 941 2882 Muellerus,
1000 2829 1292 2884 (instantibus)
1347 2826 1637 2885 Baehrensius)
1693 2830 1838 2870 icu'bus

302 2887 496 2928 tundit''.’
547 2890 852 2930 Deminutiuum
886 2904 969 2931 esse
999 2893 1200 2931 marculus
1226 2887 1339 2946 (conf
1361 2892 1674 2931 Niedermannus
1699 2890 1836 2942 Indog.

302 2949 460 2988 Forsch.
485 2950 560 2988 XV
587 2951 700 2989 1903
738 2964 775 3001 p.
805 2953 888 2991 109
903 2950 1028 3002 seqq.)
1083 2952 1236 2992 Isidoro
1279 2951 1500 2991 credemus:
1546 2950 1654 3002 quod
1702 2951 1836 2989 tamen

303 3022 382 3047 non
419 3009 617 3060 significat
652 3011 843 3050 malleum
879 3012 1087 3062 pusillum,
1127 3011 1197 3052 sed
1221 3011 1409 3051 malleum
1438 3022 1759 3061 unumquemque
1790 3022 1837 3049 ex
