2060 3444
831 257 882 292 IX
907 269 942 293 u.
971 260 1171 292 320—321.
1707 253 1791 296 123

245 374 378 413 tamen
411 372 582 413 editores
615 375 795 421 amptruo
828 372 998 411 formam
1031 372 1253 410 semarunt.
1305 370 1465 409 Etenim
1496 369 1631 420 inepte
1660 381 1790 420 gram-

245 434 415 473 maticus
447 433 594 483 aliquis
621 432 815 471 Graecum
847 431 1087 471 uocabulum
1121 430 1261 470 attulit
1292 429 1342 469 ad
1369 430 1533 469 uerbum
1558 429 1658 468 illud
1685 428 1791 480 quod

245 495 392 538 temere
424 492 598 532 mutauit
630 491 918 543 explicandum.
971 487 1092 531 Cuius
1124 493 1258 530 tamen
1284 490 1502 530 auctoritas
1528 490 1660 529 ualuit
1685 488 1792 540 apud

245 553 367 593 Nonii
400 555 612 602 auctorem,
644 554 714 603 qui
741 553 837 592 item
865 552 889 591 d
915 551 1093 591 litteram
1118 550 1366 602 praetulerit.
1417 550 1556 600 Neque
1583 550 1631 588 de
1658 549 1791 590 ortho-

246 614 416 666 graphia
441 614 483 652 et
507 613 730 664 ueriloquio
755 625 883 664 neque
909 612 956 651 de
983 611 1274 663 significatione
1302 610 1488 650 uocabuli
1514 610 1611 649 certi
1638 610 1793 660 aliquid

246 675 288 714 et
317 673 412 714 boni
443 674 620 725 proferre
651 674 840 724 poterant
871 671 1135 725 grammatici.
1206 671 1355 720 Vulyus
1391 671 1591 721 reliquum
1630 671 1793 710 chorum

247 733 448 787 significat
473 734 673 773 Saliorum
707 733 775 784 qui
807 732 982 784 praesuli
1008 733 1048 771 et
1072 731 1246 771 motibus
1272 732 1313 770 et
1337 731 1502 770 uocibus
1527 730 1795 781 respondebat

247 794 365 834 sicuti
377 794 516 845 populi
531 807 676 833 corona
688 793 882 844 praeficae
899 793 942 831 in
962 792 1100 831 funere
1120 793 1282 831 auctore
1297 791 1436 831 Seruio
1457 790 1508 830 ad
1521 790 1620 830 Aen.
1634 790 1692 829 VI
1707 792 1791 830 216

249 852 314 894 ‘ne
346 868 392 894 eo
424 854 648 894 offendatur
673 854 813 905 populi
838 851 1133 893 circumstantis
1162 864 1320 901 corona,
1353 864 1454 902 quae
1479 850 1635 890 tamdiu
1661 850 1795 890 stabat

247 915 489 965 respondens
520 914 679 954 fletibus
710 913 917 965 praeficae,
948 913 990 951 id
1022 914 1093 952 est⁴
1112 912 1286 963 principi
1316 912 1563 962 planctuum,
1603 911 1793 962 quamdiu

248 977 482 1025 consumpto
521 975 714 1014 cadauere
751 975 792 1014 et
831 973 1008 1013 collectis
1051 972 1249 1012 cineribus
1293 972 1491 1012 diceretur
1533 972 1795 1011 nouissimum

247 1036 414 1075 uerbum
447 1032 649 1074 “ilicet'’.'
700 1034 903 1074 inde-inde
935 1036 981 1073 ut
1011 1033 1157 1073 Herod.
1182 1033 1224 1071 II
1253 1033 1336 1071 176
1370 1030 1391 1072 ὅ
1423 1029 1495 1084 μὲν
1526 1030 1666 1083 ἔνθεν,
1699 1028 1720 1071 ὁ
1753 1029 1795 1071 δὲ

247 1094 370 1136 ἔνθεν
399 1101 470 1135 τοῦ
502 1095 683 1148 μεγάλου.

370 1150 482 1196 321.
513 1155 668 1195 Nonius
699 1169 736 1206 p.
766 1156 834 1204 67,
863 1156 916 1194 13
951 1167 996 1193 ex
1029 1152 1293 1206 grammatico
1322 1150 1542 1192 ‘Pareetato
1573 1153 1616 1191 hi
1649 1152 1718 1203 qui
1747 1152 1794 1191 de

247 1217 422 1267 pueritia
458 1217 627 1255 ueniunt
657 1215 706 1254 ad
739 1215 1010 1266 pubertatem,
1048 1227 1072 1253 a
1104 1213 1255 1254 Graeco
1294 1213 1537 1252 uocabulum
1575 1214 1791 1263 sumptum.

248 1276 425 1316 Lucilius
456 1275 524 1315 lib.
550 1275 671 1314 VHII
711 1272 846 1314 “unde
885 1269 996 1329 (inde
1037 1268 1388 1327 Guelferbytcmus)
1426 1276 1629 1322 parectato
1670 1273 1794 1313 acala-

248 1337 370 1376 mides
403 1331 587 1390 (ecalami
606 1348 626 1372 *
648 1349 670 1373 *
691 1329 958 1390 *‚Leidensis)
990 1347 1037 1375 ac
1062 1334 1231 1374 barbula
1255 1331 1430 1385 prima''.
1475 1334 1581 1373 idem
1605 1333 1796 1373 uicesimo

251 1393 393 1436 “tuum
429 1396 614 1436 efoebum
652 1396 851 1446 quendam
891 1409 1009 1446 quem
1046 1397 1194 1435 uocant
1229 1397 1490 1444 praeutaeton
1527 1389 1607 1447 (ita
1631 1393 1664 1432 L
1690 1408 1741 1432 m.
1771 1396 1791 1432 1

247 1459 482 1506 parcutatcm
506 1457 539 1495 L
565 1470 616 1495 m.
645 1458 669 1496 2
697 1459 927 1505 parentaton
953 1450 1053 1510 G)”.
1116 1455 1246 1494 Varro
1279 1455 1327 1494 de
1360 1455 1646 1505 compositione
1688 1456 1796 1504 saty-

249 1531 383 1556 rarum
428 1514 710 1566 “praeutactae
753 1510 828 1570 (ita
857 1516 909 1562 L,
939 1518 1197 1565 pa-reutactae
1228 1510 1291 1554 F3
1325 1517 1528 1564 parectate
1554 1508 1610 1568 G)
1651 1514 1797 1553 adsunt

249 1577 471 1627 mulierque
502 1576 646 1616 mulier
677 1590 801 1617 uenus
834 1573 1016 1627 caput’'.'
1067 1575 1237 1614 Versum
1270 1574 1499 1614 emendauit
1529 1574 1797 1613 Buechelerus

250 1637 576 1687 inscriptionibus
614 1649 708 1676 usus
745 1636 893 1676 Atticis
932 1636 1086 1675 duabus
1119 1630 1229 1688 (OIA
1253 1635 1316 1674 ΙΙΙ
1344 1638 1382 1684 1,
1410 1636 1507 1674 107.
1537 1635 1618 1674 109
1649 1630 1797 1685 Ἐφημ.

250 1695 424 1750 ἀρχαιολ.
447 1697 560 1736 1893
581 1710 619 1747 p.
642 1698 696 1736 67
709 1690 837 1749 seqq.)
860 1696 960 1735 Mus.
980 1696 1104 1735 Rhen.
1125 1695 1297 1734 XLVIII
1320 1696 1432 1734 1893
1454 1708 1492 1745 p.
1515 1695 1596 1734 631
1628 1706 1798 1744 quarum

251 1757 557 1807 inscriptionum
587 1757 630 1795 in
660 1758 794 1808 priore
819 1756 916 1795 haec
941 1756 1131 1808 leguntur
1152 1750 1330 1808 Ἐράτων
1351 1751 1574 1807 Ἐράτωνος
1594 1752 1799 1802 Αἰξωνεὺς

251 1815 324 1868 τὴν
361 1816 547 1868 λαμπάδα
583 1822 662 1856 τῶν
697 1815 977 1870 παρευτάκτων
1018 1814 1166 1867 Θήσεια
1202 1814 1370 1867 νικήσας
1407 1812 1607 1866 ἀνέθηκεν
1643 1829 1797 1868 γυμνα-

252 1882 508 1930 σιαρχοῢντος
532 1874 575 1916 τὸ
601 1876 785 1930 δεύτερον
810 1875 1022 1916 Λεωνίδου
1047 1874 1265 1925 Μελιτέως,
1296 1876 1338 1914 in
1365 1876 1494 1915 altera
1518 1875 1633 1914 haec:
1665 1874 1708 1914 οἷ
1728 1873 1798 1914 τὸν

252 1935 316 1976 ἐπὶ
346 1933 592 1988 <Κλαυδ>ίω
619 1931 778 1988 ”Ηρώδη
810 1933 995 1989 πρῶτο<ν
1026 1933 1227 1989 ἀ>χθέντα
1259 1934 1302 1976 ἕν
1327 1931 1553 1986 Ἐλευσῖν<ι
1578 1931 1798 1988 ἀ>γῶ<ν>α

252 1995 345 2044 τοὺς
355 1993 761 2050 παρευτάκ<τ>ο<υ>ς
774 1995 1005 2048 νικήσαντες
1017 1992 1263 2048 <π>άλ<η>ν
1277 1995 1499 2049 Εἰρηναῖος
1516 1991 1796 2048 Φα<λη>ρεύς,

252 2056 495 2110 παγκράτιον
525 2057 682 2104 Ζωΐλος
713 2053 991 2110 Φαλη<ρε>ύς.
1044 2056 1198 2096 Codicis
1224 2055 1430 2095 Leidensis
1462 2056 1725 2107 praestantia,
1756 2056 1797 2094 in

253 2118 379 2157 altero
410 2116 558 2156 Lucilii
589 2129 707 2156 uersu
739 2118 809 2168 qui
840 2117 1055 2168 genuinam
1087 2116 1327 2166 scripturam
1358 2117 1440 2155 fere
1479 2117 1680 2166 integram
1718 2128 1799 2154 ser-

252 2178 377 2227 uarit,
418 2178 545 2216 cuiuis
576 2177 694 2217 facile
727 2178 896 2228 apparet
926 2190 1053 2227 neque
1084 2179 1220 2216 tamen
1251 2177 1389 2228 magni
1426 2175 1655 2215 faciendum
1694 2175 1800 2225 quod

251 2238 294 2276 in
337 2237 530 2276 Varronis
573 2237 799 2288 fragmento
843 2237 1098 2276 Florentinus
1136 2250 1187 2275 m.
1217 2237 1241 2275 3
1277 2249 1422 2276 ‘ueram
1463 2235 1656 2286 praebeat
1704 2235 1799 2275 scri-

253 2299 427 2347 pturam,
459 2309 549 2336 cum
578 2298 622 2335 in
651 2297 817 2347 reliquis
844 2297 901 2336 nil
926 2298 1104 2347 praestet
1128 2297 1233 2336 boni.
1284 2296 1365 2347 Agi
1390 2297 1438 2336 de
1465 2295 1626 2347 ephebis
1651 2295 1799 2335 Atticis

255 2358 424 2407 apparet
461 2357 531 2406 qui
567 2357 638 2395 illa
675 2358 807 2396 aetate
844 2358 1102 2407 pareutactoe
1140 2357 1466 2407 appellabantur,
1510 2355 1712 2406 clamydes
1737 2347 1800 2394 ⁴ac

253 2417 422 2455 barbula
451 2417 582 2467 prima
608 2429 706 2467 quos
731 2417 940 2456 uestiebat.
991 2417 1074 2456 Nec
1100 2416 1263 2456 difficile
1287 2416 1516 2455 inuenietur
1542 2415 1648 2466 quod
1675 2428 1799 2467 genus

256 2475 496 2526 epheborum
522 2476 861 2527 clamidephorum
887 2476 1084 2528 significet
1108 2478 1239 2527 poeta,
1265 2489 1354 2516 eum
1379 2476 1617 2515 Aristoteles
1645 2475 1691 2514 de
1716 2489 1797 2526 rep.

255 2535 400 2575 Athen.
427 2536 496 2586 42,
522 2537 548 2575 4
581 2536 679 2576 haec
709 2537 846 2576 tradat
877 2536 925 2576 de
958 2536 1119 2587 ephebis
1150 2534 1216 2576 καὶ
1241 2534 1311 2576 τὸν
1337 2533 1409 2588 μὲν
1434 2541 1591 2588 πρῶτον
1616 2533 1800 2574 ἐνιαυτὸν

256 2594 382 2643 οὕτως
413 2594 610 2649 διάγουσι·
643 2595 713 2637 τὸν
745 2591 783 2636 δ’
812 2596 977 2649 ὕστερον
999 2628 1005 2635 .
1028 2628 1035 2635 .
1059 2628 1065 2635 .
1085 2598 1343 2650 περιπολοῢσι
1367 2594 1442 2648 τὴν
1466 2595 1597 2648 χώραν
1622 2593 1688 2634 καὶ
1715 2595 1797 2634 δια-

255 2655 459 2707 τρίβουσιν
488 2654 532 2696 ἐν
563 2659 646 2704 τοῖς
676 2656 970 2710 φυλακτηρίοις.
1003 2661 1228 2709 φρουροῦσι
1259 2653 1301 2696 δὲ
1333 2654 1379 2695 τὰ
1411 2655 1485 2695 δύο
1517 2654 1583 2706 ἔτη
1615 2654 1798 2707 χλαμύ-

257 2715 340 2762 δας
371 2714 556 2767 ἔχοντες
579 2718 658 2757 κτλ.
692 2715 908 2767 Περίπολοι
937 2716 1064 2768 igitur
1093 2719 1187 2757 sunt
1212 2729 1311 2767 quos
1336 2717 1594 2767 pareutactoe
1619 2715 1798 2754 Lucilius

256 2774 438 2814 nominat
480 2788 648 2826 quorum
692 2775 867 2815 officium
910 2778 998 2815 erat
1040 2779 1232 2829 φρουρεῖν
1276 2778 1316 2814 et
1361 2774 1576 2827 διατρίβειν
1624 2773 1668 2814 ἐν
1717 2777 1800 2821 τοῖς

257 2834 552 2887 φυλακτηρίοις.
614 2835 793 2874 Eandem
824 2835 994 2885 denique
1026 2835 1108 2874 uim
1141 2848 1188 2874 ac
1219 2836 1462 2886 potestatem
1492 2834 1615 2873 habet
1653 2848 1799 2886 παρευ-

257 2896 410 2933 τακτεῖν
441 2894 679 2934 uocabulum
711 2908 736 2934 a
760 2895 930 2946 Polybio
955 2895 1101 2934 Lucilii
1133 2895 1295 2945 aequali
1327 2907 1350 2932 a
1382 2895 1541 2933 nomine
1567 2894 1638 2932 illo
1663 2893 1800 2933 Attico

257 2953 517 3006 παρεύτακτοι
548 2954 760 2994 deductum
785 2955 847 2993 III
874 2956 942 3003 50,
971 2956 993 2993 7
1027 2953 1214 3007 ἐπιγνοὺς
1246 2951 1267 2993 ὅ
1299 2952 1514 3007 στρατηγὸς
1545 2952 1604 2992 ὅτι
1635 2952 1703 3001 τὰς
1730 2951 1801 3005 μὲν

259 3010 406 3067 ἡμέρας
436 3011 627 3065 ἐπιμελῶς
657 3020 968 3069 παρευτακτοῦσι
999 3012 1065 3054 καὶ
1096 3019 1260 3067 τηροῦσι
1297 3012 1390 3064 τοὺς
1426 3012 1573 3062 τόπους
1611 3013 1654 3053 οἵ
1686 3011 1801 3053 πολέ-
