2060 3444
278 242 364 284 358
760 238 889 274 incert.
919 238 994 273 sed.
1020 250 1056 272 u.
1085 241 1333 273 1128—1130.

281 352 429 393 ‘carcer
460 355 525 391 uix
557 352 743 391 furcifero
775 347 946 403 dignus’.
996 350 1129 402 Atque
1160 350 1374 391 Muellerus
1406 351 1567 402 quidem
1597 353 1672 391 hoc
1696 352 1812 392 modo

280 414 450 462 enarrat,
481 425 558 463 quo
590 412 808 462 posteriore
839 411 926 450 loco
958 410 1052 450 feci:
1085 408 1210 450 ‘locus
1242 412 1410 451 carceris
1441 425 1521 451 non
1549 414 1633 451 tam
1665 412 1814 462 foedus,

281 486 399 523 quam
431 473 595 524 dignum
627 473 712 511 erat
741 471 900 510 homine
932 467 1153 520 scelerato',
1190 471 1232 510 id
1264 473 1324 510 est
1362 468 1505 522 ‘poena
1542 473 1710 511 carceris
1746 473 1814 511 uix

280 534 377 572 satis
415 546 560 584 magna
597 545 669 582 pro
707 530 885 570 furciferi
925 528 1158 570 maleficiis'.
1229 530 1453 571 Secundum
1494 532 1654 583 linguae
1699 545 1815 571 usum

280 595 449 642 utraque
480 593 585 631 stare
616 592 750 642 potest
780 591 1002 642 explicatio.
1064 591 1170 630 Nam
1201 593 1306 630 recte
1348 591 1494 630 dicitur
1524 591 1666 630 Latine
1705 593 1815 631 homo

280 665 407 697 cruce,
445 654 606 691 scutica.
653 652 877 690 uerberibus
926 652 1085 700 diywus,
1128 650 1226 690 item
1269 651 1431 701 dignum
1472 653 1708 701 supplicium
1746 646 1817 706 (ad

279 712 372 751 Her.
392 712 450 750 IV
475 713 512 761 8,
541 707 628 765 12),
654 712 776 761 diyna
796 722 927 760 poena
954 706 1135 764 (Sallust.
1158 709 1242 749 Cat.
1264 711 1332 760 51,
1353 705 1412 765 8),
1438 711 1593 750 Terent.
1613 711 1708 750 Hec.
1732 712 1814 751 209

271 769 352 811 “an
389 774 593 820 quiequam
623 783 701 820 pro
739 772 825 810 istis
860 771 976 820 factis
1013 771 1175 820 diynum
1216 772 1250 809 te
1292 771 1369 810 dici
1405 767 1571 819 potest?
1634 770 1691 810 At
1727 784 1817 810 con-

281 833 431 870 uicium
461 831 562 870 illud
594 843 725 870 carcer
755 831 874 869 sicuti
905 830 1012 882 apud
1040 830 1269 869 Terentium
1299 832 1358 869 ita
1391 830 1497 881 apud
1521 830 1719 871 Lucilium
1750 843 1819 870 no-

282 892 477 930 minatiuo
509 903 605 930 casu
634 892 812 942 positum
842 890 965 930 fuisse
997 894 1304 930 consentaneum
1337 893 1396 930 est
1427 891 1494 930 uel
1524 892 1728 930 uocatiuo:
1758 892 1818 930 in-

282 953 419 1003 crepat
462 952 587 1002 igitur
630 951 853 1001 nescioquis
896 962 1055 990 seruum
1099 964 1216 1001 quem
1259 951 1366 990 dicat
1413 963 1491 989 non
1536 963 1708 1001 carcere,
1751 950 1820 990 sed

283 1012 446 1064 dignum
487 1011 695 1062 supplicio.
762 1010 811 1049 In
854 1010 1005 1061 optimo
1042 1010 1115 1050 cod
1144 1010 1335 1050 Parisino
1375 1010 1424 1049 ad
1461 1010 1654 1050 Andriam
1681 1011 1705 1049 l.
1733 1023 1761 1050 s.
1788 1024 1817 1050 s.

283 1072 431 1123 legitur
471 1067 620 1110 ‘carcer
657 1072 713 1110 eis
751 1071 818 1109 uix
856 1082 1011 1110 carcere
1048 1067 1219 1122 dignus'‚
1263 1070 1440 1110 codicum
1475 1069 1545 1109 CT
1584 1070 1820 1121 archetypus

284 1134 352 1169 aut
385 1130 522 1170 eadem
553 1130 712 1170 uidetur
741 1129 970 1181 praebuisse
1009 1131 1080 1168 aut
1117 1129 1276 1169 similia.
1340 1129 1454 1176 Quod
1491 1130 1727 1170 uocabulum
1767 1132 1822 1170 eis

284 1190 359 1230 etsi
390 1203 573 1230 numeros
605 1191 767 1229 minime
799 1189 1020 1240 conturbet,
1050 1190 1245 1239 siquidem
1271 1189 1442 1229 Plautus
1473 1190 1515 1228 in
1541 1190 1688 1229 senarii
1714 1191 1822 1230 exitu

284 1251 422 1301 posuit
445 1252 496 1289 iis
523 1244 642 1304 (Rud.
665 1244 752 1303 73),
776 1249 979 1289 quenalis
998 1249 1093 1288 XIV
1114 1250 1170 1289 30
1197 1250 1338 1289 eisdem
1362 1249 1601 1300 trisyllabon
1621 1244 1684 1303 (L.
1697 1249 1822 1289 Muel-

284 1311 357 1349 leri
384 1310 418 1348 d.
445 1324 476 1349 r.
501 1311 614 1349 metr.
642 1310 699 1349 ed.
726 1309 767 1348 II
792 1323 830 1360 p.
859 1303 976 1363 297),
1007 1310 1182 1360 recipere
1213 1310 1348 1348 tamen
1379 1309 1573 1348 dubitaui.
1627 1322 1723 1349 crux
1749 1323 1822 1361 pro

286 1370 464 1410 conuicio
496 1371 675 1421 positum
707 1371 766 1409 est
796 1369 927 1408 Plaut.
954 1369 1058 1408 Pers.
1088 1370 1183 1408 795.

407 1430 547 1475 1129.
593 1435 742 1474 Paulus
785 1448 831 1473 ex
874 1435 992 1474 Festo
1036 1448 1073 1486 p.
1101 1435 1156 1474 44
1203 1431 1416 1474 ‘Carissam
1467 1435 1574 1485 apud
1627 1435 1823 1474 Lucilium

289 1496 446 1535 uafrum
473 1492 699 1547 significat’.
751 1495 872 1534 Recte
898 1495 998 1534 codd
1022 1494 1139 1534 Pauli
1163 1496 1327 1544 uafrwm
1351 1494 1614 1534 masculinum
1640 1495 1826 1534 exhibent

288 1555 393 1606 quod
437 1555 692 1595 confirmatur
735 1556 868 1607 glossa
912 1553 1023 1594 CGL
1053 1554 1094 1594 Π
1135 1568 1174 1605 p.
1203 1555 1277 1604 97,
1309 1555 1364 1594 43
1410 1551 1554 1594 ‘carisa
1596 1553 1824 1607 μαυλιστής,

287 1612 585 1667 πορνοβοσκός’.
647 1615 840 1665 Reliquae
872 1615 1026 1666 glossae
1057 1614 1207 1654 similes
1239 1626 1337 1664 quas
1378 1616 1603 1654 tractarunt
1633 1614 1825 1654 Loeweus

287 1675 483 1725 prodrom.
510 1689 547 1726 p.
569 1676 654 1714 305
681 1687 788 1726 seqq.
816 1674 1001 1714 Goetzius
1033 1674 1205 1713 thesaur.
1231 1674 1350 1726 gloss.
1376 1674 1526 1714 emend.
1553 1687 1581 1714 s.
1602 1688 1639 1713 u.
1666 1674 1724 1714 nil
1749 1675 1826 1714 huc

288 1736 498 1784 pertinent.
568 1735 710 1785 Itaque
761 1735 869 1773 errat
918 1734 986 1784 qui
1035 1747 1178 1773 nomen
1228 1746 1311 1774 esse
1355 1733 1526 1774 Graecae
1577 1735 1742 1786 originis
1787 1736 1827 1775 et

289 1794 560 1834 deducendum
594 1807 618 1833 a
650 1794 749 1833 Care
781 1796 826 1832 ut
857 1793 1038 1833 Cilicissa
1069 1807 1093 1832 a
1127 1793 1228 1833 Cilix
1260 1796 1393 1834 censet
1423 1794 1471 1832 H.
1499 1794 1692 1834 Iordanus
1723 1794 1826 1833 Krit.

290 1855 412 1893 Beitr.
446 1869 476 1893 z.
509 1853 644 1893 Gesch.
678 1854 713 1893 d.
746 1854 815 1893 lat.
850 1853 1022 1904 Sprache
1061 1868 1098 1905 p.
1127 1854 1183 1893 80
1214 1866 1341 1905 seqq.:
1391 1854 1460 1893 alii
1512 1854 1702 1894 Latinum
1745 1867 1827 1894 esse

290 1915 473 1952 statuunt
498 1916 772 1964 comparantes
796 1914 970 1953 mantisa
995 1913 1137 1963 fauisa,
1170 1913 1310 1953 Stokes
1337 1927 1454 1964 quem
1478 1914 1619 1953 laudat
1644 1913 1827 1954 Goetzius

291 1974 315 2011 l.
337 1986 364 2012 s.
387 1986 414 2013 s.
449 1973 643 2013 Celticum
673 1973 827 2012 Urkelt.
854 1972 1140 2023 Sprachschatz
1172 1986 1208 2023 p.
1231 1974 1317 2012 330
1349 1967 1421 2027 (ad
1446 1987 1483 2024 p.
1507 1969 1593 2027 70).

413 2033 554 2079 1130.
592 2037 722 2077 Varro
760 2038 807 2077 de
844 2038 982 2090 lingua
1019 2038 1165 2077 Latina
1202 2038 1304 2077 libro
1342 2038 1421 2077 VH
1448 2039 1501 2077 96
1526 2036 1620 2095 '‘In
1649 2039 1828 2089 pluribus

292 2098 422 2137 uerbis
460 2110 486 2137 a
522 2099 614 2137 ante
647 2110 666 2137 e
697 2098 767 2137 alii
798 2099 964 2148 ponunt,
1009 2098 1079 2137 alii
1122 2111 1219 2159 non,
1261 2099 1309 2137 ut
1352 2098 1459 2149 quod
1501 2098 1650 2149 partim
1692 2098 1831 2138 dicunt

293 2180 540 2231 <scaeptrum
562 2178 743 2233 partim>
768 2183 980 2232 sceptrum,
1011 2182 1083 2220 alii
1114 2181 1250 2220 Plauti
1275 2161 1550 2221 feneratricem
1582 2182 1651 2221 alii
1676 2161 1828 2222 fgnera-

292 2266 431 2304 tricem
463 2260 749 2319 (feneratricem
781 2260 968 2319 Laetus),
1006 2266 1062 2305 sic
1099 2245 1281 2305 fenisicia
1318 2279 1363 2305 ac
1395 2267 1601 2305 foenisicia
1633 2260 1831 2319 (semsieia

293 2319 435 2378 idem),
484 2338 531 2364 ac
571 2326 712 2364 rustici
753 2325 934 2376 Pappum
977 2321 1007 2378 †
1050 2326 1244 2365 maesium
1290 2339 1370 2364 non
1412 2327 1614 2364 moesium.
1683 2338 1708 2364 a
1751 2339 1830 2376 quo

293 2384 470 2424 Lucilius
520 2385 658 2424 scribit
708 2381 894 2425 “cecilius
947 2398 995 2424 ne
1038 2385 1208 2424 rusticus
1251 2381 1380 2424 fiat''.'
1457 2385 1667 2424 Diomedes
1711 2384 1785 2424 GL
1810 2385 1830 2423 Ι

296 2457 331 2493 p.
353 2444 452 2494 452,
481 2445 533 2482 14
548 2444 584 2482 Κ
611 2441 896 2484 ‘Detractionis
925 2446 1073 2495 species
1099 2447 1192 2485 sunt
1216 2458 1340 2496 aeque
1360 2446 1562 2495 quattuor,
1587 2445 1831 2485 detractione

294 2503 496 2553 temporis,
521 2504 691 2554 litterae,
717 2504 906 2555 syllabae,
932 2504 1225 2556 adspirationis.
1335 2505 1506 2554 litterae,
1532 2506 1578 2543 ut
1599 2505 1634 2543 si
1653 2505 1832 2544 detracta

297 2575 321 2600 a
362 2563 499 2601 littera
535 2565 670 2613 pretor
706 2563 899 2613 dicamus,
941 2567 988 2603 ut
1023 2564 1200 2604 Lucilius
1241 2559 1388 2619 (lucius
1425 2558 1541 2618 codd)
1579 2561 1740 2614 “pretor
1781 2577 1831 2604 ne

243 2647 249 2651 ·
296 2622 467 2660 rusticus
498 2619 614 2672 fiat'',
645 2635 734 2662 cum
765 2624 907 2663 debeat
938 2637 983 2663 ae
1013 2625 1266 2674 pronuntiari
1295 2626 1468 2675 praetor,
1509 2624 1578 2663 sed
1609 2626 1832 2664 structurae

298 2682 429 2732 gratia
461 2682 615 2731 syllaba
646 2682 766 2734 longa
797 2682 1036 2734 corripitur’.
1098 2684 1231 2724 Verba
1260 2684 1353 2723 inde
1386 2698 1408 2722 a
1439 2685 1506 2723 sed
1538 2705 1593 2711 —
1623 2685 1833 2733 corripitwr

300 2740 405 2778 delet
434 2740 602 2791 Keilius,
633 2755 763 2781 errare
788 2743 1022 2782 Diomedem
1052 2745 1157 2783 recte
1183 2746 1315 2784 censet
1338 2743 1626 2783 Lachmannus.
1682 2743 1833 2783 Eodem

299 2799 415 2838 modo
448 2800 596 2839 errauit
621 2803 901 2852 grammaticus
927 2803 979 2841 ad
1002 2804 1138 2842 incert.
1158 2818 1195 2842 u.
1219 2805 1344 2843 1242.
1394 2803 1515 2843 Libro
1533 2803 1591 2842 IX
1617 2803 1832 2854 adscripse-

299 2861 393 2897 runt
446 2859 724 2900 Lachmannus
773 2861 987 2901 Muellerus
1043 2863 1114 2901 alii
1162 2864 1287 2903 secuti
1332 2863 1375 2902 L.
1401 2863 1444 2901 F.
1473 2863 1736 2903 Schmidtium
1785 2863 1833 2902 de

299 2917 445 2957 Lucilii
474 2919 541 2957 lib.
562 2920 618 2958 IX
643 2934 681 2970 p.
703 2921 740 2959 8.
803 2922 952 2960 Tamen
988 2923 1063 2961 hoc
1094 2937 1131 2960 u.
1157 2936 1238 2961 non
1277 2923 1409 2974 agitur
1446 2922 1494 2962 de
1534 2922 1833 2975 orthographia,

302 2977 370 3015 sed
401 2977 447 3015 de
477 2979 802 3028 pronuntiatione
831 2981 998 3020 rustica:
1031 2982 1078 3020 de
1104 2982 1389 3034 orthographia
1420 2982 1524 3021 enim
1550 2994 1597 3021 ae
1622 2982 1833 3034 dipthongi
