<?xml version="1.0" encoding="UTF-8"?>
<!DOCTYPE html PUBLIC "-//W3C//DTD XHTML 1.0 Transitional//EN"
    "http://www.w3.org/TR/xhtml1/DTD/xhtml1-transitional.dtd">
<html xmlns="http://www.w3.org/1999/xhtml" xml:lang="en" lang="en">
 <head>
  <title>
</title>
<meta http-equiv="Content-Type" content="text/html;charset=utf-8" />
  <meta name='ocr-system' content='tesseract 3.04.00' />
  <meta name='ocr-capabilities' content='ocr_page ocr_carea ocr_par ocr_line ocrx_word'/>
</head>
<body>
  <div class='ocr_page' id='page_1' title='image "./carminumreliquia02luciuoft_0215.png"; bbox 0 0 2060 3444; ppageno 0'>
   <div class='ocr_carea' id='block_1_1' title="bbox 871 249 1827 292">
    <p class='ocr_par' dir='ltr' id='par_1_1' title="bbox 871 249 1827 292">
     <span class='ocr_line' id='line_1_1' title="bbox 871 249 1827 292; baseline 0.002 -2"><span class='ocrx_word' id='word_1_1' title='bbox 871 254 939 290; x_wconf 83' lang='lat' dir='ltr'><strong>XV</strong></span> <span class='ocrx_word' id='word_1_2' title='bbox 963 266 998 290; x_wconf 88' lang='lat' dir='ltr'><strong>u.</strong></span> <span class='ocrx_word' id='word_1_3' title='bbox 1027 257 1228 291; x_wconf 80' lang='lat'><strong>490-495.</strong></span> <span class='ocrx_word' id='word_1_4' title='bbox 1742 249 1827 292; x_wconf 88' lang='grc'><strong>183</strong></span> 
     </span>
    </p>
   </div>
   <div class='ocr_carea' id='block_1_2' title="bbox 222 364 1844 3070">
    <p class='ocr_par' dir='ltr' id='par_1_2' title="bbox 249 364 1827 662">
     <span class='ocr_line' id='line_1_2' title="bbox 249 364 1826 423; baseline -0.005 -12"><span class='ocrx_word' id='word_1_5' title='bbox 249 395 251 397; x_wconf 97' lang='grc'>-</span> <span class='ocrx_word' id='word_1_6' title='bbox 279 385 300 411; x_wconf 89' lang='lat' dir='ltr'><strong>e</strong></span> <span class='ocrx_word' id='word_1_7' title='bbox 331 370 487 410; x_wconf 87' lang='lat' dir='ltr'><strong>Hertzii</strong></span> <span class='ocrx_word' id='word_1_8' title='bbox 517 369 695 410; x_wconf 88' lang='lat' dir='ltr'><strong>Perioch.</strong></span> <span class='ocrx_word' id='word_1_9' title='bbox 723 364 799 423; x_wconf 85' lang='lat'><strong>47)</strong></span> <span class='ocrx_word' id='word_1_10' title='bbox 832 382 910 420; x_wconf 87' lang='lat' dir='ltr'><strong>quo</strong></span> <span class='ocrx_word' id='word_1_11' title='bbox 936 368 1086 408; x_wconf 89' lang='lat' dir='ltr'><strong>bellum</strong></span> <span class='ocrx_word' id='word_1_12' title='bbox 1112 367 1394 407; x_wconf 84' lang='lat' dir='ltr'><strong>Celtibericum</strong></span> <span class='ocrx_word' id='word_1_13' title='bbox 1420 366 1570 406; x_wconf 82' lang='lat' dir='ltr'><strong>exarsit</strong></span> <span class='ocrx_word' id='word_1_14' title='bbox 1594 366 1676 404; x_wconf 88' lang='lat' dir='ltr'><strong>fere</strong></span> <span class='ocrx_word' id='word_1_15' title='bbox 1703 377 1826 415; x_wconf 84' lang='lat' dir='ltr'><strong>usque</strong></span> 
     </span>
     <span class='ocr_line' id='line_1_3' title="bbox 278 425 1827 481; baseline -0.005 -10"><span class='ocrx_word' id='word_1_16' title='bbox 278 431 328 470; x_wconf 84' lang='lat' dir='ltr'><strong>ad</strong></span> <span class='ocrx_word' id='word_1_17' title='bbox 362 426 560 480; x_wconf 80' lang='lat' dir='ltr'><strong>619s135</strong></span> <span class='ocrx_word' id='word_1_18' title='bbox 596 443 676 481; x_wconf 87' lang='lat' dir='ltr'><strong>quo</strong></span> <span class='ocrx_word' id='word_1_19' title='bbox 708 429 842 480; x_wconf 82' lang='lat' dir='ltr'><strong>Scipio</strong></span> <span class='ocrx_word' id='word_1_20' title='bbox 868 428 1118 468; x_wconf 78' lang='lat' dir='ltr'><strong>Aemilianus</strong></span> <span class='ocrx_word' id='word_1_21' title='bbox 1151 428 1288 467; x_wconf 88' lang='lat' dir='ltr'><strong>consul</strong></span> <span class='ocrx_word' id='word_1_22' title='bbox 1320 429 1381 466; x_wconf 89' lang='lat' dir='ltr'><strong>est</strong></span> <span class='ocrx_word' id='word_1_23' title='bbox 1411 427 1568 466; x_wconf 79' lang='lat' dir='ltr'><strong>creatus</strong></span> <span class='ocrx_word' id='word_1_24' title='bbox 1601 425 1652 464; x_wconf 88' lang='lat' dir='ltr'><strong>ad</strong></span> <span class='ocrx_word' id='word_1_25' title='bbox 1678 425 1827 464; x_wconf 89' lang='lat' dir='ltr'><strong>bellum</strong></span> 
     </span>
     <span class='ocr_line' id='line_1_4' title="bbox 277 485 1825 541; baseline -0.005 -10"><span class='ocrx_word' id='word_1_26' title='bbox 277 492 572 531; x_wconf 68' lang='lat' dir='ltr'><strong>Numantinum</strong></span> <span class='ocrx_word' id='word_1_27' title='bbox 616 490 949 541; x_wconf 85' lang='lat' dir='ltr'><strong>componendum:</strong></span> <span class='ocrx_word' id='word_1_28' title='bbox 999 489 1131 528; x_wconf 88' lang='lat' dir='ltr'><strong>totum</strong></span> <span class='ocrx_word' id='word_1_29' title='bbox 1180 489 1307 540; x_wconf 85' lang='lat' dir='ltr'><strong>igitur</strong></span> <span class='ocrx_word' id='word_1_30' title='bbox 1348 487 1499 526; x_wconf 91' lang='lat' dir='ltr'><strong>bellum</strong></span> <span class='ocrx_word' id='word_1_31' title='bbox 1544 485 1825 525; x_wconf 85' lang='lat' dir='ltr'><strong>Celtibericum</strong></span> 
     </span>
     <span class='ocr_line' id='line_1_5' title="bbox 275 545 1824 600; baseline -0.005 -9"><span class='ocrx_word' id='word_1_32' title='bbox 275 553 361 591; x_wconf 89' lang='lat' dir='ltr'><strong>iure</strong></span> <span class='ocrx_word' id='word_1_33' title='bbox 388 551 535 591; x_wconf 88' lang='lat' dir='ltr'><strong>dicitur</strong></span> <span class='ocrx_word' id='word_1_34' title='bbox 553 547 769 598; x_wconf 83' lang='grc' dir='ltr'><strong><em>εἶκοσαετές</em></strong></span> <span class='ocrx_word' id='word_1_35' title='bbox 791 550 921 589; x_wconf 74' lang='lat' dir='ltr'><strong>strab.</strong></span> <span class='ocrx_word' id='word_1_36' title='bbox 941 549 1004 588; x_wconf 94' lang='lat' dir='ltr'><strong>III</strong></span> <span class='ocrx_word' id='word_1_37' title='bbox 1022 562 1060 600; x_wconf 91' lang='lat' dir='ltr'><strong>p.</strong></span> <span class='ocrx_word' id='word_1_38' title='bbox 1084 549 1167 588; x_wconf 85' lang='lat'><strong>162</strong></span> <span class='ocrx_word' id='word_1_39' title='bbox 1189 548 1290 587; x_wconf 88' lang='lat' dir='ltr'><strong>med.</strong></span> <span class='ocrx_word' id='word_1_40' title='bbox 1313 546 1628 598; x_wconf 82' lang='grc' dir='ltr'><em>δεισιδαιμονίαν</em></span> <span class='ocrx_word' id='word_1_41' title='bbox 1647 545 1824 585; x_wconf 89' lang='lat' dir='ltr'><strong>militum</strong></span> 
     </span>
     <span class='ocr_line' id='line_1_6' title="bbox 275 607 1628 662; baseline -0.004 -11"><span class='ocrx_word' id='word_1_42' title='bbox 275 613 451 652; x_wconf 75' lang='lat' dir='ltr'><strong>coercuit</strong></span> <span class='ocrx_word' id='word_1_43' title='bbox 483 610 617 662; x_wconf 83' lang='lat' dir='ltr'><strong>Scipio</strong></span> <span class='ocrx_word' id='word_1_44' title='bbox 651 610 701 649; x_wconf 83' lang='lat' dir='ltr'><strong>ad</strong></span> <span class='ocrx_word' id='word_1_45' title='bbox 734 611 1011 660; x_wconf 76' lang='lat' dir='ltr'><strong>Numantiam,</strong></span> <span class='ocrx_word' id='word_1_46' title='bbox 1042 608 1139 649; x_wconf 86' lang='lat' dir='ltr'><strong>conf</strong></span> <span class='ocrx_word' id='word_1_47' title='bbox 1166 608 1216 648; x_wconf 88' lang='lat' dir='ltr'><strong>ad</strong></span> <span class='ocrx_word' id='word_1_48' title='bbox 1249 607 1317 648; x_wconf 90' lang='lat' dir='ltr'><strong>lib.</strong></span> <span class='ocrx_word' id='word_1_49' title='bbox 1338 607 1434 647; x_wconf 90' lang='lat' dir='ltr'><strong>XIV</strong></span> <span class='ocrx_word' id='word_1_50' title='bbox 1466 621 1502 646; x_wconf 92' lang='lat' dir='ltr'><strong>u.</strong></span> <span class='ocrx_word' id='word_1_51' title='bbox 1531 607 1628 645; x_wconf 83' lang='lat'><strong>473.</strong></span> 
     </span>
    </p>

    <p class='ocr_par' dir='ltr' id='par_1_3' title="bbox 222 665 1844 1569">
     <span class='ocr_line' id='line_1_7' title="bbox 395 665 1825 722; baseline -0.003 -12"><span class='ocrx_word' id='word_1_52' title='bbox 395 666 506 712; x_wconf 76' lang='grc'><strong>492.</strong></span> <span class='ocrx_word' id='word_1_53' title='bbox 532 671 689 711; x_wconf 90' lang='lat' dir='ltr'><strong>Nonius</strong></span> <span class='ocrx_word' id='word_1_54' title='bbox 716 684 761 710; x_wconf 83' lang='lat' dir='ltr'><strong>ex</strong></span> <span class='ocrx_word' id='word_1_55' title='bbox 789 671 1053 722; x_wconf 87' lang='lat' dir='ltr'><strong>grammatico</strong></span> <span class='ocrx_word' id='word_1_56' title='bbox 1079 683 1117 720; x_wconf 90' lang='lat' dir='ltr'><strong>p.</strong></span> <span class='ocrx_word' id='word_1_57' title='bbox 1141 670 1238 718; x_wconf 89' lang='lat'>124,</span> <span class='ocrx_word' id='word_1_58' title='bbox 1261 669 1314 707; x_wconf 89' lang='grc'><strong>16</strong></span> <span class='ocrx_word' id='word_1_59' title='bbox 1338 665 1560 719; x_wconf 51' lang='grc' dir='ltr'><strong>ε1113110310,</strong></span> <span class='ocrx_word' id='word_1_60' title='bbox 1588 667 1704 718; x_wconf 83' lang='lat' dir='ltr'><strong>quasi</strong></span> <span class='ocrx_word' id='word_1_61' title='bbox 1723 678 1825 706; x_wconf 84' lang='lat' dir='ltr'><strong>unco</strong></span> 
     </span>
     <span class='ocr_line' id='line_1_8' title="bbox 273 723 1823 783; baseline -0.004 -11"><span class='ocrx_word' id='word_1_62' title='bbox 273 732 463 772; x_wconf 86' lang='lat' dir='ltr'><strong>inuadere</strong></span> <span class='ocrx_word' id='word_1_63' title='bbox 489 733 530 772; x_wconf 88' lang='lat' dir='ltr'><strong>et</strong></span> <span class='ocrx_word' id='word_1_64' title='bbox 555 732 746 782; x_wconf 79' lang='lat' dir='ltr'><strong>adripere.</strong></span> <span class='ocrx_word' id='word_1_65' title='bbox 798 731 977 771; x_wconf 88' lang='lat' dir='ltr'><strong>Lucilius</strong></span> <span class='ocrx_word' id='word_1_66' title='bbox 1002 730 1070 770; x_wconf 89' lang='lat' dir='ltr'><strong>lib.</strong></span> <span class='ocrx_word' id='word_1_67' title='bbox 1097 730 1171 768; x_wconf 93' lang='lat' dir='ltr'><strong>XV</strong></span> <span class='ocrx_word' id='word_1_68' title='bbox 1198 726 1302 769; x_wconf 83' lang='lat' dir='ltr'><strong>“aut</strong></span> <span class='ocrx_word' id='word_1_69' title='bbox 1328 723 1392 783; x_wconf 85' lang='lat' dir='ltr'><strong>(at</strong></span> <span class='ocrx_word' id='word_1_70' title='bbox 1416 723 1475 783; x_wconf 83' lang='lat' dir='ltr'><strong>L)</strong></span> <span class='ocrx_word' id='word_1_71' title='bbox 1502 759 1510 766; x_wconf 87' lang='lat'><strong>.</strong></span> <span class='ocrx_word' id='word_1_72' title='bbox 1532 760 1539 768; x_wconf 92' lang='lat'><strong>.</strong></span> <span class='ocrx_word' id='word_1_73' title='bbox 1563 758 1569 766; x_wconf 91' lang='lat'><strong>.</strong></span> <span class='ocrx_word' id='word_1_74' title='bbox 1596 723 1823 766; x_wconf 89' lang='lat' dir='ltr'><strong>inuncat&#39;’.&#39;</strong></span> 
     </span>
     <span class='ocr_line' id='line_1_9' title="bbox 275 783 1824 843; baseline -0.004 -11"><span class='ocrx_word' id='word_1_75' title='bbox 275 792 404 833; x_wconf 85' lang='lat' dir='ltr'><strong>Sicuti</strong></span> <span class='ocrx_word' id='word_1_76' title='bbox 441 793 603 837; x_wconf 68' lang='lat' dir='ltr'><strong>manco,</strong></span> <span class='ocrx_word' id='word_1_77' title='bbox 642 792 701 831; x_wconf 89' lang='lat' dir='ltr'><strong>ita</strong></span> <span class='ocrx_word' id='word_1_78' title='bbox 739 793 892 832; x_wconf 75' lang='lat' dir='ltr'><strong>adunco</strong></span> <span class='ocrx_word' id='word_1_79' title='bbox 930 786 1062 844; x_wconf 81' lang='lat' dir='ltr'><strong>(Paul.</strong></span> <span class='ocrx_word' id='word_1_80' title='bbox 1083 803 1130 830; x_wconf 85' lang='lat' dir='ltr'><strong>ex</strong></span> <span class='ocrx_word' id='word_1_81' title='bbox 1160 790 1264 829; x_wconf 86' lang='lat' dir='ltr'><strong>Fest.</strong></span> <span class='ocrx_word' id='word_1_82' title='bbox 1285 804 1323 841; x_wconf 92' lang='lat' dir='ltr'><strong>p.</strong></span> <span class='ocrx_word' id='word_1_83' title='bbox 1347 783 1422 843; x_wconf 89' lang='lat'><strong>11)</strong></span> <span class='ocrx_word' id='word_1_84' title='bbox 1464 789 1610 828; x_wconf 73' lang='lat' dir='ltr'><em>obunco</em></span> <span class='ocrx_word' id='word_1_85' title='bbox 1641 800 1733 827; x_wconf 88' lang='lat' dir='ltr'><strong>raro</strong></span> <span class='ocrx_word' id='word_1_86' title='bbox 1764 788 1824 826; x_wconf 89' lang='lat' dir='ltr'><strong>in-</strong></span> 
     </span>
     <span class='ocr_line' id='line_1_10' title="bbox 273 848 1825 899; baseline -0.004 -7"><span class='ocrx_word' id='word_1_87' title='bbox 273 854 443 893; x_wconf 89' lang='lat' dir='ltr'><strong>uenitur.</strong></span> <span class='ocrx_word' id='word_1_88' title='bbox 507 852 612 892; x_wconf 89' lang='lat' dir='ltr'><strong>Vsus</strong></span> <span class='ocrx_word' id='word_1_89' title='bbox 658 853 719 892; x_wconf 89' lang='lat' dir='ltr'><strong>est</strong></span> <span class='ocrx_word' id='word_1_90' title='bbox 761 852 833 891; x_wconf 91' lang='lat' dir='ltr'><strong>illo</strong></span> <span class='ocrx_word' id='word_1_91' title='bbox 872 852 994 891; x_wconf 89' lang='lat' dir='ltr'><strong>uerbo</strong></span> <span class='ocrx_word' id='word_1_92' title='bbox 1034 850 1186 890; x_wconf 85' lang='lat' dir='ltr'><strong>Colum.</strong></span> <span class='ocrx_word' id='word_1_93' title='bbox 1213 850 1292 888; x_wconf 93' lang='lat' dir='ltr'><strong>VII</strong></span> <span class='ocrx_word' id='word_1_94' title='bbox 1320 851 1364 899; x_wconf 95' lang='lat'><strong>3,</strong></span> <span class='ocrx_word' id='word_1_95' title='bbox 1393 852 1443 888; x_wconf 91' lang='lat'><strong>11</strong></span> <span class='ocrx_word' id='word_1_96' title='bbox 1486 849 1533 888; x_wconf 86' lang='lat' dir='ltr'><strong>de</strong></span> <span class='ocrx_word' id='word_1_97' title='bbox 1571 848 1682 898; x_wconf 87' lang='lat' dir='ltr'><strong>lana,</strong></span> <span class='ocrx_word' id='word_1_98' title='bbox 1721 861 1825 898; x_wconf 83' lang='lat' dir='ltr'><strong>quae</strong></span> 
     </span>
     <span class='ocr_line' id='line_1_11' title="bbox 275 909 1824 963; baseline -0.005 -10"><span class='ocrx_word' id='word_1_99' title='bbox 275 911 462 954; x_wconf 80' lang='lat' dir='ltr'><strong>‘obnoxia</strong></span> <span class='ocrx_word' id='word_1_100' title='bbox 505 915 566 953; x_wconf 89' lang='lat' dir='ltr'><strong>est</strong></span> <span class='ocrx_word' id='word_1_101' title='bbox 607 912 735 962; x_wconf 88' lang='lat' dir='ltr'><strong>rubis,</strong></span> <span class='ocrx_word' id='word_1_102' title='bbox 779 912 924 963; x_wconf 90' lang='lat' dir='ltr'><strong>quibus</strong></span> <span class='ocrx_word' id='word_1_103' title='bbox 968 912 1081 951; x_wconf 86' lang='lat' dir='ltr'><strong>uelut</strong></span> <span class='ocrx_word' id='word_1_104' title='bbox 1117 911 1246 951; x_wconf 89' lang='lat' dir='ltr'><strong>hamis</strong></span> <span class='ocrx_word' id='word_1_105' title='bbox 1284 910 1475 949; x_wconf 87' lang='lat' dir='ltr'><strong>inuncata</strong></span> <span class='ocrx_word' id='word_1_106' title='bbox 1513 921 1538 948; x_wconf 87' lang='lat' dir='ltr'><strong>a</strong></span> <span class='ocrx_word' id='word_1_107' title='bbox 1574 909 1824 959; x_wconf 88' lang='lat' dir='ltr'><strong>pascentium</strong></span> 
     </span>
     <span class='ocr_line' id='line_1_12' title="bbox 222 969 1826 1026; baseline -0.004 -12"><span class='ocrx_word' id='word_1_108' title='bbox 222 1016 225 1018; x_wconf 25' lang='lat'><strong>.</strong></span> <span class='ocrx_word' id='word_1_109' title='bbox 273 973 498 1026; x_wconf 73' lang='lat' dir='ltr'><strong>tergoribus</strong></span> <span class='ocrx_word' id='word_1_110' title='bbox 540 970 759 1023; x_wconf 87' lang='lat' dir='ltr'><strong>auellitur’,</strong></span> <span class='ocrx_word' id='word_1_111' title='bbox 796 972 866 1011; x_wconf 91' lang='lat' dir='ltr'><strong>ubi</strong></span> <span class='ocrx_word' id='word_1_112' title='bbox 904 973 1092 1012; x_wconf 72' lang='lat' dir='ltr'><strong>inuncata</strong></span> <span class='ocrx_word' id='word_1_113' title='bbox 1135 971 1243 1011; x_wconf 86' lang='lat' dir='ltr'><strong>idem</strong></span> <span class='ocrx_word' id='word_1_114' title='bbox 1280 972 1341 1010; x_wconf 86' lang='lat' dir='ltr'><strong>est</strong></span> <span class='ocrx_word' id='word_1_115' title='bbox 1381 969 1489 1020; x_wconf 82' lang='lat' dir='ltr'><strong>quod</strong></span> <span class='ocrx_word' id='word_1_116' title='bbox 1525 981 1625 1008; x_wconf 74' lang='lat' dir='ltr'><strong>unco</strong></span> <span class='ocrx_word' id='word_1_117' title='bbox 1664 972 1826 1019; x_wconf 71' lang='lat' dir='ltr'><strong>arrepta</strong></span> 
     </span>
     <span class='ocr_line' id='line_1_13' title="bbox 273 1029 1824 1083; baseline -0.004 -9"><span class='ocrx_word' id='word_1_118' title='bbox 273 1035 393 1075; x_wconf 90' lang='lat' dir='ltr'><strong>sicuti</strong></span> <span class='ocrx_word' id='word_1_119' title='bbox 436 1033 583 1074; x_wconf 87' lang='lat' dir='ltr'><strong>Lucilii</strong></span> <span class='ocrx_word' id='word_1_120' title='bbox 625 1032 727 1073; x_wconf 84' lang='lat' dir='ltr'><strong>illud</strong></span> <span class='ocrx_word' id='word_1_121' title='bbox 763 1034 929 1073; x_wconf 70' lang='lat' dir='ltr'><strong>mancat</strong></span> <span class='ocrx_word' id='word_1_122' title='bbox 971 1033 1146 1083; x_wconf 84' lang='lat' dir='ltr'><strong>explicat</strong></span> <span class='ocrx_word' id='word_1_123' title='bbox 1182 1032 1306 1071; x_wconf 86' lang='lat' dir='ltr'><strong>Nonii</strong></span> <span class='ocrx_word' id='word_1_124' title='bbox 1345 1032 1500 1070; x_wconf 84' lang='lat' dir='ltr'><strong>auctor:</strong></span> <span class='ocrx_word' id='word_1_125' title='bbox 1545 1030 1732 1069; x_wconf 89' lang='lat' dir='ltr'><strong>similiter</strong></span> <span class='ocrx_word' id='word_1_126' title='bbox 1775 1029 1824 1068; x_wconf 88' lang='lat' dir='ltr'><strong>de</strong></span> 
     </span>
     <span class='ocr_line' id='line_1_14' title="bbox 273 1087 1822 1146; baseline -0.004 -12"><span class='ocrx_word' id='word_1_127' title='bbox 273 1095 443 1146; x_wconf 90' lang='lat' dir='ltr'><strong>piscium</strong></span> <span class='ocrx_word' id='word_1_128' title='bbox 469 1095 637 1146; x_wconf 86' lang='lat' dir='ltr'><strong>captura</strong></span> <span class='ocrx_word' id='word_1_129' title='bbox 662 1093 782 1144; x_wconf 88' lang='lat' dir='ltr'><strong>Apul.</strong></span> <span class='ocrx_word' id='word_1_130' title='bbox 810 1093 966 1146; x_wconf 82' lang='lat' dir='ltr'><strong>apolog.</strong></span> <span class='ocrx_word' id='word_1_131' title='bbox 989 1094 1045 1133; x_wconf 89' lang='lat'><strong>30</strong></span> <span class='ocrx_word' id='word_1_132' title='bbox 1073 1093 1170 1132; x_wconf 86' lang='lat' dir='ltr'><strong>extr.</strong></span> <span class='ocrx_word' id='word_1_133' title='bbox 1199 1089 1344 1131; x_wconf 86' lang='lat' dir='ltr'><strong>hamis</strong></span> <span class='ocrx_word' id='word_1_134' title='bbox 1369 1087 1626 1140; x_wconf 86' lang='lat' dir='ltr'><strong>inuncanda&#39;,</strong></span> <span class='ocrx_word' id='word_1_135' title='bbox 1650 1089 1777 1129; x_wconf 88' lang='lat' dir='ltr'><strong>florid.</strong></span> <span class='ocrx_word' id='word_1_136' title='bbox 1798 1091 1822 1128; x_wconf 86' lang='lat'>2</span> 
     </span>
     <span class='ocr_line' id='line_1_15' title="bbox 273 1120 1822 1206; baseline -0.004 -11"><span class='ocrx_word' id='word_1_137' title='bbox 273 1157 370 1195; x_wconf 88' lang='lat' dir='ltr'><strong>extr.</strong></span> <span class='ocrx_word' id='word_1_138' title='bbox 397 1155 444 1195; x_wconf 82' lang='lat' dir='ltr'><strong>de</strong></span> <span class='ocrx_word' id='word_1_139' title='bbox 470 1155 607 1205; x_wconf 85' lang='lat' dir='ltr'><strong>aquila</strong></span> <span class='ocrx_word' id='word_1_140' title='bbox 634 1151 754 1193; x_wconf 86' lang='lat' dir='ltr'><strong>‘unde</strong></span> <span class='ocrx_word' id='word_1_141' title='bbox 779 1153 981 1206; x_wconf 88' lang='lat' dir='ltr'><strong>unguibus</strong></span> <span class='ocrx_word' id='word_1_142' title='bbox 1006 1155 1170 1193; x_wconf 78' lang='lat' dir='ltr'><strong>inuncet</strong></span> <span class='ocrx_word' id='word_1_143' title='bbox 1194 1153 1260 1192; x_wconf 92' lang='lat' dir='ltr'><strong>uel</strong></span> <span class='ocrx_word' id='word_1_144' title='bbox 1286 1165 1463 1204; x_wconf 87' lang='lat' dir='ltr'><strong>agnum.</strong></span> <span class='ocrx_word' id='word_1_145' title='bbox 1505 1151 1598 1190; x_wconf 90' lang='lat' dir='ltr'><strong>.uel</strong></span> <span class='ocrx_word' id='word_1_146' title='bbox 1616 1120 1822 1202; x_wconf 81' lang='lat' dir='ltr'><strong>leporem&#39;.</strong></span> 
     </span>
     <span class='ocr_line' id='line_1_16' title="bbox 271 1182 1822 1267; baseline -0.004 -12"><span class='ocrx_word' id='word_1_147' title='bbox 271 1216 519 1255; x_wconf 86' lang='lat' dir='ltr'><strong>Faenerator</strong></span> <span class='ocrx_word' id='word_1_148' title='bbox 560 1215 688 1267; x_wconf 87' lang='lat' dir='ltr'><strong>igitur</strong></span> <span class='ocrx_word' id='word_1_149' title='bbox 729 1213 877 1253; x_wconf 88' lang='lat' dir='ltr'><strong>Lucilii</strong></span> <span class='ocrx_word' id='word_1_150' title='bbox 920 1215 1034 1253; x_wconf 74' lang='lat' dir='ltr'><strong>uncis</strong></span> <span class='ocrx_word' id='word_1_151' title='bbox 1077 1211 1211 1263; x_wconf 59' lang='lat' dir='ltr'><strong>digitis</strong></span> <span class='ocrx_word' id='word_1_152' title='bbox 1256 1207 1427 1266; x_wconf 84' lang='lat' dir='ltr'><strong>(Colum.</strong></span> <span class='ocrx_word' id='word_1_153' title='bbox 1460 1182 1538 1250; x_wconf 86' lang='lat' dir='ltr'><strong>VII</strong></span> <span class='ocrx_word' id='word_1_154' title='bbox 1569 1213 1641 1261; x_wconf 92' lang='grc'><strong>11,</strong></span> <span class='ocrx_word' id='word_1_155' title='bbox 1670 1204 1715 1264; x_wconf 90' lang='grc'>2)</span> <span class='ocrx_word' id='word_1_156' title='bbox 1758 1211 1822 1249; x_wconf 88' lang='lat' dir='ltr'><strong>ucl</strong></span> 
     </span>
     <span class='ocr_line' id='line_1_17' title="bbox 271 1268 1823 1329; baseline -0.005 -12.986"><span class='ocrx_word' id='word_1_157' title='bbox 271 1278 385 1316; x_wconf 79' lang='lat' dir='ltr'><strong>aneis</strong></span> <span class='ocrx_word' id='word_1_158' title='bbox 421 1276 606 1316; x_wconf 76' lang='lat' dir='ltr'><strong>manibus</strong></span> <span class='ocrx_word' id='word_1_159' title='bbox 638 1269 776 1329; x_wconf 90' lang='lat' dir='ltr'><strong>(Verg.</strong></span> <span class='ocrx_word' id='word_1_160' title='bbox 797 1274 896 1313; x_wconf 89' lang='lat' dir='ltr'><strong>Aen.</strong></span> <span class='ocrx_word' id='word_1_161' title='bbox 917 1274 975 1312; x_wconf 91' lang='lat' dir='ltr'><strong>VI</strong></span> <span class='ocrx_word' id='word_1_162' title='bbox 1002 1268 1108 1328; x_wconf 88' lang='grc'>360)</span> <span class='ocrx_word' id='word_1_163' title='bbox 1150 1274 1295 1325; x_wconf 84' lang='lat' dir='ltr'><strong>arripit</strong></span> <span class='ocrx_word' id='word_1_164' title='bbox 1331 1285 1533 1312; x_wconf 87' lang='lat' dir='ltr'><strong>nummos:</strong></span> <span class='ocrx_word' id='word_1_165' title='bbox 1578 1284 1823 1322; x_wconf 85' lang='lat' dir='ltr'><strong>quamquam</strong></span> 
     </span>
     <span class='ocr_line' id='line_1_18' title="bbox 272 1331 1822 1388; baseline -0.004 -12"><span class='ocrx_word' id='word_1_166' title='bbox 272 1338 394 1376; x_wconf 67' lang='lat' dir='ltr'><strong>tristis</strong></span> <span class='ocrx_word' id='word_1_167' title='bbox 424 1335 664 1375; x_wconf 86' lang='lat' dir='ltr'><strong>uocabulum</strong></span> <span class='ocrx_word' id='word_1_168' title='bbox 696 1333 972 1388; x_wconf 82' lang='grc' dir='ltr'><strong><em>στρυφνότητα</em></strong></span> <span class='ocrx_word' id='word_1_169' title='bbox 1003 1335 1263 1373; x_wconf 88' lang='grc'>11111111111113111</span> <span class='ocrx_word' id='word_1_170' title='bbox 1295 1333 1400 1384; x_wconf 89' lang='lat' dir='ltr'><strong>quod</strong></span> <span class='ocrx_word' id='word_1_171' title='bbox 1432 1332 1587 1372; x_wconf 87' lang='lat' dir='ltr'><strong>indicat</strong></span> <span class='ocrx_word' id='word_1_172' title='bbox 1616 1332 1745 1383; x_wconf 88' lang='lat' dir='ltr'><strong>magis</strong></span> <span class='ocrx_word' id='word_1_173' title='bbox 1772 1331 1822 1370; x_wconf 84' lang='lat' dir='ltr'><strong>ad</strong></span> 
     </span>
     <span class='ocr_line' id='line_1_19' title="bbox 272 1392 1823 1447; baseline -0.004 -11"><span class='ocrx_word' id='word_1_174' title='bbox 272 1397 530 1436; x_wconf 83' lang='lat' dir='ltr'><strong>tenacitatem</strong></span> <span class='ocrx_word' id='word_1_175' title='bbox 562 1397 740 1447; x_wconf 86' lang='lat' dir='ltr'><strong>spectare</strong></span> <span class='ocrx_word' id='word_1_176' title='bbox 773 1395 935 1434; x_wconf 87' lang='lat' dir='ltr'><strong>uidetur</strong></span> <span class='ocrx_word' id='word_1_177' title='bbox 966 1407 1087 1445; x_wconf 88' lang='lat' dir='ltr'><strong>quam</strong></span> <span class='ocrx_word' id='word_1_178' title='bbox 1119 1394 1169 1433; x_wconf 86' lang='lat' dir='ltr'><strong>ad</strong></span> <span class='ocrx_word' id='word_1_179' title='bbox 1200 1395 1467 1445; x_wconf 84' lang='lat' dir='ltr'><strong>rapacitatem</strong></span> <span class='ocrx_word' id='word_1_180' title='bbox 1499 1393 1630 1432; x_wconf 84' lang='lat' dir='ltr'><strong>auari:</strong></span> <span class='ocrx_word' id='word_1_181' title='bbox 1662 1392 1823 1431; x_wconf 86' lang='lat' dir='ltr'><strong>danista</strong></span> 
     </span>
     <span class='ocr_line' id='line_1_20' title="bbox 270 1451 1844 1509; baseline -0.003 -13"><span class='ocrx_word' id='word_1_182' title='bbox 270 1457 347 1496; x_wconf 87' lang='grc' dir='ltr'><strong>ΑΡ</strong></span> <span class='ocrx_word' id='word_1_183' title='bbox 372 1457 429 1496; x_wconf 85' lang='lat' dir='ltr'><strong>XI</strong></span> <span class='ocrx_word' id='word_1_184' title='bbox 457 1457 541 1496; x_wconf 83' lang='lat'><strong>289</strong></span> <span class='ocrx_word' id='word_1_185' title='bbox 574 1453 770 1507; x_wconf 82' lang='grc' dir='ltr'><strong><em>τέθνηκεν</em></strong></span> <span class='ocrx_word' id='word_1_186' title='bbox 801 1454 927 1503; x_wconf 81' lang='grc' dir='ltr'><em>εὐθὺς</em></span> <span class='ocrx_word' id='word_1_187' title='bbox 958 1453 1001 1495; x_wconf 82' lang='grc' dir='ltr'><strong>ἐν</strong></span> <span class='ocrx_word' id='word_1_188' title='bbox 1032 1455 1160 1509; x_wconf 76' lang='grc' dir='ltr'><strong>ρ”οπῆς</strong></span> <span class='ocrx_word' id='word_1_189' title='bbox 1191 1457 1315 1509; x_wconf 81' lang='grc' dir='ltr'><strong><em>καιρῷ</em></strong></span> <span class='ocrx_word' id='word_1_190' title='bbox 1354 1454 1496 1506; x_wconf 82' lang='grc' dir='ltr'><strong><em>βραχεῖ</em></strong></span> <span class='ocrx_word' id='word_1_191' title='bbox 1520 1451 1563 1492; x_wconf 79' lang='grc' dir='ltr'><strong>ἐν</strong></span> <span class='ocrx_word' id='word_1_192' title='bbox 1595 1451 1844 1492; x_wconf 70' lang='grc' dir='ltr'><strong>δακτύλοισι1</strong></span> 
     </span>
     <span class='ocr_line' id='line_1_21' title="bbox 271 1512 1627 1569; baseline -0.004 -12"><span class='ocrx_word' id='word_1_193' title='bbox 271 1516 363 1565; x_wconf 82' lang='grc' dir='ltr'><strong><em>τοὺς</em></strong></span> <span class='ocrx_word' id='word_1_194' title='bbox 394 1515 536 1564; x_wconf 83' lang='grc' dir='ltr'><strong><em>τόκους</em></strong></span> <span class='ocrx_word' id='word_1_195' title='bbox 567 1515 748 1569; x_wconf 78' lang='grc' dir='ltr'><strong><em>σφίγγων</em></strong></span> <span class='ocrx_word' id='word_1_196' title='bbox 779 1514 846 1555; x_wconf 77' lang='grc' dir='ltr'><strong>ἔτι,</strong></span> <span class='ocrx_word' id='word_1_197' title='bbox 906 1516 956 1555; x_wconf 84' lang='grc'><strong>111</strong></span> <span class='ocrx_word' id='word_1_198' title='bbox 981 1528 1072 1566; x_wconf 89' lang='lat' dir='ltr'><strong>app.</strong></span> <span class='ocrx_word' id='word_1_199' title='bbox 1099 1515 1186 1554; x_wconf 89' lang='lat' dir='ltr'><strong>crit.</strong></span> <span class='ocrx_word' id='word_1_200' title='bbox 1213 1514 1331 1553; x_wconf 85' lang='lat' dir='ltr'><strong>adde:</strong></span> <span class='ocrx_word' id='word_1_201' title='bbox 1364 1517 1434 1553; x_wconf 77' lang='lat' dir='ltr'><strong>aut</strong></span> <span class='ocrx_word' id='word_1_202' title='bbox 1459 1512 1494 1552; x_wconf 81' lang='lat' dir='ltr'>G</span> <span class='ocrx_word' id='word_1_203' title='bbox 1518 1516 1560 1553; x_wconf 83' lang='lat' dir='ltr'><strong>at</strong></span> <span class='ocrx_word' id='word_1_204' title='bbox 1582 1512 1627 1552; x_wconf 93' lang='lat' dir='ltr'><strong>L.</strong></span> 
     </span>
    </p>

    <p class='ocr_par' dir='ltr' id='par_1_4' title="bbox 391 1569 1821 1626">
     <span class='ocr_line' id='line_1_22' title="bbox 391 1569 1821 1626; baseline -0.003 -10"><span class='ocrx_word' id='word_1_205' title='bbox 391 1572 504 1618; x_wconf 87' lang='grc'><strong>493.</strong></span> <span class='ocrx_word' id='word_1_206' title='bbox 523 1577 678 1615; x_wconf 85' lang='lat' dir='ltr'><strong>Nonius</strong></span> <span class='ocrx_word' id='word_1_207' title='bbox 697 1589 734 1626; x_wconf 90' lang='lat' dir='ltr'><strong>p.</strong></span> <span class='ocrx_word' id='word_1_208' title='bbox 752 1577 790 1625; x_wconf 85' lang='lat'><strong>2,</strong></span> <span class='ocrx_word' id='word_1_209' title='bbox 807 1577 859 1614; x_wconf 92' lang='grc'><strong>27</strong></span> <span class='ocrx_word' id='word_1_210' title='bbox 877 1572 1057 1615; x_wconf 78' lang='lat' dir='ltr'><strong>‘Senium</strong></span> <span class='ocrx_word' id='word_1_211' title='bbox 1072 1606 1079 1613; x_wconf 94' lang='lat'><strong>.</strong></span> <span class='ocrx_word' id='word_1_212' title='bbox 1095 1606 1104 1614; x_wconf 89' lang='lat'><strong>.</strong></span> <span class='ocrx_word' id='word_1_213' title='bbox 1120 1606 1127 1613; x_wconf 92' lang='lat'><strong>.</strong></span> <span class='ocrx_word' id='word_1_214' title='bbox 1142 1574 1320 1614; x_wconf 89' lang='lat' dir='ltr'><strong>Lucilius</strong></span> <span class='ocrx_word' id='word_1_215' title='bbox 1336 1575 1564 1624; x_wconf 83' lang='lat' dir='ltr'><strong>satyrarum</strong></span> <span class='ocrx_word' id='word_1_216' title='bbox 1583 1573 1652 1612; x_wconf 92' lang='lat' dir='ltr'><strong>lib.</strong></span> <span class='ocrx_word' id='word_1_217' title='bbox 1663 1569 1821 1612; x_wconf 84' lang='lat' dir='ltr'><strong>XV“in</strong></span> 
     </span>
    </p>

    <p class='ocr_par' dir='ltr' id='par_1_5' title="bbox 268 1627 1822 2770">
     <span class='ocr_line' id='line_1_23' title="bbox 321 1627 1822 1688; baseline -0.003 -11.905"><span class='ocrx_word' id='word_1_218' title='bbox 321 1639 502 1688; x_wconf 80' lang='lat' dir='ltr'><strong>,primus</strong></span> <span class='ocrx_word' id='word_1_219' title='bbox 522 1636 728 1676; x_wconf 85' lang='lat' dir='ltr'><strong>trebellius</strong></span> <span class='ocrx_word' id='word_1_220' title='bbox 746 1637 887 1675; x_wconf 81' lang='lat' dir='ltr'><strong>maltos</strong></span> <span class='ocrx_word' id='word_1_221' title='bbox 907 1637 994 1675; x_wconf 77' lang='lat' dir='ltr'><strong>titos</strong></span> <span class='ocrx_word' id='word_1_222' title='bbox 1013 1636 1133 1675; x_wconf 71' lang='lat' dir='ltr'><strong>lacios</strong></span> <span class='ocrx_word' id='word_1_223' title='bbox 1151 1635 1374 1674; x_wconf 67' lang='lat' dir='ltr'><strong>narcesibai</strong></span> <span class='ocrx_word' id='word_1_224' title='bbox 1391 1633 1543 1673; x_wconf 86' lang='lat' dir='ltr'><strong>febris.</strong></span> <span class='ocrx_word' id='word_1_225' title='bbox 1583 1632 1703 1682; x_wconf 77' lang='lat' dir='ltr'><strong>.plas</strong></span> <span class='ocrx_word' id='word_1_226' title='bbox 1727 1627 1822 1687; x_wconf 75' lang='lat' dir='ltr'><strong>(pas</strong></span> 
     </span>
     <span class='ocr_line' id='line_1_24' title="bbox 272 1664 1820 1750; baseline -0.003 -14"><span class='ocrx_word' id='word_1_227' title='bbox 272 1668 368 1737; x_wconf 84' lang='grc'>011111</span> <span class='ocrx_word' id='word_1_228' title='bbox 399 1690 665 1750; x_wconf 87' lang='lat' dir='ltr'><strong>impressi)&#39;&#39;.’</strong></span> <span class='ocrx_word' id='word_1_229' title='bbox 729 1695 772 1734; x_wconf 93' lang='lat' dir='ltr'><strong>L</strong></span> <span class='ocrx_word' id='word_1_230' title='bbox 794 1695 984 1735; x_wconf 83' lang='lat' dir='ltr'><strong>Trebellii</strong></span> <span class='ocrx_word' id='word_1_231' title='bbox 1019 1708 1165 1735; x_wconf 91' lang='lat' dir='ltr'><strong>nomen</strong></span> <span class='ocrx_word' id='word_1_232' title='bbox 1202 1695 1381 1734; x_wconf 86' lang='lat' dir='ltr'><strong>restituit</strong></span> <span class='ocrx_word' id='word_1_233' title='bbox 1411 1664 1592 1733; x_wconf 77' lang='lat' dir='ltr'><strong>Andreas</strong></span> <span class='ocrx_word' id='word_1_234' title='bbox 1623 1693 1820 1732; x_wconf 86' lang='lat' dir='ltr'><strong>Dacerus:</strong></span> 
     </span>
     <span class='ocr_line' id='line_1_25' title="bbox 272 1748 1820 1809; baseline -0.003 -12"><span class='ocrx_word' id='word_1_235' title='bbox 272 1757 428 1797; x_wconf 85' lang='lat' dir='ltr'><strong>familia</strong></span> <span class='ocrx_word' id='word_1_236' title='bbox 458 1756 619 1796; x_wconf 85' lang='lat' dir='ltr'><strong>uidetur</strong></span> <span class='ocrx_word' id='word_1_237' title='bbox 650 1757 774 1795; x_wconf 84' lang='lat' dir='ltr'><strong>fuisse</strong></span> <span class='ocrx_word' id='word_1_238' title='bbox 806 1758 896 1796; x_wconf 90' lang='lat' dir='ltr'><strong>orta</strong></span> <span class='ocrx_word' id='word_1_239' title='bbox 920 1756 1129 1808; x_wconf 85' lang='lat' dir='ltr'><strong>Fregellis</strong></span> <span class='ocrx_word' id='word_1_240' title='bbox 1141 1750 1247 1809; x_wconf 89' lang='lat' dir='ltr'><strong>(Liu.</strong></span> <span class='ocrx_word' id='word_1_241' title='bbox 1273 1754 1408 1794; x_wconf 88' lang='lat' dir='ltr'><strong>XLIII</strong></span> <span class='ocrx_word' id='word_1_242' title='bbox 1435 1755 1504 1804; x_wconf 87' lang='lat'><strong>21,</strong></span> <span class='ocrx_word' id='word_1_243' title='bbox 1532 1748 1592 1809; x_wconf 85' lang='lat'><strong>2),</strong></span> <span class='ocrx_word' id='word_1_244' title='bbox 1619 1752 1820 1793; x_wconf 85' lang='lat' dir='ltr'><strong>Ciceronis</strong></span> 
     </span>
     <span class='ocr_line' id='line_1_26' title="bbox 271 1808 1819 1870; baseline -0.003 -13"><span class='ocrx_word' id='word_1_245' title='bbox 271 1818 450 1868; x_wconf 86' lang='lat' dir='ltr'><strong>aequalis</strong></span> <span class='ocrx_word' id='word_1_246' title='bbox 470 1819 556 1857; x_wconf 87' lang='lat' dir='ltr'><strong>erat</strong></span> <span class='ocrx_word' id='word_1_247' title='bbox 575 1816 618 1855; x_wconf 92' lang='lat' dir='ltr'><strong>L.</strong></span> <span class='ocrx_word' id='word_1_248' title='bbox 640 1816 862 1856; x_wconf 88' lang='lat' dir='ltr'><strong>Trebellius</strong></span> <span class='ocrx_word' id='word_1_249' title='bbox 882 1816 1023 1855; x_wconf 82' lang='lat' dir='ltr'><strong>aedilis</strong></span> <span class='ocrx_word' id='word_1_250' title='bbox 1050 1811 1180 1870; x_wconf 84' lang='lat' dir='ltr'><strong>(CIL</strong></span> <span class='ocrx_word' id='word_1_251' title='bbox 1193 1815 1253 1855; x_wconf 92' lang='lat' dir='ltr'><strong>VI</strong></span> <span class='ocrx_word' id='word_1_252' title='bbox 1280 1816 1394 1855; x_wconf 90' lang='grc'>1324</span> <span class='ocrx_word' id='word_1_253' title='bbox 1423 1814 1501 1854; x_wconf 88' lang='grc'>010.</span> <span class='ocrx_word' id='word_1_254' title='bbox 1522 1813 1625 1853; x_wconf 91' lang='lat' dir='ltr'><strong>Phil.</strong></span> <span class='ocrx_word' id='word_1_255' title='bbox 1646 1813 1704 1853; x_wconf 89' lang='lat' dir='ltr'><strong>VI</strong></span> <span class='ocrx_word' id='word_1_256' title='bbox 1733 1808 1819 1867; x_wconf 91' lang='grc'>11).</span> 
     </span>
     <span class='ocr_line' id='line_1_27' title="bbox 270 1875 1820 1930; baseline -0.003 -12"><span class='ocrx_word' id='word_1_257' title='bbox 270 1879 427 1918; x_wconf 75' lang='lat' dir='ltr'><strong>multost</strong></span> <span class='ocrx_word' id='word_1_258' title='bbox 471 1877 685 1930; x_wconf 85' lang='lat' dir='ltr'><strong>legendum</strong></span> <span class='ocrx_word' id='word_1_259' title='bbox 732 1889 815 1916; x_wconf 90' lang='lat' dir='ltr'><strong>esse</strong></span> <span class='ocrx_word' id='word_1_260' title='bbox 863 1876 969 1915; x_wconf 88' lang='lat' dir='ltr'><strong>uidit</strong></span> <span class='ocrx_word' id='word_1_261' title='bbox 1016 1876 1296 1915; x_wconf 87' lang='lat' dir='ltr'><strong>Lachmannus</strong></span> <span class='ocrx_word' id='word_1_262' title='bbox 1336 1875 1492 1915; x_wconf 87' lang='lat' dir='ltr'><strong>Lucret.</strong></span> <span class='ocrx_word' id='word_1_263' title='bbox 1519 1887 1659 1914; x_wconf 89' lang='lat' dir='ltr'><strong>comm.</strong></span> <span class='ocrx_word' id='word_1_264' title='bbox 1685 1888 1723 1925; x_wconf 91' lang='lat' dir='ltr'><strong>p.</strong></span> <span class='ocrx_word' id='word_1_265' title='bbox 1753 1875 1820 1913; x_wconf 90' lang='grc'><strong>66.</strong></span> 
     </span>
     <span class='ocr_line' id='line_1_28' title="bbox 270 1930 1820 1987; baseline -0.003 -9"><span class='ocrx_word' id='word_1_266' title='bbox 270 1930 515 1979; x_wconf 66' lang='grc' dir='ltr'><strong><em>πανοεὲεὶὂαὶ</em></strong></span> <span class='ocrx_word' id='word_1_267' title='bbox 569 1936 793 1986; x_wconf 87' lang='lat' dir='ltr'><strong>Leidensis,</strong></span> <span class='ocrx_word' id='word_1_268' title='bbox 849 1938 1070 1976; x_wconf 73' lang='lat' dir='ltr'><strong>narcesibai</strong></span> <span class='ocrx_word' id='word_1_269' title='bbox 1121 1936 1473 1987; x_wconf 84' lang='lat' dir='ltr'><strong>Guelferbytanus:</strong></span> <span class='ocrx_word' id='word_1_270' title='bbox 1529 1935 1634 1974; x_wconf 85' lang='lat' dir='ltr'><strong>unde</strong></span> <span class='ocrx_word' id='word_1_271' title='bbox 1690 1946 1820 1981; x_wconf 78' lang='lat' dir='ltr'><strong>narce,</strong></span> 
     </span>
     <span class='ocr_line' id='line_1_29' title="bbox 268 1991 1820 2052; baseline -0.002 -14"><span class='ocrx_word' id='word_1_272' title='bbox 268 2011 394 2038; x_wconf 77' lang='lat' dir='ltr'><strong>saeua</strong></span> <span class='ocrx_word' id='word_1_273' title='bbox 417 1997 491 2048; x_wconf 81' lang='lat' dir='ltr'><strong>i(s)</strong></span> <span class='ocrx_word' id='word_1_274' title='bbox 519 1992 629 2052; x_wconf 87' lang='lat' dir='ltr'><strong>(uide</strong></span> <span class='ocrx_word' id='word_1_275' title='bbox 655 1997 706 2036; x_wconf 85' lang='lat' dir='ltr'><strong>ad</strong></span> <span class='ocrx_word' id='word_1_276' title='bbox 736 1997 805 2036; x_wconf 94' lang='lat' dir='ltr'><strong>lib.</strong></span> <span class='ocrx_word' id='word_1_277' title='bbox 826 1997 862 2035; x_wconf 95' lang='lat' dir='ltr'><strong>V</strong></span> <span class='ocrx_word' id='word_1_278' title='bbox 887 2011 933 2044; x_wconf 62' lang='lat' dir='ltr'><strong>u.⁴</strong></span> <span class='ocrx_word' id='word_1_279' title='bbox 955 1991 1059 2051; x_wconf 88' lang='grc'>191)</span> <span class='ocrx_word' id='word_1_280' title='bbox 1091 1998 1306 2048; x_wconf 84' lang='lat' dir='ltr'><strong>temptaui:</strong></span> <span class='ocrx_word' id='word_1_281' title='bbox 1338 1997 1418 2035; x_wconf 85' lang='lat' dir='ltr'><strong>uiri</strong></span> <span class='ocrx_word' id='word_1_282' title='bbox 1445 1996 1554 2036; x_wconf 87' lang='lat' dir='ltr'><strong>docti</strong></span> <span class='ocrx_word' id='word_1_283' title='bbox 1578 2007 1820 2047; x_wconf 88' lang='lat' dir='ltr'><strong>proposuere</strong></span> 
     </span>
     <span class='ocr_line' id='line_1_30' title="bbox 270 2056 1821 2106; baseline -0.003 -8"><span class='ocrx_word' id='word_1_284' title='bbox 270 2071 365 2098; x_wconf 76' lang='lat' dir='ltr'><strong>nam</strong></span> <span class='ocrx_word' id='word_1_285' title='bbox 407 2061 526 2099; x_wconf 75' lang='lat' dir='ltr'><strong>scmat</strong></span> <span class='ocrx_word' id='word_1_286' title='bbox 568 2058 867 2106; x_wconf 85' lang='lat' dir='ltr'><strong>Lachmannus,</strong></span> <span class='ocrx_word' id='word_1_287' title='bbox 916 2070 1011 2096; x_wconf 76' lang='lat' dir='ltr'><strong>nam</strong></span> <span class='ocrx_word' id='word_1_288' title='bbox 1060 2059 1222 2097; x_wconf 75' lang='lat' dir='ltr'><strong>arcessit</strong></span> <span class='ocrx_word' id='word_1_289' title='bbox 1263 2057 1308 2097; x_wconf 91' lang='lat' dir='ltr'><strong>L.</strong></span> <span class='ocrx_word' id='word_1_290' title='bbox 1338 2056 1573 2105; x_wconf 90' lang='lat' dir='ltr'><strong>Muellerus,</strong></span> <span class='ocrx_word' id='word_1_291' title='bbox 1623 2056 1821 2095; x_wconf 78' lang='lat' dir='ltr'><strong>marcebat</strong></span> 
     </span>
     <span class='ocr_line' id='line_1_31' title="bbox 271 2115 1819 2169; baseline -0.002 -11"><span class='ocrx_word' id='word_1_292' title='bbox 271 2119 459 2169; x_wconf 86' lang='lat' dir='ltr'><strong>Dacerus,</strong></span> <span class='ocrx_word' id='word_1_293' title='bbox 477 2119 635 2158; x_wconf 77' lang='lat' dir='ltr'><strong>multost</strong></span> <span class='ocrx_word' id='word_1_294' title='bbox 653 2115 765 2165; x_wconf 77' lang='grc' dir='ltr'><em>ἕλκος</em></span> <span class='ocrx_word' id='word_1_295' title='bbox 784 2115 1029 2157; x_wconf 80' lang='grc' dir='ltr'><em>ἀκέσσασθαι</em></span> <span class='ocrx_word' id='word_1_296' title='bbox 1046 2117 1325 2167; x_wconf 89' lang='lat' dir='ltr'><strong>Buechelerus,</strong></span> <span class='ocrx_word' id='word_1_297' title='bbox 1343 2118 1518 2156; x_wconf 61' lang='lat' dir='ltr'><strong>nav-cesis</strong></span> <span class='ocrx_word' id='word_1_298' title='bbox 1538 2115 1819 2165; x_wconf 81' lang='lat' dir='ltr'><strong>Stowasserus,</strong></span> 
     </span>
     <span class='ocr_line' id='line_1_32' title="bbox 270 2176 1819 2228; baseline -0.001 -11"><span class='ocrx_word' id='word_1_299' title='bbox 270 2177 467 2219; x_wconf 75' lang='lat' dir='ltr'><strong>Arcesilai</strong></span> <span class='ocrx_word' id='word_1_300' title='bbox 498 2178 751 2217; x_wconf 86' lang='lat' dir='ltr'><strong>Ribbeckius.</strong></span> <span class='ocrx_word' id='word_1_301' title='bbox 785 2200 843 2204; x_wconf 97' lang='lat'><strong>—</strong></span> <span class='ocrx_word' id='word_1_302' title='bbox 879 2176 1023 2216; x_wconf 84' lang='lat' dir='ltr'><strong>Obruit</strong></span> <span class='ocrx_word' id='word_1_303' title='bbox 1054 2178 1254 2228; x_wconf 84' lang='lat' dir='ltr'><strong>hominem</strong></span> <span class='ocrx_word' id='word_1_304' title='bbox 1287 2178 1478 2217; x_wconf 89' lang='lat' dir='ltr'><strong>conuiciis</strong></span> <span class='ocrx_word' id='word_1_305' title='bbox 1510 2177 1648 2227; x_wconf 87' lang='lat' dir='ltr'><strong>poeta:</strong></span> <span class='ocrx_word' id='word_1_306' title='bbox 1686 2177 1819 2224; x_wconf 76' lang='lat' dir='ltr'><strong>febris,</strong></span> 
     </span>
     <span class='ocr_line' id='line_1_33' title="bbox 270 2233 1818 2289; baseline -0.002 -11"><span class='ocrx_word' id='word_1_307' title='bbox 270 2241 316 2278; x_wconf 90' lang='lat' dir='ltr'><strong>ut</strong></span> <span class='ocrx_word' id='word_1_308' title='bbox 353 2240 484 2278; x_wconf 87' lang='lat' dir='ltr'><strong>Plaut.</strong></span> <span class='ocrx_word' id='word_1_309' title='bbox 510 2237 652 2279; x_wconf 88' lang='lat' dir='ltr'><strong>Pseud.</strong></span> <span class='ocrx_word' id='word_1_310' title='bbox 681 2238 765 2277; x_wconf 87' lang='grc'><strong>643</strong></span> <span class='ocrx_word' id='word_1_311' title='bbox 804 2237 1009 2288; x_wconf 90' lang='lat' dir='ltr'><strong>Aristoph.</strong></span> <span class='ocrx_word' id='word_1_312' title='bbox 1038 2238 1156 2289; x_wconf 92' lang='lat' dir='ltr'><strong>Vesp.</strong></span> <span class='ocrx_word' id='word_1_313' title='bbox 1187 2239 1300 2277; x_wconf 89' lang='grc'>1037</span> <span class='ocrx_word' id='word_1_314' title='bbox 1340 2233 1418 2276; x_wconf 78' lang='grc' dir='ltr'><strong>ἀλλ’</strong></span> <span class='ocrx_word' id='word_1_315' title='bbox 1466 2233 1565 2288; x_wconf 86' lang='grc' dir='ltr'><strong>ὑπὲρ</strong></span> <span class='ocrx_word' id='word_1_316' title='bbox 1612 2234 1727 2288; x_wconf 83' lang='grc' dir='ltr'><strong><em>ὑμῶν</em></strong></span> <span class='ocrx_word' id='word_1_317' title='bbox 1764 2234 1818 2275; x_wconf 77' lang='grc' dir='ltr'><strong>ἔτι</strong></span> 
     </span>
     <span class='ocr_line' id='line_1_34' title="bbox 271 2293 1816 2350; baseline -0.002 -12"><span class='ocrx_word' id='word_1_318' title='bbox 271 2297 337 2338; x_wconf 77' lang='grc' dir='ltr'><strong>καὶ</strong></span> <span class='ocrx_word' id='word_1_319' title='bbox 374 2297 468 2339; x_wconf 87' lang='grc' dir='ltr'><strong><em>νυνὶ</em></strong></span> <span class='ocrx_word' id='word_1_320' title='bbox 498 2300 676 2350; x_wconf 79' lang='grc' dir='ltr'>πολεμεῖ,</span> <span class='ocrx_word' id='word_1_321' title='bbox 721 2297 846 2348; x_wconf 82' lang='grc' dir='ltr'><strong><em>φησίν</em></strong></span> <span class='ocrx_word' id='word_1_322' title='bbox 885 2312 923 2338; x_wconf 84' lang='grc' dir='ltr'><strong><em>τε</em></strong></span> <span class='ocrx_word' id='word_1_323' title='bbox 961 2293 1038 2349; x_wconf 82' lang='grc' dir='ltr'><strong><em>μετ’</em></strong></span> <span class='ocrx_word' id='word_1_324' title='bbox 1078 2297 1201 2338; x_wconf 79' lang='grc' dir='ltr'><strong><em>αὐτοῦ</em></strong></span> <span class='ocrx_word' id='word_1_325' title='bbox 1240 2300 1321 2346; x_wconf 86' lang='grc' dir='ltr'><strong><em>τοῖς</em></strong></span> <span class='ocrx_word' id='word_1_326' title='bbox 1361 2295 1545 2349; x_wconf 80' lang='grc' dir='ltr'><em>ἠπιάλοις</em></span> <span class='ocrx_word' id='word_1_327' title='bbox 1577 2295 1816 2349; x_wconf 83' lang='grc' dir='ltr'><em>ἐπιχειρῆσαι</em></span> 
     </span>
     <span class='ocr_line' id='line_1_35' title="bbox 271 2350 1816 2413; baseline -0.002 -14"><span class='ocrx_word' id='word_1_328' title='bbox 271 2357 437 2413; x_wconf 83' lang='grc' dir='ltr'><strong>πέρυσιν</strong></span> <span class='ocrx_word' id='word_1_329' title='bbox 467 2356 535 2398; x_wconf 86' lang='grc' dir='ltr'><strong>καὶ</strong></span> <span class='ocrx_word' id='word_1_330' title='bbox 565 2361 647 2405; x_wconf 84' lang='grc' dir='ltr'><strong><em>τοῖς</em></strong></span> <span class='ocrx_word' id='word_1_331' title='bbox 679 2360 908 2410; x_wconf 82' lang='grc' dir='ltr'><em>πυρετοῖσιν</em></span> <span class='ocrx_word' id='word_1_332' title='bbox 940 2358 979 2397; x_wconf 85' lang='grc' dir='ltr'><strong>οἳ</strong></span> <span class='ocrx_word' id='word_1_333' title='bbox 1007 2357 1101 2406; x_wconf 84' lang='grc' dir='ltr'><strong><em>τοὺς</em></strong></span> <span class='ocrx_word' id='word_1_334' title='bbox 1131 2355 1301 2411; x_wconf 80' lang='grc' dir='ltr'><strong><em>πατέρας</em></strong></span> <span class='ocrx_word' id='word_1_335' title='bbox 1329 2351 1356 2396; x_wconf 86' lang='grc' dir='ltr'><strong><em>τ’</em></strong></span> <span class='ocrx_word' id='word_1_336' title='bbox 1387 2350 1508 2410; x_wconf 80' lang='grc' dir='ltr'><em>ἦγχον</em></span> <span class='ocrx_word' id='word_1_337' title='bbox 1546 2356 1701 2409; x_wconf 82' lang='grc' dir='ltr'><strong><em>νύκτωρ</em></strong></span> <span class='ocrx_word' id='word_1_338' title='bbox 1739 2359 1816 2396; x_wconf 79' lang='grc' dir='ltr'><strong><em>κτλ</em></strong></span> 
     </span>
     <span class='ocr_line' id='line_1_36' title="bbox 272 2411 1817 2472; baseline -0.003 -12"><span class='ocrx_word' id='word_1_339' title='bbox 272 2442 326 2446; x_wconf 91' lang='grc'>-</span> <span class='ocrx_word' id='word_1_340' title='bbox 354 2421 506 2459; x_wconf 70' lang='lat' dir='ltr'><strong>senium</strong></span> <span class='ocrx_word' id='word_1_341' title='bbox 531 2413 815 2472; x_wconf 88' lang='lat' dir='ltr'><strong>(Buechelerus</strong></span> <span class='ocrx_word' id='word_1_342' title='bbox 841 2418 941 2457; x_wconf 89' lang='lat' dir='ltr'><strong>Mus.</strong></span> <span class='ocrx_word' id='word_1_343' title='bbox 968 2418 1092 2458; x_wconf 89' lang='lat' dir='ltr'><strong>Rhen.</strong></span> <span class='ocrx_word' id='word_1_344' title='bbox 1119 2418 1231 2457; x_wconf 91' lang='lat' dir='ltr'><strong>XLII</strong></span> <span class='ocrx_word' id='word_1_345' title='bbox 1259 2418 1372 2457; x_wconf 88' lang='grc'>1887</span> <span class='ocrx_word' id='word_1_346' title='bbox 1400 2431 1438 2468; x_wconf 92' lang='lat' dir='ltr'><strong>p.</strong></span> <span class='ocrx_word' id='word_1_347' title='bbox 1461 2411 1567 2470; x_wconf 84' lang='lat'>588)</span> <span class='ocrx_word' id='word_1_348' title='bbox 1593 2418 1817 2456; x_wconf 84' lang='lat' dir='ltr'><strong>conuicium</strong></span> 
     </span>
     <span class='ocr_line' id='line_1_37' title="bbox 271 2476 1818 2528; baseline -0.003 -9"><span class='ocrx_word' id='word_1_349' title='bbox 271 2482 319 2519; x_wconf 90' lang='lat' dir='ltr'><strong>ut</strong></span> <span class='ocrx_word' id='word_1_350' title='bbox 348 2481 486 2519; x_wconf 85' lang='lat' dir='ltr'><strong>incert.</strong></span> <span class='ocrx_word' id='word_1_351' title='bbox 512 2493 550 2518; x_wconf 92' lang='lat' dir='ltr'><strong>u.</strong></span> <span class='ocrx_word' id='word_1_352' title='bbox 574 2479 700 2518; x_wconf 89' lang='grc'>1117.</span> <span class='ocrx_word' id='word_1_353' title='bbox 741 2500 795 2504; x_wconf 91' lang='grc'><strong>-</strong></span> <span class='ocrx_word' id='word_1_354' title='bbox 834 2480 1024 2518; x_wconf 76' lang='lat' dir='ltr'><strong>uomitum</strong></span> <span class='ocrx_word' id='word_1_355' title='bbox 1061 2480 1106 2517; x_wconf 90' lang='lat' dir='ltr'><strong>ut</strong></span> <span class='ocrx_word' id='word_1_356' title='bbox 1143 2481 1321 2528; x_wconf 71' lang='lat' dir='ltr'><strong>sputum:</strong></span> <span class='ocrx_word' id='word_1_357' title='bbox 1358 2489 1485 2528; x_wconf 90' lang='lat' dir='ltr'><strong>neque</strong></span> <span class='ocrx_word' id='word_1_358' title='bbox 1524 2476 1629 2516; x_wconf 92' lang='lat' dir='ltr'><strong>enim</strong></span> <span class='ocrx_word' id='word_1_359' title='bbox 1661 2476 1712 2516; x_wconf 86' lang='lat' dir='ltr'><strong>ad</strong></span> <span class='ocrx_word' id='word_1_360' title='bbox 1737 2489 1818 2526; x_wconf 77' lang='lat' dir='ltr'><strong>pus</strong></span> 
     </span>
     <span class='ocr_line' id='line_1_38' title="bbox 270 2534 1814 2589; baseline -0.002 -11"><span class='ocrx_word' id='word_1_361' title='bbox 270 2541 332 2580; x_wconf 89' lang='lat' dir='ltr'><strong>est</strong></span> <span class='ocrx_word' id='word_1_362' title='bbox 361 2539 627 2580; x_wconf 87' lang='lat' dir='ltr'><strong>referendum:</strong></span> <span class='ocrx_word' id='word_1_363' title='bbox 659 2539 830 2577; x_wconf 80' lang='lat' dir='ltr'><strong>uomitus</strong></span> <span class='ocrx_word' id='word_1_364' title='bbox 861 2538 903 2577; x_wconf 89' lang='lat' dir='ltr'><strong>F.</strong></span> <span class='ocrx_word' id='word_1_365' title='bbox 930 2538 1077 2578; x_wconf 87' lang='lat' dir='ltr'><strong>Dousa.</strong></span> <span class='ocrx_word' id='word_1_366' title='bbox 1142 2535 1297 2589; x_wconf 81' lang='lat' dir='ltr'><strong>‘Rupili</strong></span> <span class='ocrx_word' id='word_1_367' title='bbox 1334 2550 1408 2588; x_wconf 92' lang='lat' dir='ltr'><strong>pus</strong></span> <span class='ocrx_word' id='word_1_368' title='bbox 1450 2539 1570 2588; x_wconf 88' lang='lat' dir='ltr'><strong>atque</strong></span> <span class='ocrx_word' id='word_1_369' title='bbox 1602 2534 1814 2576; x_wconf 88' lang='lat' dir='ltr'><strong>uenenum’</strong></span> 
     </span>
     <span class='ocr_line' id='line_1_39' title="bbox 271 2597 1817 2649; baseline -0.001 -11"><span class='ocrx_word' id='word_1_370' title='bbox 271 2600 367 2639; x_wconf 89' lang='lat' dir='ltr'><strong>Hor.</strong></span> <span class='ocrx_word' id='word_1_371' title='bbox 394 2613 507 2640; x_wconf 91' lang='lat' dir='ltr'><strong>serm.</strong></span> <span class='ocrx_word' id='word_1_372' title='bbox 533 2600 554 2639; x_wconf 91' lang='lat' dir='ltr'><strong>I</strong></span> <span class='ocrx_word' id='word_1_373' title='bbox 583 2601 619 2649; x_wconf 89' lang='grc'>7,</span> <span class='ocrx_word' id='word_1_374' title='bbox 650 2600 691 2637; x_wconf 89' lang='lat'><strong>1:</strong></span> <span class='ocrx_word' id='word_1_375' title='bbox 718 2599 813 2637; x_wconf 84' lang='lat' dir='ltr'><strong>conf</strong></span> <span class='ocrx_word' id='word_1_376' title='bbox 834 2598 959 2638; x_wconf 89' lang='lat' dir='ltr'><strong>Lucil.</strong></span> <span class='ocrx_word' id='word_1_377' title='bbox 987 2599 1054 2638; x_wconf 89' lang='lat' dir='ltr'><strong>lib.</strong></span> <span class='ocrx_word' id='word_1_378' title='bbox 1074 2599 1095 2638; x_wconf 97' lang='grc' dir='ltr'>Ι</span> <span class='ocrx_word' id='word_1_379' title='bbox 1120 2613 1156 2637; x_wconf 87' lang='grc'><strong>11.</strong></span> <span class='ocrx_word' id='word_1_380' title='bbox 1180 2599 1246 2637; x_wconf 87' lang='lat'><strong>44.</strong></span> <span class='ocrx_word' id='word_1_381' title='bbox 1304 2597 1442 2638; x_wconf 82' lang='lat' dir='ltr'><strong>Febris</strong></span> <span class='ocrx_word' id='word_1_382' title='bbox 1464 2598 1660 2649; x_wconf 85' lang='lat' dir='ltr'><strong>producta</strong></span> <span class='ocrx_word' id='word_1_383' title='bbox 1685 2598 1817 2649; x_wconf 90' lang='lat' dir='ltr'><strong>priore</strong></span> 
     </span>
     <span class='ocr_line' id='line_1_40' title="bbox 271 2658 1814 2710; baseline -0.003 -11"><span class='ocrx_word' id='word_1_384' title='bbox 271 2660 427 2710; x_wconf 84' lang='lat' dir='ltr'><strong>syllaba</strong></span> <span class='ocrx_word' id='word_1_385' title='bbox 458 2660 533 2699; x_wconf 87' lang='grc'>1130</span> <span class='ocrx_word' id='word_1_386' title='bbox 563 2671 701 2699; x_wconf 90' lang='lat' dir='ltr'><strong>uersus</strong></span> <span class='ocrx_word' id='word_1_387' title='bbox 739 2658 830 2698; x_wconf 87' lang='lat' dir='ltr'><strong>sede</strong></span> <span class='ocrx_word' id='word_1_388' title='bbox 867 2659 935 2698; x_wconf 86' lang='lat' dir='ltr'><strong>uix</strong></span> <span class='ocrx_word' id='word_1_389' title='bbox 973 2660 1109 2710; x_wconf 89' lang='lat' dir='ltr'><strong>posuit</strong></span> <span class='ocrx_word' id='word_1_390' title='bbox 1139 2658 1336 2699; x_wconf 88' lang='lat' dir='ltr'><strong>Lucilius:</strong></span> <span class='ocrx_word' id='word_1_391' title='bbox 1375 2658 1467 2698; x_wconf 87' lang='lat' dir='ltr'><strong>uide</strong></span> <span class='ocrx_word' id='word_1_392' title='bbox 1504 2658 1623 2697; x_wconf 87' lang='lat' dir='ltr'><strong>indic.</strong></span> <span class='ocrx_word' id='word_1_393' title='bbox 1649 2671 1814 2710; x_wconf 86' lang='lat' dir='ltr'><strong>gramm.</strong></span> 
     </span>
     <span class='ocr_line' id='line_1_41' title="bbox 271 2720 604 2770; baseline 0 -11"><span class='ocrx_word' id='word_1_394' title='bbox 271 2733 301 2759; x_wconf 93' lang='lat' dir='ltr'><strong>s.</strong></span> <span class='ocrx_word' id='word_1_395' title='bbox 320 2733 358 2759; x_wconf 92' lang='lat' dir='ltr'><strong>u.</strong></span> <span class='ocrx_word' id='word_1_396' title='bbox 383 2720 604 2770; x_wconf 86' lang='lat' dir='ltr'><strong>productio.</strong></span> 
     </span>
    </p>

    <p class='ocr_par' dir='ltr' id='par_1_6' title="bbox 391 2774 1815 2830">
     <span class='ocr_line' id='line_1_42' title="bbox 391 2774 1815 2830; baseline -0.001 -12"><span class='ocrx_word' id='word_1_397' title='bbox 391 2774 502 2820; x_wconf 81' lang='grc'><strong>495.</strong></span> <span class='ocrx_word' id='word_1_398' title='bbox 527 2779 684 2818; x_wconf 79' lang='lat' dir='ltr'><strong>Nonius</strong></span> <span class='ocrx_word' id='word_1_399' title='bbox 702 2793 740 2830; x_wconf 89' lang='lat' dir='ltr'><strong>p.</strong></span> <span class='ocrx_word' id='word_1_400' title='bbox 763 2781 862 2829; x_wconf 84' lang='lat'>536,</span> <span class='ocrx_word' id='word_1_401' title='bbox 882 2781 936 2819; x_wconf 82' lang='grc'><strong>28</strong></span> <span class='ocrx_word' id='word_1_402' title='bbox 960 2776 1128 2818; x_wconf 85' lang='lat' dir='ltr'><strong>‘Tunica</strong></span> <span class='ocrx_word' id='word_1_403' title='bbox 1150 2780 1211 2819; x_wconf 88' lang='lat' dir='ltr'><strong>est</strong></span> <span class='ocrx_word' id='word_1_404' title='bbox 1229 2779 1514 2818; x_wconf 87' lang='lat' dir='ltr'><strong>uestimentum</strong></span> <span class='ocrx_word' id='word_1_405' title='bbox 1534 2778 1619 2817; x_wconf 86' lang='lat' dir='ltr'><strong>sine</strong></span> <span class='ocrx_word' id='word_1_406' title='bbox 1637 2777 1815 2817; x_wconf 85' lang='lat' dir='ltr'><strong>manicis.</strong></span> 
     </span>
    </p>

    <p class='ocr_par' dir='ltr' id='par_1_7' title="bbox 264 2835 1815 3070">
     <span class='ocr_line' id='line_1_43' title="bbox 303 2835 1815 2888; baseline -0.001 -10"><span class='ocrx_word' id='word_1_407' title='bbox 303 2870 310 2877; x_wconf 92' lang='lat'><strong>.</strong></span> <span class='ocrx_word' id='word_1_408' title='bbox 333 2869 340 2878; x_wconf 89' lang='lat'><strong>.</strong></span> <span class='ocrx_word' id='word_1_409' title='bbox 366 2839 473 2878; x_wconf 85' lang='lat' dir='ltr'><strong>idem</strong></span> <span class='ocrx_word' id='word_1_410' title='bbox 503 2838 572 2878; x_wconf 91' lang='lat' dir='ltr'><strong>lib.</strong></span> <span class='ocrx_word' id='word_1_411' title='bbox 597 2839 672 2877; x_wconf 90' lang='lat' dir='ltr'><strong>XV</strong></span> <span class='ocrx_word' id='word_1_412' title='bbox 705 2836 814 2879; x_wconf 84' lang='lat' dir='ltr'><strong>“scit</strong></span> <span class='ocrx_word' id='word_1_413' title='bbox 837 2842 1015 2888; x_wconf 73' lang='lat' dir='ltr'><strong>poeticon</strong></span> <span class='ocrx_word' id='word_1_414' title='bbox 1041 2845 1048 2877; x_wconf 77' lang='lat'><strong>¹.</strong></span> <span class='ocrx_word' id='word_1_415' title='bbox 1072 2870 1078 2877; x_wconf 95' lang='lat'><strong>.</strong></span> <span class='ocrx_word' id='word_1_416' title='bbox 1101 2870 1108 2877; x_wconf 96' lang='lat'><strong>.</strong></span> <span class='ocrx_word' id='word_1_417' title='bbox 1135 2838 1308 2878; x_wconf 78' lang='lat' dir='ltr'><strong>twnicam</strong></span> <span class='ocrx_word' id='word_1_418' title='bbox 1335 2869 1342 2876; x_wconf 95' lang='lat'><strong>.</strong></span> <span class='ocrx_word' id='word_1_419' title='bbox 1364 2869 1372 2876; x_wconf 91' lang='lat'><strong>.</strong></span> <span class='ocrx_word' id='word_1_420' title='bbox 1394 2869 1401 2876; x_wconf 92' lang='lat'><strong>.</strong></span> <span class='ocrx_word' id='word_1_421' title='bbox 1429 2835 1542 2877; x_wconf 87' lang='lat' dir='ltr'><strong>sit&#39;’.&#39;</strong></span> <span class='ocrx_word' id='word_1_422' title='bbox 1599 2837 1815 2876; x_wconf 86' lang='lat' dir='ltr'><strong>Muellerus</strong></span> 
     </span>
     <span class='ocr_line' id='line_1_44' title="bbox 264 2897 1814 2950; baseline -0.001 -12"><span class='ocrx_word' id='word_1_423' title='bbox 264 2899 456 2948; x_wconf 75' lang='lat' dir='ltr'><strong>poleticon</strong></span> <span class='ocrx_word' id='word_1_424' title='bbox 499 2899 731 2949; x_wconf 87' lang='lat' dir='ltr'><strong>scripserat,</strong></span> <span class='ocrx_word' id='word_1_425' title='bbox 776 2899 882 2950; x_wconf 87' lang='lat' dir='ltr'><strong>quod</strong></span> <span class='ocrx_word' id='word_1_426' title='bbox 924 2900 1031 2937; x_wconf 80' lang='lat' dir='ltr'><strong>recte</strong></span> <span class='ocrx_word' id='word_1_427' title='bbox 1067 2899 1221 2937; x_wconf 83' lang='lat' dir='ltr'><strong>refutat</strong></span> <span class='ocrx_word' id='word_1_428' title='bbox 1257 2897 1440 2937; x_wconf 90' lang='lat' dir='ltr'><strong>Kellerus</strong></span> <span class='ocrx_word' id='word_1_429' title='bbox 1478 2898 1521 2935; x_wconf 91' lang='lat' dir='ltr'><strong>in</strong></span> <span class='ocrx_word' id='word_1_430' title='bbox 1558 2897 1658 2936; x_wconf 88' lang='lat' dir='ltr'><strong>Mus.</strong></span> <span class='ocrx_word' id='word_1_431' title='bbox 1690 2897 1814 2936; x_wconf 89' lang='lat' dir='ltr'><strong>Rhen.</strong></span> 
     </span>
     <span class='ocr_line' id='line_1_45' title="bbox 272 2956 1815 3009; baseline -0.002 -11"><span class='ocrx_word' id='word_1_432' title='bbox 272 2959 403 2998; x_wconf 90' lang='lat' dir='ltr'><strong>XXXI</strong></span> <span class='ocrx_word' id='word_1_433' title='bbox 432 2959 544 2998; x_wconf 89' lang='grc'>1876</span> <span class='ocrx_word' id='word_1_434' title='bbox 577 2972 616 3009; x_wconf 87' lang='grc'><strong>1).</strong></span> <span class='ocrx_word' id='word_1_435' title='bbox 640 2959 742 3007; x_wconf 82' lang='grc'>143;</span> <span class='ocrx_word' id='word_1_436' title='bbox 775 2960 845 3009; x_wconf 91' lang='lat' dir='ltr'><strong>qui</strong></span> <span class='ocrx_word' id='word_1_437' title='bbox 868 2960 1067 3008; x_wconf 76' lang='lat' dir='ltr'><strong>poeeticon</strong></span> <span class='ocrx_word' id='word_1_438' title='bbox 1098 2958 1150 2996; x_wconf 87' lang='lat' dir='ltr'><strong>ad</strong></span> <span class='ocrx_word' id='word_1_439' title='bbox 1184 2959 1321 3008; x_wconf 88' lang='lat' dir='ltr'><strong>poesin</strong></span> <span class='ocrx_word' id='word_1_440' title='bbox 1359 2957 1481 2996; x_wconf 87' lang='lat' dir='ltr'><strong>refert</strong></span> <span class='ocrx_word' id='word_1_441' title='bbox 1522 2959 1562 2996; x_wconf 88' lang='lat' dir='ltr'><strong>et</strong></span> <span class='ocrx_word' id='word_1_442' title='bbox 1592 2956 1667 2996; x_wconf 92' lang='lat' dir='ltr'><strong>hoc</strong></span> <span class='ocrx_word' id='word_1_443' title='bbox 1697 2957 1815 2996; x_wconf 86' lang='lat' dir='ltr'><strong>modo</strong></span> 
     </span>
     <span class='ocr_line' id='line_1_46' title="bbox 272 3017 1813 3070; baseline -0.001 -13"><span class='ocrx_word' id='word_1_444' title='bbox 272 3020 577 3070; x_wconf 84' lang='lat' dir='ltr'><strong>interpretatur:</strong></span> <span class='ocrx_word' id='word_1_445' title='bbox 610 3018 691 3058; x_wconf 87' lang='lat' dir='ltr'><strong>Der</strong></span> <span class='ocrx_word' id='word_1_446' title='bbox 722 3019 854 3058; x_wconf 88' lang='lat' dir='ltr'><strong>Weise</strong></span> <span class='ocrx_word' id='word_1_447' title='bbox 888 3018 989 3057; x_wconf 88' lang='lat' dir='ltr'><strong>weiss</strong></span> <span class='ocrx_word' id='word_1_448' title='bbox 1015 3018 1227 3057; x_wconf 85' lang='lat' dir='ltr'><strong>Wahrheit</strong></span> <span class='ocrx_word' id='word_1_449' title='bbox 1257 3017 1335 3057; x_wconf 89' lang='lat' dir='ltr'><strong>und</strong></span> <span class='ocrx_word' id='word_1_450' title='bbox 1370 3017 1577 3068; x_wconf 87' lang='lat' dir='ltr'><strong>Dichtung</strong></span> <span class='ocrx_word' id='word_1_451' title='bbox 1608 3031 1654 3055; x_wconf 78' lang='lat' dir='ltr'><strong>zu</strong></span> <span class='ocrx_word' id='word_1_452' title='bbox 1682 3019 1813 3057; x_wconf 82' lang='lat' dir='ltr'><strong>unter-</strong></span> 
     </span>
    </p>
   </div>
  </div>
 </body>
</html>
