2060 3444
0 3407 26 3444 'n

717 251 848 288 ineert.
875 250 939 287 sed
979 263 1013 287 u.
1045 253 1290 287 1155—1160.
1694 250 1781 294 367

234 369 276 406 et
306 378 405 406 uasa
434 361 759 404 uindemiatoria'
787 362 884 416 (VH
915 378 953 415 p.
983 366 1081 414 103,
1109 359 1216 419 9K).
1273 365 1377 404 Vino
1408 365 1535 417 igitur
1565 365 1629 403 illi
1655 378 1784 415 neque

234 425 410 466 torcular
452 438 580 475 neque
625 437 760 465 saccus
804 426 1020 475 quicquam
1063 425 1218 464 demere
1262 424 1412 475 potuit,
1457 437 1700 475 quamquam
1744 426 1783 463 et

233 486 388 538 'prelum
428 484 551 525 subiit
588 487 629 524 et
666 497 841 525 saccum:
881 484 1024 524 bibunt
1067 485 1171 524 asoti
1214 485 1278 523 illi
1320 497 1443 523 uuam
1487 497 1638 523 meram
1682 498 1784 535 quae

234 559 360 597 neque
398 545 509 596 prelo
550 557 677 596 neque
714 557 828 584 sacco
866 546 919 584 sit
956 547 1027 583 aut
1064 544 1216 584 domita
1253 546 1325 583 aut
1365 544 1504 584 fracta.
1572 544 1694 583 Libro
1726 544 1784 583 IV

234 605 448 657 adscripsit
478 604 615 644 Dousa
652 617 741 644 cum
778 604 945 655 reliquis
985 605 1131 656 capitis
1170 604 1348 643 Tulliani
1386 604 1639 656 fragmentis:
1683 618 1785 655 quae

235 667 271 705 si
314 678 361 705 ex
404 665 543 705 eodem
585 664 688 705 libro
708 661 863 705 *omnia
901 666 1060 716 sumpta
1099 677 1183 705 esse
1220 664 1428 715 probabile
1470 663 1564 714 erit,
1595 664 1785 704 libentius

234 725 302 765 lib.
322 725 361 764 V
391 725 681 777 adscripserim.

358 780 500 826 1156.
534 785 687 825 Nonius
725 798 771 824 ex
809 785 1070 838 grammatico
1112 799 1150 836 p.
1173 786 1277 835 509,
1305 786 1361 824 24
1401 781 1610 825 ‘Disertim
1654 785 1784 824 dicere

234 843 304 898 <id
335 842 417 898 est>
453 845 571 896 plane
608 845 745 896 palam
781 844 937 884 Lucilio
974 841 1039 898 <et
1073 842 1246 897 Titinio>
1283 846 1446 885 auctore
1486 857 1697 896 possumus
1742 845 1785 884 in

234 902 471 946 Veliterna'.
540 905 814 956 Supplendum
857 906 989 945 locum
1034 918 1117 945 esse
1159 905 1407 956 probabilius
1452 905 1626 944 arbitror
1663 917 1785 956 quam

235 965 470 1018 corrigenda
500 966 659 1017 singula
690 965 823 1005 uerba.

358 1020 502 1066 1157.
534 1026 692 1066 Nonius
723 1038 770 1064 ex
801 1027 1063 1078 grammatico
1096 1039 1134 1076 p.
1155 1026 1254 1075 449,
1282 1026 1336 1064 25
1374 1022 1566 1065 ‘Interfici
1591 1027 1632 1064 et
1657 1025 1786 1065 occidi

224 1088 276 1126 ret
325 1086 562 1125 inanimalia
610 1087 767 1125 ueteres
816 1098 932 1137 posse
984 1085 1210 1125 uehementi
1262 1086 1504 1125 auctoritate
1553 1088 1784 1136 posuerunt.

237 1146 508 1186 ...Lucilius
554 1142 730 1185 “durum
767 1146 886 1185 molle
929 1158 1067 1195 uoras,
1110 1146 1338 1197 fragmenta
1379 1146 1562 1194 interficit
1603 1142 1784 1197 panis''.'

235 1206 379 1245 durum
409 1206 529 1245 molle
562 1218 690 1256 uoras,
723 1206 944 1256 asyndeton
976 1208 1022 1244 ut
1051 1205 1185 1245 Plaut.
1212 1206 1321 1245 Trin.
1350 1206 1436 1245 360
1466 1202 1580 1256 ‘quin
1612 1206 1786 1245 comedit

236 1266 340 1317 quod
384 1266 463 1305 fuit
507 1266 613 1316 quod
654 1279 736 1306 non
778 1263 885 1316 fuit',
928 1266 1154 1318 fragmenta
1195 1267 1311 1316 panis
1354 1265 1511 1306 Plinius
1558 1266 1658 1305 dicit
1700 1268 1782 1305 nat.

234 1326 402 1366 hist.IX
429 1326 502 1378 25,
536 1325 611 1365 ΑΡ
635 1326 693 1365 XI
722 1327 823 1376 153,
851 1327 875 1365 3
914 1324 965 1365 ἂν
1004 1323 1046 1365 δὲ
1090 1325 1348 1381 παραρπάζῃς
1390 1323 1535 1379 ἄρτους
1581 1324 1647 1365 καὶ
1690 1326 1784 1366 κλά-

235 1381 343 1439 σματ’
388 1384 563 1434 ἀναιδῶς
605 1384 713 1439 κάγὼ
757 1385 908 1440 ῥάβδον
951 1384 1043 1438 ἔχω,
1087 1384 1153 1425 καὶ
1196 1383 1238 1425 σὲ
1283 1383 1440 1439 λέγουσι
1483 1385 1620 1437 Κύνα,
1666 1387 1784 1426 homo

235 1446 418 1486 sordidus
455 1444 755 1500 ἀπομαγδαλιὰς
789 1449 948 1486 σιτεῖται
987 1445 1115 1499 ὥσπερ
1147 1446 1257 1486 κύων
1288 1446 1492 1497 Aristoph.
1520 1446 1658 1497 Equit.
1684 1448 1784 1485 414.

234 1506 317 1559 Agi
346 1506 508 1546 uidetur
539 1506 587 1545 de
618 1506 824 1555 meretrice
852 1508 991 1546 uoraci
1021 1506 1133 1546 cuius
1161 1503 1314 1546 ‘dentes
1339 1507 1406 1546 uel
1431 1507 1585 1546 silicem
1611 1519 1785 1546 comesse

236 1563 420 1617 possunt’
455 1565 600 1605 Catull.
629 1568 698 1616 23,
724 1568 769 1605 4:
801 1567 958 1606 Terent.
986 1566 1087 1605 Eun.
1117 1567 1201 1605 938
1237 1563 1374 1617 ‘quam
1410 1567 1644 1607 inhonestae
1676 1568 1785 1607 solae

237 1627 319 1666 sint
355 1627 464 1666 domi
500 1628 622 1677 atque
659 1626 802 1666 auidae
840 1627 920 1666 cibi
958 1639 1037 1677 quo
1074 1629 1193 1677 pacto
1229 1639 1276 1665 ex
1306 1627 1393 1666 iure
1424 1627 1609 1668 hesterno
1641 1640 1785 1678 panem

238 1689 371 1726 atrum
412 1683 589 1736 uorent’,
633 1687 820 1725 meretrix
869 1685 1196 1739 ὑπερεμφορεῖται
1245 1691 1315 1726 τοῦ
1365 1684 1474 1737 ὄψου
1518 1685 1786 1740 ἀπειροκάλως

236 1746 400 1786 Lucian.
421 1746 567 1798 dialog.
587 1748 744 1786 meretr.
767 1747 806 1796 6,
827 1747 871 1786 3:
892 1746 940 1786 de
958 1747 1146 1795 interficis
1165 1747 1258 1786 uide
1277 1747 1330 1786 ad
1347 1746 1415 1786 lib.
1435 1746 1611 1786 XXVIII
1629 1761 1667 1786 u.
1688 1749 1784 1787 770.

362 1801 504 1847 1158.
535 1806 759 1858 Porphyrio
791 1806 843 1846 ad
873 1806 1034 1846 Horatii
1065 1819 1178 1853 serm.
1200 1807 1220 1845 I
1247 1809 1285 1856 6,
1314 1808 1396 1846 117
1433 1803 1596 1847 ‘Adstat
1623 1807 1785 1847 echinus

237 1867 330 1907 uilis
369 1880 458 1907 cum
488 1870 634 1917 patera
671 1861 733 1920 (p.
747 1870 908 1916 praeter
945 1861 1076 1920 codd).
1139 1867 1334 1906 Echinum
1376 1866 1553 1906 Lucilius
1586 1867 1641 1907 sic
1672 1867 1786 1917 dixit,

239 1928 356 1978 quasi
398 1923 611 1979 scorte<a>
654 1927 836 1978 ampulla
880 1927 950 1976 sit,
990 1929 1036 1965 ut
1080 1939 1169 1966 cum
1213 1927 1273 1966 ait
1317 1924 1506 1967 “echinus
1550 1929 1787 1967 chinmtbam

239 1982 483 2041 (chimabam
530 1987 562 2026 P
619 1988 827 2027 cinnabari
882 1981 1086 2039 Scaliger)
1141 1988 1306 2035 infectas
1368 1981 1554 2042 (infectus
1610 1982 1730 2042 editt)
1744 1985 1784 2026 ''.

241 2047 318 2087 Hic
348 2049 484 2086 tamen
514 2048 686 2086 uitream
718 2047 938 2098 ampullam
968 2047 1200 2098 intellegere
1231 2045 1445 2086 debemus'.
1508 2047 1618 2087 Vasa
1656 2049 1786 2087 uitrea

239 2120 339 2147 saec.
364 2107 482 2146 XVII
512 2109 552 2146 et
582 2107 719 2146 XVIII
751 2120 853 2158 quae
886 2107 1016 2146 echini
1047 2107 1072 2145 i.
1099 2120 1131 2146 e.
1163 2107 1249 2158 Igel
1275 2108 1531 2146 nominentur
1556 2109 1800 2149 etiamnunc.

239 2169 525 2207 conseruantur
555 2167 684 2206 ueluti
724 2167 766 2206 in
804 2168 941 2207 Museo
981 2167 1309 2207 Vratislauiensi:
1353 2168 1400 2206 de
1445 2168 1583 2207 echino
1627 2170 1787 2207 nomine

239 2239 427 2267 uasorum
471 2226 712 2266 Graecorum
755 2227 847 2266 uide
891 2226 1174 2266 Schneiderum
1227 2227 1279 2266 ad
1323 2226 1478 2266 Gallim.
1510 2228 1652 2279 fragm.
1688 2229 1786 2272 250.

241 2286 420 2339 Scaliger
450 2286 610 2337 scripsit
641 2288 798 2327 echinus
822 2288 1030 2326 cinnabari
1060 2287 1244 2335 infectus:
1275 2289 1320 2326 at
1344 2289 1540 2327 scorteam
1566 2288 1787 2340 ampullam

239 2347 493 2398 potissimum
523 2346 648 2386 minio
679 2346 787 2386 infici
818 2348 981 2386 minime
1014 2348 1326 2386 consentaneum
1349 2347 1522 2397 uidetur,
1553 2348 1655 2387 nihil
1681 2350 1787 2387 enim

239 2407 425 2458 prohibet
466 2407 594 2446 ueluti
636 2407 798 2447 fictilem
840 2407 1059 2458 ampullam
1095 2407 1215 2446 rubro
1253 2407 1383 2446 colore
1420 2407 1538 2446 infici.
1609 2407 1787 2448 Comme-

240 2469 372 2507 morat
426 2468 599 2506 scorteas
655 2467 853 2518 ampullas
911 2466 1018 2506 Plut.
1061 2465 1159 2506 Sull.
1203 2467 1256 2506 13
1307 2472 1387 2506 τῶν
1436 2465 1667 2520 ἀνθρώπων

241 2525 478 2579 ὑποδήματα
518 2523 560 2566 δὲ
597 2525 663 2566 καὶ
703 2526 911 2579 ληκύθους
941 2525 1075 2578 ἑφθὰς
1103 2525 1325 2567 ἐσθιόντων
1355 2522 1505 2582 (Plaut.
1532 2527 1633 2566 Rud.
1663 2523 1786 2582 756):

242 2587 338 2626 conf
374 2586 545 2637 Appian.
570 2586 670 2626 Iber.
699 2588 766 2626 96.
841 2586 922 2626 Vbi
970 2587 1134 2627 uascula
1182 2587 1332 2627 olearia
1381 2587 1570 2627 uidentur
1619 2601 1786 2628 comme-

242 2647 392 2686 morari
421 2646 541 2686 sicuti
572 2646 679 2697 apud
702 2647 920 2687 Lucilium:
950 2647 1044 2686 Isid.
1071 2647 1170 2699 orig.
1196 2647 1270 2686 XX
1298 2650 1336 2697 7,
1364 2649 1386 2686 1
1423 2644 1593 2687 ‘scortea
1625 2649 1685 2688 est
1714 2662 1787 2688 uas

243 2706 436 2746 olearium
485 2718 531 2746 eo
581 2706 688 2757 quod
730 2708 784 2746 sit
832 2719 879 2746 ex
922 2707 1028 2747 corio
1069 2704 1249 2747 dictum'.
1322 2707 1462 2747 Potest
1506 2708 1663 2748 ecbertus
1702 2721 1786 2748 esse

245 2765 494 2805 accusatiuus
531 2766 716 2817 pluralis,
759 2780 780 2806 e
823 2767 1058 2807 chinmabam
1099 2767 1378 2818 imperfectum
1420 2769 1467 2806 ut
1506 2769 1787 2808 concinnabam

244 2826 404 2865 restitui
432 2826 492 2864 ita
522 2826 569 2864 ut
598 2826 788 2876 loquatur
818 2827 1081 2876 ampullarius
1112 2821 1225 2881 (conf
1255 2827 1385 2866 Plaut.
1411 2827 1437 2866 1.
1458 2839 1487 2866 s.
1507 2821 1569 2882 s.).

367 2879 511 2925 1160.
541 2884 670 2924 Varro
713 2885 780 2925 de=
803 2886 944 2938 lingua
985 2886 1133 2925 Latina
1157 2886 1195 2924 V
1221 2887 1278 2926 80
1323 2883 1505 2926 ‘Praetor
1545 2886 1674 2926 dictus
1718 2887 1787 2937 qui

244 2945 420 2995 praeiret
454 2945 542 2983 iure
579 2946 619 2983 et
656 2946 840 2984 exercitu.
903 2958 928 2984 a
965 2958 1045 2995 quo
1081 2946 1123 2984 id
1163 2940 1239 2999 (ait
1277 2940 1576 3000 Lachmannus)
1609 2945 1786 2987 Lucilius

246 3000 374 3056 “ergo
404 3005 635 3056 praetorum
662 3006 723 3044 est
754 3007 846 3044 ante
878 3006 919 3044 et
941 3001 1136 3055 preire''.'
1200 3005 1481 3058 Apopthegma
1511 3006 1673 3046 uidetur
1703 3019 1787 3047 esse
