2060 3444
782 285 903 321 XXVI
928 298 963 320 u.
992 288 1194 321 ece-673.
1566 254 1567 257 Ἴ
1643 299 1650 306 ·
1680 282 1768 324 245

216 416 255 454 p.
281 402 328 442 R.
356 395 434 457 (ed.
464 394 598 455 1886)
624 414 662 451 p.
693 400 791 439 165.
835 398 892 438 At
915 399 1131 450 repetitum
1157 397 1334 439 seruaui:
1364 398 1455 437 Hor.
1477 411 1591 438 serm.
1610 397 1632 437 I
1653 398 1690 448 3,
1714 398 1768 437 32

220 460 280 514 ‘at
310 463 371 503 est
400 461 540 509 bonus,
571 462 619 500 ut
649 461 791 500 melior
822 462 887 499 uir
917 473 998 499 non
1031 460 1134 499 alius
1168 460 1393 510 quisquam,
1425 460 1469 498 at
1499 458 1578 498 tibi
1606 459 1769 508 amicus,

219 525 262 563 at
291 523 498 576 ingenium
528 523 669 573 ingens
701 521 852 560 inculto
884 521 987 560 latet
1017 520 1091 559 hoc
1124 519 1196 559 sub
1229 516 1422 571 corpore'.

339 576 451 622 671.
483 582 639 621 Nonius
665 596 702 632 p.
732 582 799 631 38,
827 582 853 620 4
882 578 1189 631 ‘Scripturarios
1214 581 1370 619 ueteres
1397 591 1496 630 quos
1523 591 1629 618 nunc
1653 579 1769 618 tabu-

217 643 339 683 larios
378 643 546 682 dicimus
587 642 667 681 dici
705 642 864 684 uolunt.
894 673 900 680 .
930 673 937 680 .
966 673 973 680 .
1000 641 1179 680 Lucilius
1210 641 1279 679 lib.
1306 639 1439 679 XXVI
1484 636 1771 689 “publicanum

218 717 312 744 uero
340 735 348 742 .
376 735 383 742 .
412 735 419 742 .
445 706 490 742 ut
519 698 865 754 scripturarius’'.'
928 701 1040 741 Idem
1066 715 1103 752 p.
1133 701 1232 752 351,
1261 702 1283 740 7
1320 697 1510 751 ‘Mutare,
1550 700 1661 740 aliud
1697 713 1769 751 pro

219 765 299 805 alio
332 765 523 815 accipere.
585 762 765 802 Lucilius
797 762 866 802 lib.
893 762 1026 801 XXVI
1059 759 1330 813 “publicanus
1359 793 1365 799 .
1395 792 1401 800 .
1430 793 1438 800 .
1463 762 1563 810 fiam
1600 761 1770 812 scriptu-

216 825 348 866 rarius
370 856 376 863 .
400 856 406 863 .
430 856 436 862 .
458 820 653 863 omnia''.'
717 823 793 862 Vu.
823 824 906 862 666
923 836 1031 874 seqq.
1066 824 1201 874 agitur
1233 823 1280 862 de
1317 821 1560 872 aratoribus,
1601 835 1771 872 quorum

216 887 259 925 111
297 898 461 924 numero
504 886 668 935 poetam
710 884 832 924 fuisse
876 884 1164 923 intelleximus:
1207 883 1270 922 his
1314 882 1497 922 uersibus
1543 883 1679 934 agitur
1723 882 1770 921 de

218 947 458 997 pastoribus.
509 945 624 984 Vnde
656 946 815 984 constat
840 945 924 984 illis
949 944 1199 996 temporibus
1225 944 1249 982 i.
1277 956 1309 982 e.
1337 956 1440 982 anno
1467 943 1549 982 fere
1577 938 1767 996 623s131

219 1020 359 1058 agrum
390 1005 597 1057 publicum
627 1006 747 1045 Asiae
779 1006 957 1045 locatum
987 1005 1110 1044 fuisse
1144 1004 1371 1056 publicanis
1403 1004 1614 1057 Romanis,
1653 1017 1771 1054 quem

218 1066 407 1106 locabant
452 1067 516 1105 illi
565 1066 773 1135 publicani
821 1065 1051 1116 pastoribus
1098 1065 1282 1116 deinceps
1334 1077 1379 1105 eo
1430 1066 1615 1117 argento,
1666 1065 1772 1116 quod

219 1128 441 1178 scripturae
466 1128 625 1166 nomine
647 1119 1214 1181 (Plaut.Truc.144—150)
1241 1139 1265 1165 a
1289 1125 1521 1176 pastoribus
1542 1125 1771 1177 exigebant:

219 1187 314 1228 conf
328 1187 599 1238 Marquardtii
627 1187 815 1226 enchirid.
843 1188 1050 1237 antiquitt.
1076 1201 1114 1237 p.
1141 1187 1187 1224 R.
1213 1186 1272 1225 IV
1298 1181 1425 1241 (Lips.
1450 1180 1584 1240 1881)
1605 1200 1643 1237 p.
1667 1186 1772 1225 338:

219 1247 445 1288 aratoribus
478 1248 647 1298 denique
679 1247 779 1287 Asia
810 1248 943 1287 locata
976 1250 1036 1287 est
1066 1247 1155 1298 lege
1182 1246 1420 1297 Sempronia
1453 1248 1551 1286 anni
1578 1241 1770 1300 631s123

220 1303 319 1363 (Cic.
340 1308 452 1347 Verr.
478 1308 543 1347 HI
571 1309 623 1347 12
651 1308 802 1348 Fronto
828 1322 865 1359 p.
889 1310 971 1348 125
988 1302 1058 1362 N).
1103 1308 1163 1347 De
1188 1307 1305 1347 rebus
1331 1306 1453 1346 Asiae
1478 1307 1607 1346 tradit
1627 1306 1772 1347 Strabo

218 1369 314 1408 XIV
338 1382 376 1420 p.
406 1369 489 1407 646
506 1370 603 1408 extr.
641 1368 706 1407 M!
721 1368 948 1419 Aquillium
986 1369 1189 1408 consulem
1232 1368 1392 1408 demum
1433 1381 1537 1407 anno
1578 1362 1770 1422 625s129

217 1430 468 1481 prouinciam
494 1429 764 1469 constituisse:
789 1430 926 1469 tamen
951 1428 1069 1468 Liuio
1096 1431 1260 1468 auctore
1285 1442 1368 1480 per.
1391 1428 1445 1467 58
1472 1429 1556 1468 iam
1577 1423 1770 1482 621s133

219 1490 279 1528 Ti.
303 1489 505 1529 Gracchus
543 1490 673 1543 legem
711 1503 794 1530 sese
831 1490 1184 1542 promulgaturum
1222 1490 1269 1529 de
1307 1490 1478 1540 pecunia
1512 1488 1645 1528 Attali
1681 1502 1772 1540 pro-

218 1550 434 1590 nuntiauit.
467 1545 754 1602 (Mommsenus
781 1550 926 1590 Athen.
953 1550 1141 1589 Mittheil.
1160 1549 1294 1588 XXIV
1323 1550 1436 1588 1899
1463 1563 1501 1600 p.
1526 1544 1642 1604 193.)
1693 1550 1772 1588 Lu-

220 1611 304 1650 cilii
335 1623 356 1650 e
387 1611 519 1650 uerbis
552 1612 718 1662 colligas
750 1610 890 1650 Attalo
917 1611 1104 1650 defuncto
1138 1610 1185 1649 de
1216 1610 1375 1661 pascuis
1400 1610 1483 1649 illis
1514 1610 1677 1649 Asianis
1714 1612 1772 1650 lo-

220 1671 357 1710 candis
388 1671 540 1710 Romae
573 1673 707 1710 actum
738 1672 859 1711 fuisse
892 1685 995 1722 quae
1028 1683 1176 1722 pascua
1206 1671 1490 1710 commemorat
1516 1669 1594 1709 Cic.
1622 1670 1670 1710 de
1695 1671 1771 1723 leg.

221 1745 303 1784 agr.
329 1731 372 1770 H
399 1732 466 1770 50.
492 1753 553 1758 -
577 1731 754 1770 Lucilius
791 1731 940 1771 Lucilii
978 1732 1204 1771 accuratius
1243 1732 1336 1770 ante
1376 1731 1642 1782 descripserat
1684 1744 1772 1782 per-

220 1804 359 1832 sonam
391 1794 431 1830 et
461 1805 609 1831 mores:
640 1793 751 1831 nullo
784 1793 902 1844 pacto
929 1804 1012 1831 sese
1038 1792 1186 1831 Lucilii
1210 1804 1340 1831 mores
1365 1791 1537 1831 uendere
1563 1791 1774 1843 profitetur

219 1853 340 1904 poeta
365 1866 414 1891 ne
439 1854 596 1904 magnis
621 1853 781 1903 quidem
800 1853 922 1892 lucris
941 1852 1150 1891 inductum
1169 1852 1493 1902 publicanorum:
1520 1852 1616 1891 conf
1629 1852 1772 1892 Horat.

221 1912 336 1963 epist.
362 1913 383 1951 I
412 1915 448 1964 1,
478 1914 531 1951 77
558 1913 694 1952 quen.
721 1913 784 1951 ΙΠ
811 1914 864 1952 31
882 1925 990 1964 seqq.
1019 1936 1070 1939 -ν
1101 1925 1225 1952 unum
1262 1913 1348 1958 hoc,
1392 1912 1436 1951 id
1474 1913 1535 1952 est
1572 1925 1655 1952 esse
1694 1913 1772 1952 Lu-

222 1973 358 2012 cilium
389 1973 565 2012 moribus
596 1974 781 2025 ingenuis
815 1974 855 2013 et
887 1973 1132 2013 liberalibus.
1197 1972 1411 2012 Ablatiuus
1450 1974 1510 2012 est
1547 1974 1686 2024 pretii:
1725 1973 1773 2013 de

221 2033 438 2073 uerborum
476 2034 738 2073 collocatione
776 2035 872 2074 conf
898 2033 941 2072 P.
963 2034 1144 2086 Langeni
1176 2033 1388 2086 Beitraege
1424 2047 1454 2072 z.
1486 2033 1590 2072 Krit.
1629 2047 1667 2072 u.
1700 2034 1772 2073 Er-

224 2094 420 2146 klaerung
445 2093 481 2132 d.
506 2094 637 2133 Plaut.
665 2109 702 2146 p.
731 2095 828 2133 223.
885 2094 1043 2150 Mutare
1074 2094 1149 2134 hoc
1180 2095 1267 2133 1000
1300 2099 1360 2134 est
1392 2095 1588 2145 accipere,
1627 2108 1774 2134 emere:

220 2154 362 2194 Horat
389 2167 502 2194 serm.
527 2154 570 2193 II
598 2156 746 2205 7,109
783 2152 870 2194 ‘sub
903 2157 1060 2194 noctem
1094 2155 1162 2205 qui
1190 2169 1290 2206 puer
1314 2168 1437 2194 uuam
1463 2155 1616 2194 furtiua
1642 2156 1774 2194 mutat

223 2212 385 2267 strigili'
418 2215 490 2254 ubi
522 2215 624 2254 editt
654 2215 746 2254 inde
779 2228 803 2254 a
833 2215 1017 2255 Bentleio
1053 2216 1242 2266 exemplis
1280 2227 1400 2254 usum
1436 2216 1619 2254 mutandi
1655 2228 1772 2255 uoca-

221 2275 307 2314 buli
340 2276 594 2314 enarrarunt.
625 2275 756 2314 Plaut.
785 2274 899 2326 Capt.
925 2290 962 2314 u.
993 2277 1074 2314 171
1105 2276 1326 2329 corruptus.

344 2330 638 2376 (573Νο111113
657 2350 695 2387 p.
718 2336 817 2386 351,
839 2337 864 2374 4
890 2333 1074 2386 Mutare,
1093 2337 1321 2375 transferre.
1353 2335 1532 2375 Lucilius
1552 2336 1620 2374 lib.
1640 2337 1774 2376 XXVI

225 2392 413 2434 “doctior
443 2408 565 2446 quam
596 2398 728 2436 ceteris
759 2397 794 2435 is
825 2408 899 2435 asa
930 2398 1050 2436 mittis
1074 2399 1198 2435 mutes
1224 2397 1356 2445 aliquo
1382 2399 1504 2435 tecum
1530 2400 1642 2436 satra
1666 2398 1774 2446 facta

223 2452 339 2495 uitia’
346 2452 385 2495 '.'
448 2456 597 2496 Versus
628 2456 773 2507 prioris
806 2456 933 2496 exitus
967 2457 1109 2496 similis
1148 2459 1209 2496 est
1244 2456 1384 2496 incert.
1409 2470 1447 2495 u.
1477 2457 1574 2508 963,
1608 2457 1773 2496 alterius

225 2527 389 2556 caesura
419 2518 512 2567 post
543 2518 674 2566 aliquo
699 2517 817 2556 facile
843 2519 1083 2569 agnoscitur.
1131 2516 1245 2563 Quod
1273 2517 1514 2556 uocabulum
1538 2519 1644 2556 recte
1671 2519 1775 2557 sicut

223 2576 292 2615 lib.
312 2576 487 2615 XXVIII
505 2590 545 2616 u.
569 2578 652 2616 759
673 2577 782 2616 XXX
801 2591 840 2617 u.
863 2579 959 2616 992.
983 2579 1067 2618 993
1094 2578 1290 2616 traditum
1320 2589 1403 2617 esse
1429 2579 1615 2628 apparet:
1641 2576 1774 2617 locum

225 2637 425 2688 significat
468 2650 547 2688 quo
590 2638 772 2677 mutatur
816 2638 970 2689 aliquid
1001 2639 1027 2677 i.
1061 2651 1092 2678 e.
1131 2638 1375 2677 transfertur
1411 2638 1459 2676 ut
1502 2650 1620 2689 saepe
1668 2638 1774 2689 apud

226 2697 457 2735 Terentium
495 2691 637 2751 (Andr.
667 2699 750 2737 329
793 2695 903 2736 ‘dum
946 2698 1175 2749 proficiscor
1219 2695 1370 2748 aliquo'
1413 2698 1557 2737 Heaut.
1587 2699 1671 2737 572
1713 2696 1775 2738 ‘ut

225 2756 318 2795 hine
359 2757 550 2796 concedas
589 2753 774 2811 aliquo').
824 2758 997 2809 Reliqua
1035 2760 1170 2798 omnia
1206 2760 1370 2797 incerta.
1441 2757 1610 2809 Scripsit
1647 2759 1773 2798 Lach-

225 2828 394 2856 mannus
427 2813 597 2856 ‘doctior
623 2831 743 2868 quam
775 2819 898 2857 ceteri
922 2820 1038 2869 siqua
1062 2819 1204 2867 mittis,
1229 2819 1359 2857 mutes
1386 2819 1522 2868 aliquo
1547 2820 1635 2858 tum
1661 2831 1775 2858 sacra

227 2877 313 2915 face
345 2889 370 2915 a
400 2873 498 2926 uia'3
530 2890 633 2928 quae
663 2878 723 2916 ita
753 2879 901 2928 posuit,
933 2891 980 2917 ea
1010 2878 1193 2918 uberiore
1225 2879 1559 2917 commentatione
1591 2878 1776 2930 indigent

229 2948 349 2986 quam
393 2937 465 2975 1110
509 2938 569 2976 est
612 2937 820 2978 adnotatio
865 2951 944 2988 qua
986 2938 1140 2990 relegat
1181 2937 1233 2977 'ad
1258 2935 1388 2976 ·Ouid.
1415 2939 1488 2976 art.
1516 2951 1592 2976 am.
1619 2938 1659 2976 II
1688 2939 1772 2978 265

229 2993 334 3035 ‘rure
367 2996 594 3036 suburbano
625 2998 776 3048 poteris
807 2997 883 3036 tibi
916 2998 1044 3037 dicere
1078 2999 1219 3048 missa,
1258 2997 1330 3036 illa
1361 2998 1426 3036 uel
1460 2999 1502 3036 111
1541 3011 1654 3038 sacra
1693 3000 1774 3039 sint

228 3057 322 3095 licet
353 3058 489 3107 empta
522 3054 605 3096 uia'
640 3057 769 3108 Priap.
790 3059 852 3097 '21
889 3055 1086 3109 ‘quaeque
1122 3058 1198 3097 tibi
1233 3059 1351 3109 posui
1388 3059 1611 3109 tamquam'
1632 3071 1774 3098 uerna-
