2060 3444
319 265 406 306 402
808 263 935 298 incert.
963 263 1038 298 sed.
1065 275 1100 298 11.
1130 266 1363 298 1270-1273

321 374 670 427 “purpureamque
705 407 711 413 .
747 407 752 413 .
788 407 794 413 .
827 372 1031 414 habere''.’
1113 375 1350 425 Pampinum
1401 376 1550 425 albam,
1600 389 1700 426 quae
1748 389 1849 416 uuas

318 448 457 486 reapse
489 449 567 475 non
601 437 704 474 ferat
734 436 813 474 nisi
843 436 885 473 in
917 437 1025 474 terra
1049 435 1116 473 ubi
1142 435 1251 485 porci
1278 436 1380 475 cocti
1406 435 1623 485 ambulant,
1654 436 1850 475 nominari

318 497 391 534 hoc
429 496 515 534 loco
557 507 644 533 eam
689 501 790 545 quae
828 507 889 545 ap.
917 493 1031 533 Ouid.
1058 495 1216 533 metam.
1242 495 1341 533 XIII
1368 495 1453 534 800
1486 495 1593 534 Seru.
1631 495 1850 546 pleniorem

320 555 370 594 ad
396 555 513 607 Verg.
547 567 679 606 georg.
705 554 725 592 I
754 555 835 593 165
871 553 1023 593 Colum.
1049 554 1083 591 X
1111 555 1194 593 347
1229 554 1380 593 Pallad.
1406 554 1427 593 I
1453 555 1526 604 35,
1555 558 1575 593 1
1623 555 1716 593 uitis
1758 553 1850 594 alba

319 615 465 653 dicitur
514 616 647 653 censet
687 613 952 653 Stowasserus
997 613 1098 652 stud.
1125 613 1294 652 Vindob.
1321 613 1357 650 V
1386 614 1496 653 1883
1530 627 1567 664 p.
1596 614 1698 653 258:
1747 613 1850 653 unde

318 675 448 712 iunxit
479 673 552 712 hoc
583 674 850 725 fragmentum
883 686 971 711 cum
1003 673 1069 711 lib.
1095 673 1203 711 XXX
1230 686 1265 711 u.
1295 673 1390 712 978.
1448 674 1502 712 At
1533 686 1656 724 genus
1688 673 1850 724 aliquod

319 735 414 772 uitis
446 745 662 783 numquam
693 734 843 784 poterit
874 732 952 772 dici
983 734 1205 784 pampinus.
1268 732 1326 771 De
1364 734 1556 772 autumno
1595 733 1660 784 agi
1692 733 1851 772 uidetur

265 843 267 846 ι
319 794 388 843 qui
432 793 644 843 distinguit
686 792 832 832 liuidos
875 804 1050 831 racemos
1093 805 1290 843 purpureo
1334 793 1469 832 uarius
1512 792 1642 832 colore
1691 794 1850 832 auctore

320 852 488 892 Horatio
509 865 625 891 carm.
640 852 681 890 H
696 853 816 902 5,10.
859 851 1151 891 Grammaticus
1177 851 1224 890 de
1251 851 1340 890 dub.
1362 865 1464 890 nom.
1481 851 1548 890 GL
1562 851 1648 902 Vp.
1665 852 1762 901 588,
1779 852 1852 890 2Κ

322 909 547 962 ‘pampinus
585 911 739 963 generis
771 911 969 962 feminini,
1007 913 1053 950 ut
1085 910 1288 951 Cornelius
1328 908 1568 962 “purpureis
1594 909 1624 963 †
1649 912 1852 962 geminata

321 972 532 1022 pampinus
564 968 713 1010 uuis''.'
769 971 883 1010 Ouid.
909 973 1001 1010 met.
1027 971 1126 1009 XIII
1153 971 1237 1010 813
1273 968 1382 1010 ‘sunt
1413 983 1509 1010 auro
1541 971 1690 1011 similes
1721 971 1852 1023 longis

319 1033 360 1069 in
398 1030 548 1069 uitibus
584 1043 688 1069 uuae
725 1032 819 1069 sunt
855 1032 896 1069 et
931 1028 1180 1081 purpureae'.
1250 1030 1309 1068 De
1353 1030 1560 1069 frondibus
1604 1030 1704 1070 albis
1747 1030 1852 1069 idem

319 1091 422 1129 trist.
447 1090 510 1129 m
537 1091 576 1139 8,
604 1091 657 1129 29
692 1087 854 1140 ‘quique
886 1102 957 1140 per
988 1091 1223 1129 autumnum
1248 1090 1442 1140 percussis
1467 1091 1614 1142 frigore
1639 1091 1768 1141 primo
1793 1091 1853 1130 est

321 1150 429 1188 color
458 1151 501 1188 in
531 1150 640 1188 foliis
679 1161 780 1200 quae
818 1162 922 1188 noua
959 1149 1076 1188 laesit
1112 1146 1252 1196 hiems’
1281 1152 1353 1188 art.
1381 1162 1454 1188 am.
1482 1150 1543 1188 III
1571 1150 1653 1188 703
1694 1146 1854 1200 ‘palluit

320 1211 366 1248 ut
408 1221 517 1248 serae
554 1208 667 1248 lectis
711 1208 758 1248 de
800 1210 884 1248 uite
927 1209 1092 1248 racemis
1138 1209 1360 1259 pallescunt
1404 1209 1561 1248 frondes
1606 1222 1704 1259 quas
1747 1221 1853 1248 noua

320 1269 437 1308 laesit
467 1266 619 1308 hiems'.
677 1269 806 1307 facere
844 1280 935 1307 cum
974 1281 1098 1307 accus.
1131 1281 1220 1307 cum
1251 1269 1320 1307 inf.
1348 1270 1394 1307 ut
1419 1268 1536 1319 Verg.
1564 1268 1660 1307 Aen.
1688 1268 1727 1307 II
1755 1269 1851 1307 538.

443 1322 584 1368 1271.
624 1327 785 1366 Seruius
824 1329 963 1367 auctus
1002 1327 1052 1367 ad
1090 1327 1284 1366 Aeneidos
1311 1328 1345 1365 X
1374 1328 1456 1367 184
1504 1325 1643 1379 ‘Pyrgi
1686 1329 1851 1367 ueteres.

320 1387 405 1426 Hoc
437 1388 643 1426 castellum
675 1387 964 1427 nobilissimum
998 1388 1076 1426 fuit
1106 1401 1152 1426 eo
1183 1389 1361 1437 tempore
1394 1400 1470 1437 quo
1497 1387 1616 1426 Tusci
1641 1389 1852 1438 piraticam

321 1449 593 1485 exercuerunt:
628 1459 719 1485 nam
750 1446 833 1486 illic
863 1447 1094 1497 metropolis
1125 1447 1214 1485 fuit.
1277 1446 1383 1496 quod
1412 1449 1552 1497 postea
1583 1449 1853 1498 expugnatum

320 1519 344 1544 a
387 1506 581 1557 Dionysio
625 1508 797 1556 tyranno
842 1505 1002 1545 Siciliae
1044 1506 1200 1545 dicitur.
1263 1506 1310 1544 de
1355 1519 1435 1556 qua
1471 1505 1649 1546 Lucilius
1690 1503 1852 1546 “scorta

321 1562 598 1617 Pyrgensia'’.’
658 1562 747 1604 ‘Cui
778 1565 940 1604 libuerit
971 1566 1120 1615 poterit
1151 1566 1267 1604 facile
1298 1565 1518 1605 hexametri
1549 1565 1667 1604 finem
1699 1565 1851 1605 efficere

321 1626 394 1664 sic:
439 1625 658 1676 Pyrgensia
693 1621 837 1664 scorta'
870 1625 1093 1664 Muellerus.
1164 1626 1351 1664 meretrix
1394 1625 1618 1676 Neapolitis
1660 1625 1851 1665 Afranius

324 1685 405 1723 136
422 1684 474 1734 R,
520 1682 753 1735 Ou<ma>na
797 1686 983 1723 meretrix
1026 1684 1240 1724 Bibaculus
1266 1684 1380 1723 FPR
1404 1698 1442 1735 p.
1470 1685 1567 1735 318,
1596 1686 1619 1723 5
1641 1684 1851 1724 Baehrens.

322 1744 380 1782 De
406 1744 548 1796 Pyrgis
574 1744 749 1794 emporio
775 1744 870 1783 conf
890 1745 1125 1794 interpretes
1152 1745 1203 1783 ad
1227 1744 1401 1783 Martial.
1427 1744 1505 1783 XII
1533 1745 1576 1783 2:
1607 1746 1734 1795 pisces
1762 1744 1852 1783 inde

322 1804 487 1842 Romam
525 1804 730 1855 apportari
766 1803 893 1842 tradit
929 1803 1072 1842 Athen.
1099 1804 1157 1842 VI
1181 1817 1218 1854 p.
1248 1804 1332 1843 224
1349 1803 1388 1842 O.
1457 1803 1516 1842 De
1554 1804 1691 1844 Tuscis
1728 1817 1851 1843 mere-

320 1863 485 1902 tricibus
516 1863 646 1902 Plaut.
675 1862 822 1902 Cistell.
851 1864 934 1902 562
950 1875 1057 1913 seqq.
1090 1863 1233 1902 Athen.
1260 1863 1337 1902 XII
1360 1877 1399 1913 p.
1428 1865 1511 1903 517
1527 1863 1562 1901 D
1584 1876 1691 1914 seqq.

444 1917 584 1962 1272.
618 1922 744 1961 Varro
776 1922 823 1961 de
855 1923 994 1973 lingua
1024 1922 1171 1961 Latina
1196 1923 1233 1959 V
1259 1924 1315 1960 44
1350 1920 1582 1962 ‘Velabrum
1613 1936 1637 1962 a
1658 1923 1852 1967 ,neh-ando.

321 1982 546 2021 uelaturam
586 1983 715 2020 facere
753 1983 875 2020 etiam
912 1995 1016 2020 nunc
1053 1982 1238 2021 dicuntur
1275 1983 1344 2032 qui
1384 1982 1424 2020 id
1468 1982 1644 2022 mercede
1688 1983 1851 2021 faciunt.

322 2053 469 2079 merces
509 2037 676 2093 [dicitur
709 2054 732 2079 a
762 2041 948 2080 merendo
987 2043 1027 2080 et
1065 2037 1172 2093 aere]
1210 2041 1304 2080 huic
1346 2042 1553 2090 necturae,
1595 2041 1663 2092 qui
1699 2042 1852 2080 ratibus

321 2100 559 2150 transibant,
590 2100 799 2150 qu'adrans.
850 2100 899 2138 ab
925 2113 971 2139 eo
996 2100 1172 2139 Lucilius
1198 2101 1358 2151 scripsit
1385 2097 1651 2150 “quadrantis
1676 2097 1850 2140 ratiti'’.'

321 2159 462 2198 Festus
500 2173 537 2210 p.
567 2161 663 2208 274,
691 2160 743 2198 16
760 2160 801 2197 Μ
839 2163 879 2198 et
916 2159 1062 2199 Paulus
1087 2174 1125 2210 p.
1154 2161 1251 2209 275,
1279 2162 1302 2199 3
1350 2157 1546 2199 ‘Ratitum
1590 2159 1852 2210 quadrantem

322 2219 472 2257 dictum
503 2220 647 2268 putant
679 2218 784 2269 quod
815 2220 858 2258 in
890 2232 935 2258 eo
966 2222 1006 2259 et
1029 2214 1174 2258 triente
1199 2220 1299 2259 ratis
1325 2220 1448 2259 fuerit
1473 2219 1635 2272 effigies,
1666 2222 1712 2259 ut
1736 2220 1851 2258 nauis

321 2278 362 2316 in
395 2276 508 2317 asse'.
570 2279 689 2317 Recte
722 2278 861 2317 Festus
893 2278 940 2318 de
975 2279 1089 2330 signo
1127 2279 1225 2318 ratis
1262 2279 1478 2330 intellegit:
1516 2281 1657 2319 ratitus
1694 2292 1718 2318 a
1753 2280 1853 2321 ratis

323 2339 513 2376 formauit
550 2339 668 2388 poeta
698 2340 743 2376 ut
774 2340 928 2377 arm-itus
960 2339 1009 2377 ab
1041 2340 1163 2378 auris.
1207 2339 1367 2378 Nummi
1399 2340 1550 2378 seruati
1580 2338 1853 2378 demonstrant

322 2398 426 2436 male
463 2397 692 2437 distinxisse
729 2400 882 2437 ueteres
921 2399 1200 2449 grammaticos
1242 2398 1345 2437 inter
1381 2400 1507 2438 ratem
1549 2399 1590 2437 et
1625 2411 1768 2438 nauem
1779 2400 1788 2418 ⁸
1810 2400 1857 2437 111

323 2457 445 2508 signis
472 2456 704 2506 quadrantis
731 2459 770 2495 et
795 2458 905 2497 assis.
945 2457 1154 2509 Significat
1178 2471 1382 2497 nummum
1407 2458 1642 2507 teruncium,
1666 2459 1692 2496 i.
1713 2471 1744 2496 e.
1771 2458 1852 2496 fere

322 2517 532 2555 minimum
562 2529 698 2555 eorum
729 2518 799 2567 qui
829 2517 871 2555 in
902 2529 976 2556 usu
1007 2519 1132 2567 erant,
1164 2530 1252 2556 cum
1285 2519 1442 2556 sextans
1467 2517 1594 2556 multo
1618 2518 1746 2556 rarius
1771 2530 1851 2556 me-

322 2577 498 2614 moretur
529 2577 598 2626 qui
629 2575 797 2615 duarum
828 2576 1103 2616 tantummodo
1135 2577 1188 2615 sit
1218 2576 1434 2615 unciarum.

445 2629 586 2674 1273.
614 2634 749 2674 Cicero
775 2635 823 2674 de
849 2638 1004 2675 oratore
1028 2636 1090 2675 HI
1117 2637 1183 2686 23,
1211 2637 1264 2675 86
1294 2633 1500 2687 Magister
1523 2635 1587 2675 hic
1613 2635 1852 2675 Samnitium

324 2707 477 2732 summa
514 2695 595 2733 13111
633 2697 833 2734 senectute
871 2697 931 2735 est
968 2698 1008 2734 et
1051 2666 1213 2735 cottidie
1257 2698 1561 2745 commentatur,
1605 2695 1704 2734 1111111
1747 2696 1852 2734 enim

323 2755 436 2792 curat
466 2753 587 2792 aliud.
643 2756 762 2804 atque
793 2755 968 2794 uelocius
995 2750 1056 2808 (at
1081 2755 1123 2804 Q.
1145 2755 1182 2792 V
1180 2756 1318 2794 eloce'us
1342 2750 1564 2808 Victorius)
1589 2767 1688 2804 puer
1711 2755 1753 2792 id
1779 2749 1852 2808 (ad

322 2807 441 2865 codd)
470 2813 663 2852 didicerat
694 2809 780 2866 (sed
806 2814 912 2864 quod
937 2816 1023 2853 erat
1048 2815 1164 2865 aptus
1196 2814 1245 2852 ad
1271 2810 1390 2868 illud)
1415 2815 1623 2864 totumque
1650 2816 1850 2882 cognorat.

323 2872 411 2922 fuit,
436 2874 482 2911 ut
507 2873 566 2911 est
592 2872 698 2923 apud
722 2873 931 2923 Lucilium,
959 2871 1204 2924 “quamuis.
1256 2905 1263 2912 .
1290 2874 1416 2913 cuiuis
1443 2868 1554 2927 (libri
1579 2875 1717 2919 cuiuis,
1742 2874 1853 2919 ciuis,

323 2933 444 2976 cuius,
474 2932 636 2978 ciuibus,
661 2927 809 2986 causis)
834 2933 932 2972 satis
958 2930 1104 2983 asper’'
1109 2964 1118 2983 ‚
1150 2933 1218 2972 sed
1242 2933 1332 2983 plus
1357 2945 1500 2984 operae
1525 2933 1611 2971 foro
1639 2932 1851 2984 tribuebat,

324 2991 472 3040 amieis,
498 2991 555 3029 rei
582 2989 797 3030 familiari'.
848 2992 967 3031 Libro
980 2993 1038 3030 IV
1057 2992 1241 3031 attribuit
1259 2992 1394 3031 Dousa
1412 2993 1454 3030 in
1473 2992 1656 3040 editione,
1676 2991 1777 3030 libro
1789 2992 1851 3030 ΠΙ
