2060 3444
270 283 354 325 104
874 281 943 316 VII
966 294 1002 317 u.
1031 284 1229 317 2⁷3-278.

268 393 407 434 ‘horno
427 396 565 435 messis
590 391 764 446 magna’.
797 394 947 440 Quodsi
966 407 1107 433 reuera
1130 395 1292 445 praetor
1316 395 1382 435 hic
1405 394 1473 434 ille
1499 397 1560 435 est
1579 394 1806 447 Oaprarius,

267 467 371 495 anno
403 456 486 494 fere
513 450 699 506 639l115
731 453 879 493 librum
903 454 983 493 VH
1014 454 1278 505 compositum
1309 467 1394 494 esse
1423 455 1680 495 statuendum
1718 456 1805 496 erit.

391 509 501 554 275.
534 514 689 554 Nonius
719 528 757 564 p.
787 516 890 563 110,
924 516 979 554 10
1017 527 1064 553 ex
1101 515 1363 566 grammatico
1402 512 1593 566 ‘Flaccet,
1630 517 1807 569 languet,
1871 516 1873 518 ’

267 574 410 614 deficit.
472 573 651 613 Lucilius
682 574 749 613 lib.
776 574 855 613 VH
888 571 984 613 “hic
1016 576 1077 613 est
1107 574 1270 613 Macedo
1302 574 1336 614 si
1367 577 1506 625 ayricm
1543 570 1686 629 (ayron
1722 589 1805 616 cor-

266 636 398 674 rectus
421 629 648 687 Leidensis)
674 634 831 686 longius
856 630 1055 674 flaccet”.’
1106 633 1259 685 Agrion
1284 647 1427 674 nomen
1451 635 1631 687 legitime
1655 636 1807 676 factum

268 707 511 746 quamquam
548 694 707 733 nonnisi
745 694 852 744 apud
891 693 1205 733 Choeroboscum
1238 692 1416 734 Grameri
1451 694 1667 736 Anecdotis
1705 694 1807 736 Oxo-

267 754 471 794 niensibus
496 754 537 793 Π
561 767 600 804 p.
630 754 727 803 182,
755 755 778 792 6
809 748 975 807 Ἀγρίων
1005 752 1048 793 τὸ
1077 753 1218 806 κύριον
1242 751 1368 806 ὄνομα
1394 753 1460 794 διὰ
1483 760 1555 795 τοῦ
1579 771 1594 795 ι
1618 755 1808 809 γράφεται

267 815 423 864 111118111,
460 813 591 853 delere
629 814 740 853 nolui
778 827 868 853 cum
912 814 1060 853 similia.
1103 815 1185 853 sint
1220 809 1365 867 Ἁγίων
1402 809 1543 862 Ἀξίων
1583 814 1808 856 &somam

268 875 432 914 nomina
462 875 643 925 propria:
674 887 802 925 neque
834 874 941 924 quod
970 887 1070 924 puer
1100 873 1262 914 Theocr.
1289 874 1424 913 XXIII
1449 888 1487 913 11.
1517 876 1571 914 19
1603 872 1712 928 ἅγριε
1735 878 1815 915 παῖ

268 932 335 974 καὶ
366 931 507 987 στυγνέ
538 934 766 985 appellatur
796 934 874 974 huc
904 935 1104 984 pertinere
1134 934 1372 985 putauerim.
1423 935 1579 974 Nomen
1610 937 1671 974 est
1695 936 1809 986 pueri

258 994 431 1034 delicati
466 995 585 1034 sicuti
617 993 783 1033 Gentius
822 995 864 1033 et
894 993 1058 1033 Macedo
1094 994 1358 1045 peregrinum.
1423 991 1646 1035 ‘Inueniam
1683 995 1809 1034 alium

269 1056 303 1094 si
334 1067 397 1093 me
435 1053 498 1094 hic
535 1053 694 1093 fastidit
723 1050 883 1093 Alexin’
921 1055 1146 1104 nescioquis
1184 1053 1286 1093 dixit
1323 1054 1430 1105 apud
1463 1054 1682 1104 Lucilium,
1719 1067 1809 1094 cum

269 1114 421 1166 Agrion
473 1115 544 1153 aut
592 1113 863 1153 ualetudinem
914 1126 1103 1154 excusans
1159 1115 1378 1154 amatorem
1434 1115 1645 1155 excluserit
1699 1109 1813 1169 (conf

271 1174 417 1213 Tibull.
443 1174 485 1213 H
512 1174 556 1223 6,
583 1174 638 1213 49
685 1170 836 1223 ‘saepe‚
881 1173 951 1213 ubi
993 1186 1070 1213 nox
1113 1174 1310 1224 promissa
1352 1174 1452 1213 mihi
1495 1176 1572 1224 est,
1619 1175 1809 1227 languere

268 1234 445 1285 puellam
470 1228 669 1287 nuntiat’)
695 1236 766 1272 aut
789 1234 831 1272 in
857 1246 991 1273 amore
1016 1234 1251 1285 languescat
1275 1236 1466 1274 amatoris
1490 1248 1632 1286 parum
1658 1234 1809 1274 studio-

269 1305 334 1333 sus
362 1288 477 1347 (conf
499 1292 615 1332 Ouid.
635 1293 779 1333 remed.
799 1305 875 1332 am.
898 1294 980 1333 511
1012 1290 1108 1332 ‘iam
1134 1295 1255 1344 ponet
1279 1293 1418 1344 fastus,
1445 1306 1535 1334 cum
1559 1296 1600 1334 te
1619 1295 1809 1346 languere

270 1348 460 1452 uidebit7)
491 1365 593 1404 quae
623 1352 870 1404 probabilior
900 1353 1060 1392 uidetur
1090 1354 1381 1404 interpretatio.

391 1408 502 1454 26
533 1413 688 1452 Nonius
714 1426 751 1463 p.
775 1413 873 1463 258,
894 1414 947 1452 31
977 1409 1239 1452 ‘Contendere
1271 1413 1470 1465 significat
1498 1427 1724 1465 conparare.

270 1473 375 1513 idem
407 1473 474 1512 lib.
501 1470 624 1512 VH‘
630 1469 794 1512 ‘huncin
821 1503 829 1511 .
851 1503 858 1510 .
882 1504 887 1511 .
915 1470 1114 1512 contendi’
1122 1469 1161 1511 '.’
1223 1473 1397 1514 Fabulas
1429 1474 1574 1524 quibus
1597 1487 1809 1525 puerorum

271 1546 424 1573 amores
462 1532 765 1572 celebrabantur
800 1545 882 1572 una
918 1546 1008 1572 cum
1044 1545 1154 1572 more
1191 1545 1334 1584 pueros
1372 1534 1534 1573 amandi
1564 1534 1713 1573 Romae
1749 1535 1808 1573 in-

270 1594 449 1633 notuisse
480 1605 618 1633 uersus
648 1593 714 1632 hic
743 1594 933 1632 testatur:
964 1593 1184 1645 posteriore
1213 1594 1392 1644 tempore
1422 1593 1644 1644 Hyacinthi
1667 1607 1810 1634 nomen

270 1654 393 1705 uulgo
430 1654 564 1704 pueris
601 1652 775 1692 inditum
813 1653 935 1692 fuisse
972 1654 1188 1692 testaretur
1224 1653 1432 1705 inscriptio
1466 1653 1617 1694 Romae
1653 1655 1811 1705 reperta

272 1713 413 1753 Orellii
446 1712 624 1752 Henzeni
651 1713 764 1752 2606
800 1709 863 1751 Ἱ).
889 1712 941 1751 Μ.
967 1714 1182 1752 memoriae
1215 1711 1256 1753 G.
1276 1713 1422 1765 Reguli
1458 1714 1634 1754 moribus
1672 1714 1810 1754 decore

271 1773 474 1814 natalibus
518 1773 554 1812 d.
593 1772 629 1811 d.
669 1772 897 1823 Hyacinthe
941 1773 1007 1812 uel
1048 1773 1236 1813 Narcisso
1286 1773 1543 1824 comparandi
1593 1775 1662 1824 qui
1710 1773 1812 1813 uixit

274 1847 335 1873 an.
363 1833 440 1872 XII
465 1829 619 1872 m.111’
659 1832 692 1872 si
730 1835 914 1883 suspecta
950 1846 1029 1872 non
1069 1833 1182 1872 esset.
1254 1832 1590 1882 Gortmipotentem
1632 1834 1812 1884 appellat

272 1893 452 1932 Lucilius
477 1892 670 1943 Pythium
693 1892 922 1944 Apollinem
955 1893 1073 1933 sicuti
1105 1893 1212 1943 apud
1236 1892 1459 1945 Vergilium
1484 1893 1687 1933 Vulcanus
1711 1894 1811 1943 iyni-

270 1956 405 2002 potens
433 1952 564 2002 audit3
594 1954 859 2002 sayiitipotens
885 1951 1039 1992 Cicero:
1070 1951 1356 2004 τριποδηλάλον
1380 1953 1609 2004 Apollinem
1636 1953 1810 1993 Christo-

273 2013 392 2052 dorus
424 2013 554 2062 ecphr.
584 2013 649 2050 72.
678 2012 763 2051 283
790 2013 980 2063 appellat.
1029 2011 1230 2051 Lucilium
1260 2012 1308 2051 de
1340 2024 1380 2052 se
1411 2014 1543 2063 ipsum
1573 2013 1688 2063 loqui
1712 2014 1810 2054 satis

274 2074 335 2112 est
364 2071 598 2111 uerisimile.
629 2071 733 2110 unde
764 2084 929 2122 puerum
960 2072 1076 2110 illum
1108 2073 1191 2110 siue
1200 2056 1384 2111 Gentius
1415 2073 1504 2112 erat
1533 2073 1618 2112 siue
1652 2073 1754 2112 alius
1786 2085 1811 2112 a

272 2134 394 2183 poeta
422 2133 510 2182 ipso
543 2132 721 2171 amatum
752 2132 874 2171 fuisse
905 2133 1214 2171 consentaneum
1246 2134 1315 2171 est.
1379 2131 1561 2183 Spectari
1590 2132 1666 2172 hoc
1691 2144 1809 2172 uersu

274 2191 369 2231 libri
392 2191 522 2230 XXIX
555 2193 625 2242 qui
655 2191 757 2231 liber
787 2190 1015 2242 quindecim
1046 2191 1127 2231 fere
1159 2203 1283 2231 annos
1315 2194 1408 2231 ante
1438 2192 1585 2232 librum
1609 2192 1689 2231 VH
1719 2204 1809 2231 con-

274 2253 444 2303 scriptus
482 2253 537 2291 sit
565 2265 603 2290 u.
637 2252 722 2291 895
737 2263 817 2302 seq.
864 2248 1066 2303 ‘Apollost
1107 2264 1269 2302 numen,
1319 2253 1388 2302 qui
1430 2255 1470 2292 te
1499 2253 1688 2302 antiquis
1731 2265 1810 2291 non

275 2313 379 2351 sinet
409 2311 563 2351 deliciis
594 2311 793 2350 maculam
825 2313 946 2362 atque
969 2312 1234 2363 ignominiam
1264 2309 1468 2363 inponere’
1495 2312 1719 2363 suspicatus
1751 2313 1811 2351 est

274 2371 476 2411 Lucianus
506 2371 731 2411 Muellerus.
783 2371 933 2410 Tamen
964 2372 1106 2422 opinor-
1134 2371 1237 2410 libro
1263 2371 1392 2410 XXIX
1423 2384 1464 2411 se
1494 2373 1626 2423 ipsum
1650 2373 1810 2423 poetam

276 2443 506 2483 comparare
532 2431 604 2471 deo
628 2431 810 2482 Apollini
835 2432 962 2470 multo
987 2432 1118 2470 minus
1143 2432 1204 2470 est
1227 2431 1446 2482 probabile,
1471 2445 1591 2482 quam
1615 2431 1811 2483 appellari

275 2490 504 2543 Apollinem
546 2492 750 2542 potentem
793 2492 967 2541 aliquem
1010 2491 1209 2530 hominem
1253 2492 1373 2541 atque
1422 2491 1651 2541 factiosum,
1699 2491 1809 2531 cuius

275 2564 443 2603 puerum
478 2551 657 2590 Lucilius
693 2550 825 2590 uerbis
861 2550 1043 2590 tristibus
1083 2551 1350 2591 lacessiuerat.
1416 2551 1559 2602 Itaque
1601 2563 1700 2601 puer
1740 2551 1810 2590 ille

276 2611 455 2662 loquitur
490 2611 534 2650 in
570 2611 674 2650 libro
699 2611 830 2649 XXIX
865 2610 1088 2650 minacibus
1126 2611 1277 2660 uerbis,
1314 2623 1404 2650 cum
1440 2610 1550 2650 dicat
1581 2602 1810 2661 Apollinem

276 2683 393 2710 suum
422 2682 571 2738 poenas
601 2671 821 2720 petiturum
851 2670 1088 2709 iniuriarum
1120 2683 1145 2709 a
1168 2670 1341 2710 Lucilio:
1374 2671 1418 2710 at
1446 2671 1521 2710 hoc
1545 2670 1648 2709 libro
1675 2671 1810 2722 agitur

276 2730 325 2769 de
360 2730 494 2780 pueris
530 2730 678 2769 Lucilii
712 2731 850 2781 ipsius.
878 2751 931 2756 —
959 2729 1097 2769 Atedii
1132 2730 1309 2770 Melioris
1352 2730 1566 2769 delicatum
1603 2728 1809 2769 Glauciam

277 2789 431 2829 Statius
463 2790 551 2829 silu.
577 2790 618 2828 H
646 2791 683 2838 1,
712 2791 795 2829 112
827 2789 1057 2840 Hyacintho
1089 2791 1294 2840 comparat
1326 2787 1559 2829 ‘Oebaliden
1588 2790 1660 2828 illo
1695 2801 1808 2840 prae-

210 2877 216 2881 ·
277 2862 369 2900 ceps
393 2851 568 2888 mutaret
592 2846 767 2900 ApoHo’,
792 2849 976 2888 similiter
999 2849 1197 2888 Martialis
1223 2849 1323 2888 Vm
1343 2850 1398 2888 63
1427 2847 1660 2899 ‘Thestylon
1681 2849 1808 2888 Aulus

277 2910 405 2958 amat,
447 2908 516 2948 sed
553 2922 624 2948 nec
661 2909 791 2948 minus
833 2909 946 2948 ardet
982 2908 1143 2958 Alexin,
1186 2909 1356 2948 forsitan
1399 2911 1439 2948 et
1480 2910 1661 2949 nostrum
1702 2921 1809 2947 nunc

277 2968 534 3018 Hyacinthon
566 2970 686 3008 amat.
734 2969 756 3007 I
786 2981 891 3007 nunc
922 2970 962 3007 et
992 2968 1142 3018 dubita,
1173 2970 1285 3008 uates
1317 2981 1368 3008 an
1393 2969 1538 3021 diligat
1561 2968 1681 3020 ipsos,
1712 2968 1807 3007 deli-

278 3028 358 3067 cias
389 3029 529 3067 uatum
560 3041 649 3067 cum
678 3041 789 3068 meus
818 3027 948 3067 Aulus
979 3024 1112 3067 amet’.
