2060 3444
260 255 318 306 20
905 291 914 302 .
945 253 962 296 1
986 270 1022 297 u.
1050 255 1106 297 88.

260 378 387 429 ptuno
420 377 492 417 aut
521 373 571 416 ab
602 373 790 427 Apolline
822 374 891 426 qui
921 373 1030 415 dicat
1065 373 1265 414 Romanos
1289 370 1436 413 multos
1463 370 1623 424 quidem
1646 369 1730 413 dies
1755 371 1797 413 et

261 449 432 487 menses,
475 449 554 476 non
597 437 732 475 tamen
774 448 846 486 per
888 436 1016 475 totam
1059 435 1186 475 uitam
1221 435 1325 474 hanc
1361 435 1640 485 tempestatem
1677 446 1798 485 quam

260 499 424 548 propter
460 496 612 535 iniusta
648 495 752 547 Lupi
788 495 937 534 iudicia
973 495 1222 534 immissurus
1257 494 1326 532 ille
1363 494 1417 534 sit
1454 495 1669 534 miraturos
1701 506 1796 534 esse.

261 556 452 607 Oportere
489 557 652 606 insuper
688 555 839 595 malum
875 554 1047 594 iudicem
1084 555 1187 593 male
1223 554 1370 604 perire,
1413 555 1460 593 ut
1495 553 1659 593 deorum
1693 555 1798 593 iram

261 617 365 656 clare
396 618 562 655 cernant
585 616 774 655 homines.
830 615 1050 654 Mittuntur
1074 615 1180 653 enim
1205 627 1230 653 a
1254 614 1351 653 Ioue
1377 615 1634 664 tempestates
1661 608 1797 668 (Hom.

261 676 302 715 M
330 677 414 715 253
444 677 489 714 H
511 676 594 715 365
622 675 716 714 Hor.
743 687 861 715 carm.
882 674 902 713 I
929 676 952 713 2
985 674 1193 725 inscriptio
1218 673 1374 712 Notizie
1399 673 1435 711 d.
1462 685 1512 713 sc.
1543 673 1653 713 1891
1681 686 1718 724 p.
1741 674 1795 712 21

263 733 385 775 ‘Iouis
430 730 711 788 Tempestati')
762 737 883 784 atque
933 736 1092 784 poetam
1142 734 1239 773 haec
1287 735 1347 772 ita
1395 733 1660 783 composuisse
1699 734 1798 783 puto

262 808 475 835 memorem
518 794 682 835 Homeri
727 795 772 832 H
799 795 884 833 384
917 806 1024 844 seqq.
1075 794 1142 833 ubi
1186 793 1234 832 de
1276 794 1513 843 tempestate
1557 792 1607 832 ob
1649 786 1799 832 iudices

261 854 462 906 improbos
495 868 519 894 a
550 855 645 894 Ioue
675 856 780 894 irato
810 855 1007 893 immissa:

440 936 494 986 ὡς
526 933 563 977 δ’
585 936 664 977 ὑπὸ
695 937 853 977 λαίλαπι
884 942 990 976 πᾶσα
1020 934 1182 988 κελαινὴ
1214 934 1376 989 βέβριθε
1407 935 1520 989 χθών

442 993 554 1050 ’ἤματ’
588 995 787 1052 ὀπωρινῷ,
817 996 878 1036 ὅτε
909 995 1150 1050 λαβρότατον
1179 994 1255 1048 χέει
1285 995 1393 1049 ὕδωρ

443 1057 557 1108 Ζεύς,
589 1056 650 1096 ὅτε
682 1056 732 1108 δή
764 1051 802 1110 ῤ’
835 1053 1020 1110 ἄνδρεσσι
1049 1055 1332 1107 κοτεσσάμενος
1362 1054 1576 1111 χαλεπήνῃ,

442 1118 482 1157 οἳ
511 1117 579 1172 βίῃ
611 1115 683 1156 εἰν
714 1114 863 1173 ἀγορῇ
895 1114 1089 1163 σκολιὰς
1119 1115 1317 1168 κρίνωσι
1349 1113 1601 1166 θέμιστας,

442 1175 484 1216 ἐκ
516 1174 559 1216 δὲ
590 1175 708 1228 δίκην
739 1175 916 1222 ἐλάσωσι,
947 1179 1056 1215 θεῶν
1088 1172 1180 1215 ὄπιν
1211 1174 1285 1215 οὐκ
1315 1172 1519 1228 ἀλέγοντες

263 1287 295 1312 e.
316 1287 351 1323 q.
373 1285 401 1312 s.
428 1273 524 1312 conf
547 1271 701 1312 Callim.
722 1272 855 1322 hymn.
875 1272 918 1310 in
937 1271 1020 1311 Iou.
1043 1273 1109 1311 81.
1155 1270 1284 1309 Plaut.
1299 1270 1399 1309 Rud.
1414 1270 1512 1320 prol.
1530 1270 1583 1309 15
1603 1269 1801 1308 Prellerus

263 1333 459 1373 Robertus
491 1333 538 1371 de
571 1331 637 1372 Gr.
658 1332 823 1383 mythol.
845 1331 863 1370 I
890 1345 926 1383 p.
950 1332 1045 1371 150.
1103 1330 1212 1377 Quae
1243 1332 1278 1369 si
1302 1332 1407 1369 recte
1432 1330 1593 1380 conieci,
1625 1329 1802 1380 aliquam

263 1394 543 1444 tempestatem
581 1406 683 1443 quae
720 1392 827 1431 intra
863 1404 1012 1431 annum
1049 1392 1257 1430 exeuntem
1295 1385 1493 1442 626l128
1535 1391 1576 1428 et
1606 1403 1677 1428 uer
1707 1390 1803 1428 anni

265 1448 465 1505 629s125
509 1452 702 1503 populum
739 1453 936 1491 terruerat
971 1450 1195 1490 Romanum
1237 1449 1455 1501 respexisse
1497 1449 1699 1499 putandus
1742 1450 1804 1489 est

264 1512 441 1552 Lucilius
484 1516 605 1563 atque
642 1512 927 1562 interpretatus
966 1523 1049 1550 esse
1087 1523 1133 1550 ea
1169 1511 1324 1549 ratione
1362 1522 1442 1560 qua
1479 1507 1558 1548 Cic.
1579 1508 1630 1548 ad
1667 1507 1800 1556 Quint.

265 1573 310 1611 fr.
331 1572 393 1611 ΠΙ
421 1574 444 1611 7
478 1573 757 1623 tempestatem
788 1584 893 1610 anno
928 1567 1095 1623 700s54
1129 1572 1306 1610 coortam
1336 1569 1527 1609 scribens:
1566 1565 1731 1608 ‘Romae
1762 1569 1804 1607 et

264 1634 434 1671 maxime
472 1632 606 1683 Appia
643 1632 696 1671 ad
732 1631 874 1670 Martis
911 1631 1013 1669 mira
1050 1630 1231 1670 alluuies.
1299 1628 1544 1680 Crassipedis
1581 1627 1802 1668 ambulatio

265 1692 419 1742 ablata,
461 1692 587 1741 horti,
630 1691 819 1731 tabernae
862 1691 1078 1743 plurimae:
1121 1702 1269 1742 magna
1311 1690 1373 1728 uis
1416 1701 1543 1740 aquae
1585 1700 1712 1739 usque
1751 1687 1804 1726 ad

264 1753 459 1804 piscinam
502 1751 714 1802 publicam.
789 1750 912 1803 Viget
960 1749 1061 1789 illud
1103 1749 1286 1789 Homeri:
1334 1744 1452 1801 ἤματ’
1499 1745 1683 1804 ὀπωρινῷ
1721 1777 1730 1787 .
1758 1779 1766 1787 .
1793 1778 1803 1787 .

265 1811 477 1868 χαλεπήνῃ.
541 1810 660 1851 Cadit
697 1811 802 1850 enim
838 1811 881 1850 in
919 1810 1212 1850 absolutionem
1249 1807 1430 1848 Gabinii:
1471 1807 1516 1848 οῗ
1540 1807 1608 1864 βίῃ
1629 1838 1637 1847 .
1659 1838 1667 1847 .
1689 1839 1696 1847 .
1717 1805 1803 1847 ἀλέ-

265 1867 423 1926 γοντες’.
498 1871 640 1911 Dicere
692 1873 853 1922 poetam
897 1871 1047 1910 certam
1089 1870 1267 1921 aliquam
1310 1869 1588 1920 tempestatem
1632 1866 1805 1907 efficitur

266 1944 357 1971 cum
393 1931 504 1981 inde,
541 1931 647 1982 quod
683 1931 757 1970 hoc
794 1931 829 1970 si
865 1931 1059 1970 sumimus
1095 1930 1242 1969 mirum
1279 1930 1474 1979 quantum
1513 1928 1626 1979 uiget
1655 1929 1805 1977 satura,

265 1995 351 2031 tum
405 1992 506 2031 hamc
562 1991 794 2042 pronomine
849 1990 1044 2041 apposito.
1125 1989 1233 2029 Bene
1288 1989 1474 2041 congruit
1523 1987 1628 2038 quod
1677 1986 1804 2027 Iulius

266 2050 496 2102 Obsequens
530 2052 584 2091 29
618 2045 715 2104 (89)
746 2051 870 2090 refert
900 2049 951 2089 ad
983 2063 1131 2089 annum
1163 2044 1360 2102 628s126
1387 2047 1439 2086 M.
1460 2047 1633 2087 Aemilio
1658 2046 1700 2086 L.
1721 2046 1803 2086 Au-

266 2111 365 2151 relio
415 2123 530 2151 cosa:
581 2107 804 2150 ‘Nocturna
846 2111 1084 2161 tempestate
1131 2109 1172 2147 in
1209 2106 1408 2160 Capitolio
1453 2107 1610 2158 aliquot
1651 2107 1804 2157 templa

266 2183 455 2211 concussa
491 2174 594 2210 sunt.
658 2170 807 2209 Romae
845 2172 885 2209 et
922 2170 1027 2209 circa
1064 2169 1229 2208 fulmine
1266 2167 1457 2219 pleraque
1501 2166 1654 2207 deiecta
1694 2163 1802 2206 sunt'

266 2226 377 2285 (uide
402 2231 579 2283 prolegg.
600 2244 636 2282 p.
651 2224 751 2283 XL).
802 2229 945 2280 Itaque
969 2229 1044 2269 hoc
1070 2242 1173 2268 anno
1199 2227 1410 2267 concilium
1434 2226 1598 2267 deorum
1621 2225 1804 2266 habitum

265 2291 423 2331 finxisse
454 2292 614 2341 poetam
646 2289 804 2341 colligo,
834 2291 877 2328 in
910 2302 988 2340 quo
1020 2289 1268 2328 decreuerint
1298 2290 1339 2327 et
1371 2287 1610 2338 tempestate
1639 2287 1805 2326 inmissa

268 2351 463 2390 declarari
513 2352 695 2401 oportere
743 2350 846 2389 iram
896 2348 1060 2388 deorum
1101 2349 1145 2387 in
1187 2347 1338 2387 malum
1380 2346 1554 2386 iudicem
1597 2348 1637 2386 et
1678 2346 1804 2398 ipsius

265 2413 394 2450 morte
425 2411 576 2450 satiari.
632 2409 739 2449 Mors
770 2407 876 2460 Lupi
907 2408 1135 2461 prodigiosa
1167 2407 1212 2447 fit
1242 2408 1346 2447 sicut
1375 2406 1537 2446 Romuli
1567 2407 1804 2457 tempestate

267 2470 404 2510 eodem
440 2471 619 2521 tempore
657 2471 812 2519 coorta,
848 2469 966 2508 sicuti
1004 2467 1144 2508 auctor
1179 2467 1462 2507 consolationis
1494 2466 1544 2505 ad
1575 2465 1734 2505 Liuiam
1766 2479 1803 2504 u.

267 2532 351 2570 401
386 2542 493 2581 seqq.
525 2531 665 2568 narrat
695 2529 743 2569 de
774 2530 902 2568 morte
932 2528 1070 2567 Drusi:

481 2613 663 2663 Iuppiter
694 2614 787 2652 ante
818 2611 931 2651 dedit
959 2612 1037 2651 fati
1066 2611 1175 2651 mala
1204 2612 1321 2663 signa
1352 2611 1503 2649 cruenti

552 2672 811 2712 Flammifera
839 2672 960 2722 petiit
989 2683 1081 2710 cum
1111 2672 1191 2710 tria
1221 2670 1373 2722 templa
1403 2682 1537 2720 manu,

481 2732 724 2783 Iunonisque
755 2731 902 2784 gradus
934 2733 1053 2770 notae
1083 2730 1391 2782 impauidaeque
1421 2729 1627 2769 Mineruae

555 2791 781 2842 Sanctaque
812 2794 854 2830 et
882 2792 1066 2831 immensi
1098 2789 1278 2830 Caesaris
1308 2790 1391 2829 icta
1421 2801 1579 2829 manus:

387 2860 457 2892 405
484 2852 625 2891 Sidera
655 2853 754 2902 quin
785 2852 908 2890 etiam
938 2851 1047 2890 caelo
1075 2850 1223 2902 fugisse
1248 2849 1433 2889 feruntur
1453 2880 1460 2888 .
1480 2880 1487 2888 .
1510 2880 1517 2888 .

207 2948 212 2952 ’
270 2948 364 2988 Sine
389 2947 511 2988 dubio
535 2947 655 2987 huius
680 2946 746 2987 dei
770 2947 968 2987 sententia
992 2947 1093 2985 uicit
1116 2948 1328 2996 postremo,
1353 2946 1426 2995 qui
1448 2944 1607 2995 Lupum
1626 2942 1803 2984 occiden-

269 3008 363 3048 dum
388 3019 472 3047 esse
497 3008 703 3046 censuerit.
758 3006 897 3059 Neque
928 3019 1024 3046 uero
1049 3005 1244 3046 iambicus
1270 3006 1355 3044 eius
1381 3003 1534 3044 obitum
1558 3003 1804 3055 tanquillam
