2060 3444
304 272 391 315 304
858 269 975 306 XXIX
1001 282 1038 306 u.
1065 273 1263 306 eie-920.

304 385 507 434 auxilium,
538 386 622 422 tarn
655 383 730 422 etsi
767 384 826 422 est
866 383 1030 435 indigna
1061 384 1107 422 ut
1137 384 1340 433 meretrix,
1371 385 1418 422 ut
1447 384 1583 423 feram.
1647 386 1726 423 tam
1755 385 1837 430 etsi,

303 446 350 483 ut
385 444 452 482 lib.
477 443 514 480 V
545 456 583 481 u.
612 443 707 481 181.
784 440 974 494 ‘collegae
1017 442 1227 494 auxilium,
1268 445 1352 482 tam
1409 444 1485 482 etsi
1530 445 1591 482 est
1639 443 1839 495 indignus,

305 500 444 542 feram’
478 503 725 543 Passeratius
766 502 864 542 codd
902 499 1206 553 refragantibus.
1270 501 1348 541 Cic.
1375 502 1416 541 in
1447 503 1558 541 Verr.
1585 502 1626 541 ΙΙ
1653 503 1697 552 3,
1731 504 1754 542 9
1789 499 1839 556 ‘si

305 563 417 602 uobis
448 561 604 614 indigni
630 564 760 601 essent
784 562 873 612 uisi,
905 562 1047 612 quibus
1076 575 1191 613 opem
1218 563 1488 612 auxiliumque
1514 559 1697 602 ferretis'.
1753 562 1837 601 Iam

305 623 355 661 ad
387 622 567 662 conuicia
598 622 748 661 amicus
773 623 840 660 ille
866 622 1056 672 procedit,
1081 635 1171 661 cum
1196 622 1402 674 indignam
1427 622 1626 662 beneficiis
1652 623 1731 662 suis
1757 634 1840 662 esse

304 683 509 721 mulierem
542 682 745 721 exclamet.

425 736 535 782 917.
584 741 738 780 Nonius
788 754 825 791 p.
866 742 970 790 252,
1013 743 1064 779 13
1118 738 1322 791 ‘Can-pere,
1377 742 1558 781 celeriter
1613 743 1840 792 praeterire.

264 850 267 852 Ι
383 802 559 840 Lucilius
585 800 651 839 lib.
673 800 865 839 XXVIHI
886 797 1084 840 “hiemem
1109 832 1115 839 .
1139 832 1145 838 .
1169 833 1175 839 .
1197 797 1419 851 carpa1n''.'
1472 801 1667 840 Similiter
1685 801 1840 840 Terent.

306 861 472 912 Adelph.
501 861 587 900 590
619 856 738 899 ‘Nam
769 860 850 899 iam
877 861 992 899 abibo
1019 864 1140 911 atque
1167 874 1287 899 unum
1316 861 1516 911 quicquid,
1549 861 1652 911 quod
1683 860 1840 911 quidem

307 923 384 960 erit
426 921 703 969 bellissimum,
747 932 907 970 carpam
952 923 991 959 et
1035 921 1200 970 cyathos
1250 920 1445 960 sorbilans
1495 921 1690 971 paulatim
1739 920 1843 959 hunc

308 981 523 1032 producam
566 977 698 1018 diem'.
766 980 926 1019 hiemem
970 980 1128 1019 uidetur
1170 993 1253 1018 esse
1297 982 1526 1031 corruptum
1564 983 1605 1018 et
1641 980 1842 1019 ablatiuus

307 1040 590 1088 restituendus,
634 1039 692 1078 ita
736 1042 781 1077 ut
823 1041 1023 1090 spectetur
1059 1039 1195 1079 fabula
1233 1040 1280 1078 de
1317 1040 1481 1079 formica
1514 1053 1633 1090 quam
1665 1040 1843 1090 exemplo

260 1116 263 1117 ⁷
308 1101 516 1151 proposuit
545 1099 613 1138 lib.
639 1099 731 1137 XIX
758 1112 794 1137 u.
817 1100 898 1137 561
923 1111 1001 1150 seq.

427 1154 539 1199 918.
582 1159 734 1197 Nonius
778 1172 814 1208 p.
843 1159 946 1208 278,
988 1160 1042 1198 10
1087 1156 1308 1197 ‘Delenitus
1360 1161 1419 1198 est
1462 1162 1593 1198 mente
1636 1160 1843 1198 alienatus.

409 1218 584 1258 Lucilius
621 1218 688 1256 lib.
722 1218 930 1257 XXVIII
963 1215 1184 1257 “concedat
1318 1218 1424 1269 quod
1466 1219 1552 1257 uult
1677 1227 1845 1268 prorsus

310 1292 355 1318 ac
383 1311 389 1317 .
411 1311 417 1317 .
440 1310 447 1318 .
475 1274 657 1329 eligat’'.’
714 1278 825 1316 Idem
850 1291 887 1328 p.
910 1279 1007 1327 269,
1035 1280 1087 1316 29
1124 1274 1372 1328 ‘Concedere,
1395 1278 1488 1317 dare
1514 1278 1577 1317 uel
1604 1278 1843 1329 permittere.

312 1371 318 1378 .
342 1371 347 1377 .
370 1372 377 1380 .
404 1338 581 1377 Lucilius
613 1337 680 1376 lib.
701 1337 894 1376 XXVIIII
921 1334 1141 1377 “concedat
1169 1370 1174 1376 .
1198 1369 1204 1376 .
1228 1370 1234 1376 .
1261 1334 1495 1377 deleniat’'.’
1551 1338 1660 1377 Idem
1686 1351 1724 1388 p.
1746 1339 1844 1387 301,

313 1400 366 1437 10
394 1394 578 1449 ‘Eligere,
604 1397 831 1448 defetigere.
888 1397 1066 1437 Lucilius
1092 1397 1158 1436 lib.
1180 1397 1373 1436 XXVIIII
1396 1393 1659 1448 “corrumpat
1676 1409 1846 1447 prorsus

310 1459 362 1497 ad
495 1453 679 1509 eligat''.’
742 1456 902 1507 Duplici
946 1457 1068 1495 Nonii
1112 1458 1341 1496 testimonio
1383 1458 1416 1495 si
1459 1456 1653 1496 confidere
1696 1456 1846 1507 licebit,

309 1530 448 1556 reuera
466 1516 642 1555 Lucilius
668 1528 715 1554 us
741 1515 936 1566 syllabam
962 1518 1003 1554 in
1024 1528 1190 1564 prorsus
1215 1518 1301 1567 pati
1320 1529 1459 1567 passus
1480 1519 1540 1556 est
1559 1517 1844 1567 synaloepham

309 1580 516 1627 tamquam
548 1577 589 1614 in
620 1588 686 1615 um
711 1576 991 1614 terminatione
1019 1576 1123 1626 quod
1148 1577 1189 1615 in
1216 1572 1414 1615 Plautinis
1439 1589 1513 1615 usu
1538 1577 1673 1615 uenire
1699 1576 1845 1615 fabulis

311 1638 474 1687 exponit
504 1636 584 1674 Leo
617 1635 775 1682 Quaest.
796 1635 967 1674 Plautin.
995 1635 1122 1674 Berol.
1152 1637 1264 1676 1895
1304 1649 1341 1686 p.
1364 1637 1447 1675 224
1469 1648 1595 1686 seqq:
1627 1635 1675 1675 de
1706 1647 1846 1676 rwrsus

311 1696 433 1736 simili
463 1696 580 1734 modo
618 1695 748 1746 posito
786 1696 828 1734 in
865 1708 982 1734 uersu
1019 1696 1114 1735 conf
1142 1695 1217 1734 GL
1242 1695 1300 1734 VI
1331 1709 1367 1746 p.
1390 1696 1488 1746 448,
1518 1695 1622 1734 131(
1654 1695 1763 1734 Seru.
1796 1696 1847 1734 ad

311 1757 407 1795 Aen.
434 1755 474 1793 II
501 1756 597 1794 508.
636 1777 694 1782 —
730 1756 913 1800 deleniat,
952 1758 997 1793 ut
1034 1755 1100 1794 lib.
1127 1755 1236 1794 XXX
1274 1770 1309 1794 u.
1340 1756 1452 1795 1004
1493 1751 1648 1795 ‘delenit
1688 1751 1846 1796 amore'.

312 1816 439 1855 Mores
469 1815 688 1854 adulatoris
714 1814 1005 1854 describuntur:
1037 1815 1132 1854 conf
1152 1815 1219 1853 lib.
1239 1815 1391 1854 XXVII
1417 1829 1454 1854 u.
1478 1816 1572 1854 724.
1606 1836 1661 1843 -—
1690 1811 1847 1854 ‘neruos

311 1877 436 1914 omnis
479 1870 607 1924 eliyat'
631 1867 882 1913 'Gerlachius
924 1875 1111 1913 lectorem
1155 1875 1308 1927 relegat
1351 1874 1402 1914 ad
1444 1874 1522 1914 Cic.
1556 1875 1670 1914 Tusc.
1703 1874 1765 1914 111
1791 1875 1846 1914 84

313 1931 424 1974 ‘haec
455 1935 548 1973 sunt
579 1934 674 1972 illae
704 1933 827 1972 fibrae
859 1934 1057 1984 stirpium,
1090 1947 1188 1984 quas
1219 1936 1336 1974 initio
1361 1934 1456 1984 dixi,
1488 1934 1782 1985 persequendae
1808 1936 1848 1973 et

313 2006 446 2033 omnes
478 1989 697 2044 eligendae'
737 1995 806 2043 qui
843 1993 960 2031 initio
999 1993 1153 2032 dixerat
1191 1987 1286 2047 (13)
1327 1990 1476 2032 eomnes
1513 1994 1692 2033 radicum
1729 1993 1847 2032 fibras

313 2049 496 2092 euellere'
524 2048 637 2106 (conf
659 2053 714 2090 83
741 2052 840 2090 med.
867 2052 914 2091 de
941 2052 1063 2091 diuin.
1083 2053 1123 2091 II
1145 2047 1268 2106 149);
1294 2053 1532 2092 uocabulum
1560 2056 1618 2092 est
1643 2055 1847 2092 rusticum.

313 2113 422 2151 Idem
449 2115 582 2151 tamen
610 2110 687 2150 Cic.
714 2112 827 2150 Tusc.
852 2112 893 2150 Π
920 2113 973 2150 27
1001 2112 1159 2162 scripsit
1185 2109 1341 2151 ‘neruos
1374 2114 1501 2152 omnis
1522 2143 1530 2151 .
1549 2144 1559 2151 ..
1583 2144 1590 2151 .
1612 2109 1782 2151 elidunt'
1814 2114 1847 2151 si

314 2174 418 2211 recte
455 2171 627 2210 traditus
665 2174 725 2210 est
760 2172 879 2210 locus.
949 2167 1047 2211 ‘sine
1091 2184 1177 2211 osse
1215 2175 1254 2211 et
1294 2169 1442 2211 neruis’
1481 2173 1650 2224 amicam
1687 2172 1847 2211 mollem

315 2231 502 2270 describit
556 2231 684 2269 Varro
742 2233 815 2270 sat.
860 2231 1032 2282 Menipp.
1081 2232 1166 2270 432
1181 2232 1232 2270 B:
1287 2229 1622 2285 ἐκνενευρισμένοι
1678 2231 1846 2270 audiunt

316 2291 574 2330 Athenienses
607 2303 668 2340 ap.
694 2290 948 2330 Demosthen.
974 2291 1035 2329 HI
1062 2292 1128 2330 31.

433 2345 544 2389 920.
576 2350 729 2389 Nonius
754 2363 792 2400 p.
821 2351 917 2399 289,
945 2351 997 2389 26
1030 2347 1218 2402 ‘Deferre,
1245 2351 1416 2390 celatum
1442 2351 1617 2401 prodere.
1669 2350 1848 2389 Lucilius

312 2411 379 2449 lib.
399 2409 591 2448 XXVIIII
617 2406 695 2463 (ita
714 2410 770 2448 L:
801 2409 973 2448 XXVIII
994 2405 1049 2463 G)
1078 2407 1355 2461 “quapropter
1381 2442 1388 2448 .
1411 2442 1417 2449 .
1441 2442 1447 2448 .
1472 2411 1546 2449 hac
1573 2411 1783 2461 persequi..
1807 2442 1813 2448 .
1839 2442 1846 2448 .

312 2466 544 2509 hominis''.'
606 2469 796 2518 Hortare,
833 2471 879 2508 ut
909 2481 1047 2520 pacem
1085 2482 1174 2508 cum
1211 2470 1281 2508 illo
1317 2470 1451 2520 potius
1490 2482 1743 2520 componam:
1781 2469 1849 2508 sed

314 2542 452 2569 uereor
487 2542 536 2567 ne
573 2530 720 2567 iterum
757 2528 808 2567 ab
849 2542 895 2568 eo
938 2531 1171 2579 accepturus
1215 2530 1290 2568 sim
1333 2530 1534 2568 iniuriam.
1598 2529 1850 2580 Quapropter

314 2591 504 2628 certumst
535 2590 673 2627 contra
703 2588 831 2627 facere
864 2590 983 2639 atque
1022 2589 1184 2627 suasisti
1220 2591 1260 2628 et
1295 2601 1438 2628 nomen
1477 2589 1628 2628 deferre
1665 2589 1847 2628 hominis.

321 2646 486 2687 ‘certum
519 2649 580 2686 est
609 2644 752 2686 facere’
785 2647 1032 2686 Plautinum:
1070 2648 1166 2687 conf
1188 2648 1269 2687 Mil.
1297 2649 1380 2688 303
1415 2646 1582 2688 ‘certum
1615 2650 1676 2687 est
1703 2645 1847 2687 facere’

318 2710 402 2747 522
436 2705 508 2746 ‘ita
538 2707 667 2746 facere
694 2708 843 2746 certum
870 2704 943 2746 est'
978 2702 1054 2761 (=
1076 2702 1180 2761 574)
1208 2707 1363 2747 Terent.
1389 2708 1545 2747 Phorm.
1570 2709 1652 2747 551
1682 2703 1849 2747 ‘certum

317 2769 378 2806 est
419 2763 628 2817 persequi’.
684 2768 884 2815 persequi,
928 2767 1164 2806 uocabulum
1207 2768 1380 2807 forense:
1430 2767 1509 2807 Cic.
1538 2780 1611 2817 pro
1635 2766 1764 2806 Flacc.
1792 2768 1845 2805 47

319 2825 437 2865 ‘hunc
486 2827 735 2865 aestuantem
784 2828 824 2864 et
871 2828 1202 2877 tergiuersantem
1251 2827 1399 2866 iudicio
1448 2827 1516 2865 ille
1571 2823 1847 2877 persequitur'.

318 2886 456 2924 Posuit
479 2886 554 2925 hoc
577 2886 844 2937 fragmentum
870 2888 962 2925 ante
987 2885 1054 2924 lib.
1074 2886 1247 2924 XXVHI
1265 2899 1304 2925 u.
1328 2887 1411 2925 784
1438 2886 1469 2924 I.
1490 2886 1685 2925 Beckerus
1705 2884 1847 2924 Philol.

319 2945 355 2982 V
378 2946 488 2983 1847
510 2959 547 2995 p.
569 2946 623 2983 43
650 2944 927 2984 Lachmannus
954 2945 1042 2984 alii:
1068 2958 1138 2984 nos
1164 2945 1309 2985 codicis
1329 2945 1361 2984 L
1381 2947 1506 2984 secuti
1525 2957 1660 2985 sumus
1679 2945 1849 2983 auctor-i-

319 3006 444 3043 tatem
476 3017 595 3054 quam
630 3004 837 3044 confirmat
874 3005 970 3044 ordo
1007 3006 1259 3044 lemmatum:
1297 3005 1388 3043 uide
1425 3005 1601 3055 prolegg.
1627 3018 1663 3055 p.
1690 3003 1848 3042 XCVII.
