2060 3444
864 267 899 316 11
923 282 958 311 a.
987 270 1141 312 asam.
1719 262 1777 315 29

969 464 1038 521 11.

345 568 430 614 55.
461 573 663 625 Interpres
694 570 934 611 Veronensis
959 569 1131 622 Vergilii
1161 568 1213 608 ad
1238 568 1335 608 Aen.
1362 568 1404 607 II
1431 567 1483 607 81
1519 581 1557 619 p.
1584 567 1683 617 418,
1705 566 1778 606 ΒΗ

233 631 260 674 ‘.
279 664 288 674 .
309 663 318 672 .
344 635 385 673 et
409 633 607 673 Pacuuius
633 633 674 672 in
701 632 853 671 Teucro
880 624 1022 686 (TRW
1052 643 1090 680 p.
1120 629 1204 669 135
1231 623 1358 682 IVR)
1386 625 1581 667 “Nihilne
1608 641 1632 667 a
1657 628 1780 668 Troia

232 694 422 746 adportat
457 690 639 732 fando?''
691 691 868 731 Lucilius
905 692 948 730 in
973 690 1015 729 H
1053 686 1249 728 “fandum
1294 688 1423 739 adque
1543 687 1779 727 iterabimus

231 750 455 806 <famam”.
487 755 617 802 itaque
647 749 739 804 hic>
761 751 941 803 patiendi
969 751 1053 789 uim
1078 762 1158 788 non
1184 748 1329 801 agendi
1354 748 1492 787 habet:
1525 760 1647 798 supra
1672 760 1780 797 uero,

234 811 356 865 “quis
393 813 494 853 talia
531 813 651 853 fando
683 807 1026 863 Myrmidonum'',
1066 810 1200 849 actiuo
1238 808 1355 848 modo
1393 805 1647 848 enuntiauit?
1694 808 1779 847 fan-

232 870 344 927 dam]
397 873 582 924 praeibat
637 873 798 912 datiuus
853 871 987 911 multis
1042 871 1107 909 uel
1162 869 1351 909 ommibus.
1433 868 1587 907 Ennius
1638 863 1781 922 (ΤΒΕΒ

231 947 270 985 p.
298 934 354 973 23
380 934 439 973 VI
465 929 572 988 5R):
606 930 768 984 ‘Apollo
801 932 896 970 fatis
921 930 1053 970 fandis
1079 930 1302 969 dementem
1328 929 1502 968 inuitam
1527 925 1632 968 ciet'
1659 929 1780 967 itera-

232 989 384 1047 bimus]
409 993 671 1033 narrabimus.
714 993 782 1032 Ita
807 989 922 1031 Ouid.
944 1003 978 1030 a.
999 1003 1035 1030 a.
1055 990 1076 1029 I
1096 991 1179 1029 681
1210 987 1363 1029 ‘fabula
1388 991 1485 1029 nota
1511 988 1683 1039 quidem,
1711 988 1781 1027 sed

232 1067 313 1095 non
331 1054 498 1106 indigna
515 1050 683 1103 referri’3
702 1051 799 1092 Hor.
819 1064 933 1091 serm.
947 1051 969 1091 I
985 1052 1022 1100 7,
1039 1053 1060 1090 1
1086 1048 1240 1102 ‘Rupili
1258 1062 1332 1101 pus
1353 1051 1474 1100 atque
1493 1062 1691 1088 uenenum
1712 1080 1719 1086 .
1742 1079 1749 1086 .
1771 1079 1779 1087 .

236 1127 315 1166 quo
347 1116 466 1165 pacto
497 1114 552 1153 sit
582 1113 742 1153 Persius
772 1113 900 1162 ultus,
931 1111 1076 1162 opinor
1106 1110 1289 1150 omnibus
1326 1111 1368 1148 et
1403 1111 1526 1161 lippis
1563 1111 1703 1148 notum
1741 1110 1782 1148 et

232 1174 461 1214 tonsoribus
489 1172 602 1214 esse’.
652 1173 814 1212 Albucii
844 1174 886 1211 et
910 1172 1034 1211 Mucii
1065 1171 1368 1210 altercationem
1400 1170 1508 1221 apud
1532 1169 1681 1208 iudices
1706 1169 1781 1208 hoc

231 1234 335 1274 libro
366 1237 574 1273 narratam
610 1234 732 1273 fuisse
772 1233 1024 1283 exposuimus
1062 1232 1239 1283 prolegg.
1272 1244 1309 1281 p.
1336 1229 1428 1269 XLI
1442 1242 1568 1280 seqq.:
1613 1229 1716 1269 liber
1739 1229 1781 1267 Π

233 1295 354 1335 sicuti
376 1295 397 1333 Ι
428 1297 469 1334 et
498 1294 561 1334 111
591 1306 713 1333 unam
743 1292 1020 1333 tantummodo
1053 1292 1297 1331 continuisse
1327 1290 1489 1330 uidetur
1521 1291 1710 1330 saturam.

356 1349 433 1395 56.
465 1354 648 1394 Donatus
680 1354 733 1393 ad
763 1354 852 1392 Ter.
877 1353 1036 1392 Phorm.
1061 1352 1083 1391 I
1110 1353 1148 1402 2,
1177 1353 1231 1391 73
1267 1348 1400 1397 “‘Qui
1430 1351 1546 1390 illum
1577 1349 1620 1388 di
1645 1362 1781 1389 omnes

233 1412 466 1466 perduint''.
530 1411 672 1461 “Qui''
709 1415 866 1454 utinam
903 1414 965 1452 est
1000 1414 1047 1452 ut
1077 1411 1255 1452 Lucilius
1292 1412 1336 1450 in
1373 1411 1564 1450 secundo:
1604 1407 1705 1459 “qui
1741 1412 1781 1449 te

235 1476 426 1515 montane
456 1476 608 1514 malum
638 1475 693 1514 ad
723 1476 855 1514 cetera
885 1470 1078 1526 pergit'’.’
1141 1473 1289 1512 Versus
1321 1472 1471 1510 exitum
1504 1483 1588 1510 esse
1623 1471 1781 1510 saluum

234 1536 339 1575 salui
374 1535 551 1587 produnt
594 1535 750 1574 numeri
793 1536 834 1574 et
876 1534 974 1573 haec
1018 1533 1215 1583 exempla:
1260 1531 1340 1571 Cic.
1379 1531 1430 1570 ad
1461 1530 1546 1570 Att.
1572 1531 1631 1570 IV
1660 1531 1727 1580 16,
1755 1531 1779 1568 2

237 1592 369 1635 ‘Nunc
399 1608 566 1647 pergam
604 1595 655 1634 ad
692 1592 851 1635 cetera’.
913 1594 1027 1632 Brut.
1057 1593 1140 1632 158
1181 1589 1415 1643 ‘Pergamus
1454 1604 1566 1643 ergo,
1603 1592 1782 1641 inquam,

236 1655 287 1695 ad
317 1653 486 1706 reliqua'
521 1655 568 1696 de
599 1656 701 1707 legg.
727 1655 769 1695 Π
796 1656 850 1693 69
885 1651 969 1693 ‘sed
1000 1666 1121 1705 perge
1152 1650 1311 1692 cetera'.
1373 1664 1446 1702 pro
1477 1651 1606 1691 Flacc.
1636 1652 1703 1700 17,
1724 1651 1778 1689 41

237 1712 332 1755 ‘Sed
364 1746 372 1753 .
395 1746 402 1753 .
424 1746 432 1755 .
465 1728 554 1765 nos,
592 1717 638 1754 ut
671 1715 918 1754 instituimus
957 1713 1007 1752 ad
1043 1713 1200 1764 reliqua
1236 1709 1478 1764 pergamus'.
1540 1711 1782 1750 Vocatiuum

235 1779 417 1815 moneam
449 1788 526 1827 quo
559 1774 753 1814 uocabulo
784 1774 913 1814 utitur
943 1774 1063 1825 poeta
1095 1773 1233 1812 incert.
1265 1786 1303 1811 u.
1338 1772 1452 1810 1246
1485 1771 1569 1810 noli
1607 1773 1781 1810 mutaret

236 1835 438 1888 significat
480 1836 586 1875 enim
634 1836 828 1874 rusticum
877 1836 918 1873 et
967 1835 1165 1886 agrestem
1208 1833 1274 1872 uel
1322 1829 1606 1885 βεκκεσέληνον
1650 1825 1780 1885 (Caes.

236 1895 273 1934 b.
299 1908 332 1934 c.
357 1895 379 1935 I
405 1897 474 1946 57,
500 1897 525 1935 3
560 1892 755 1935 ‘homines
787 1896 919 1946 asperi
950 1895 991 1933 et
1020 1893 1202 1933 montani
1234 1896 1275 1932 et
1305 1892 1514 1932 exercitati
1548 1892 1591 1931 in
1623 1886 1781 1945 armis')

237 1957 279 1995 et
309 1955 534 1995 adhibitum
563 1955 606 1994 id
636 1955 758 1995 fuisse
786 1956 828 1993 in
855 1955 1035 1994 conuicio
1059 1954 1149 1996 ideo
1174 1953 1381 2004 probabile
1407 1955 1479 2003 est,
1510 1951 1617 2003 quod
1642 1954 1783 2003 postea

238 2016 391 2055 factum
423 2018 483 2055 est
513 2028 731 2068 cognomen
763 2016 944 2068 gentium
976 2014 1252 2065 complurium.
1315 2013 1455 2063 Neque
1485 2012 1636 2052 malum
1670 2013 1782 2062 equi-

237 2075 326 2115 dem
356 2077 566 2115 mutarimz
602 2076 706 2115 solet
735 2075 810 2115 hoc
841 2074 1083 2114 uocabulum
1113 2075 1156 2113 in
1190 2073 1546 2125 imprecationibus
1584 2074 1625 2111 et
1652 2072 1782 2111 male-

237 2135 355 2175 dictis
388 2135 569 2175 adhiberi
600 2135 729 2175 ueluti
761 2134 840 2175 Cic.
874 2134 922 2174 de
954 2134 1016 2174 off.
1043 2134 1085 2173 H
1112 2135 1166 2174 53
1202 2131 1320 2184 ‘quae
1351 2135 1404 2183 te,
1436 2133 1599 2183 malum,
1637 2132 1784 2182 inquit,

237 2197 342 2236 ratio
366 2196 409 2235 in
427 2197 550 2236 istam
568 2208 680 2249 spem
699 2194 884 2235 induxit?
911 2195 952 2234 in
972 2195 1084 2236 Verr.
1106 2196 1181 2234 act.
1201 2194 1243 2234 Π
1262 2194 1330 2233 lib.
1350 2193 1371 2233 I
1392 2194 1447 2232 54
1470 2190 1602 2244 ‘quae,
1621 2193 1784 2242 malum,

238 2258 298 2298 esi:
315 2256 396 2296 ista
413 2258 528 2296 tanta
547 2252 751 2295 audacia':
777 2256 846 2295 sed
864 2256 939 2295 hoc
958 2256 1045 2294 loco
1065 2268 1155 2295 cum
1175 2257 1209 2293 te
1227 2252 1547 2306 coniungendam
1567 2254 1654 2292 erit.
1686 2252 1784 2292 Ver-

238 2329 326 2356 sum
350 2316 475 2356 simili
500 2329 580 2367 qua
603 2315 869 2356 Baehrensius
893 2315 990 2355 fecit
1013 2316 1170 2354 ratione
1195 2313 1470 2366 suppleuimus
1495 2326 1623 2364 neque
1647 2315 1783 2352 tamen

239 2376 351 2416 deest
379 2376 546 2415 uerbum
576 2375 752 2416 finitum:
788 2389 883 2416 nam
913 2376 1016 2415 solet
1045 2375 1087 2414 id
1125 2374 1291 2414 uerbum
1327 2375 1370 2413 in
1407 2373 1604 2414 eiusmodi
1639 2374 1783 2424 impre-

239 2436 463 2476 cationibus
489 2437 624 2476 omitti
644 2431 888 2491 (Draegerus
908 2438 1065 2487 syntax.
1086 2436 1111 2474 l.
1132 2434 1176 2474 L.
1196 2434 1288 2474 hist.
1309 2429 1348 2472 1²³
1372 2447 1410 2484 p.
1434 2428 1538 2487 199)
1565 2435 1614 2473 ut
1634 2431 1713 2472 Cic.
1733 2433 1784 2472 ad

239 2496 324 2535 Att.
344 2495 403 2535 IV
425 2498 463 2547 7,
485 2498 506 2535 1
543 2493 618 2535 ‘De
643 2496 859 2549 Apollonio
886 2495 993 2547 quod
1017 2495 1169 2545 scribis,
1194 2494 1264 2545 qui
1288 2494 1351 2534 illi
1377 2494 1420 2532 di
1443 2491 1567 2533 irati'.
1612 2494 1649 2533 X
1672 2494 1738 2543 15,
1756 2495 1782 2531 4

242 2553 336 2596 ‘Sed
366 2556 407 2595 di
439 2554 563 2597 istos’.
626 2556 807 2596 Lucilius
837 2557 924 2608 ipse
955 2556 1023 2595 lib.
1051 2555 1110 2594 VI
1140 2569 1177 2594 u.
1212 2555 1298 2594 240
1332 2551 1418 2604 ‘qui
1454 2555 1495 2593 te
1532 2553 1658 2593 bonus
1690 2553 1783 2604 Iup-

240 2617 363 2667 piter,
399 2614 560 2667 inquit’.
623 2613 829 2669 ‘<Atque>
867 2616 917 2655 ad
960 2618 1090 2655 cetera
1133 2612 1280 2668 pergit'
1326 2614 1450 2653 uerba
1493 2614 1587 2653 sunt
1629 2615 1784 2664 poetae,

242 2677 311 2727 qui
341 2678 481 2716 narrat
511 2678 730 2727 oratorem,
766 2676 808 2715 in
839 2677 1034 2716 orationis
1065 2688 1182 2715 cursu
1218 2676 1399 2714 conuicio
1437 2673 1658 2714 aduersarii
1694 2686 1784 2712 cum

241 2736 363 2775 fuerit
392 2736 590 2786 turbatus,
627 2736 728 2775 nihil
760 2736 904 2775 dixisse
936 2737 1014 2776 nisi
1047 2733 1131 2786 ‘qui
1156 2732 1255 2788 (di)
1285 2737 1339 2785 te,
1369 2735 1570 2784 montane,
1604 2730 1785 2783 malum’,

242 2797 364 2847 atque
399 2796 451 2836 ad
488 2798 620 2836 cetera
656 2797 884 2848 perrexisse.
947 2796 1244 2835 Nomentanum
1275 2794 1437 2833 Horatii
1472 2795 1516 2832 in
1552 2794 1628 2833 hoc
1664 2806 1784 2833 uersu

242 2856 390 2895 multos
420 2856 570 2896 frustra
602 2857 803 2906 quaesisse
834 2856 1005 2895 diximus
1037 2856 1089 2894 ad
1119 2869 1157 2894 u.
1191 2856 1258 2894 69.
1315 2854 1448 2893 Verba
1483 2853 1670 2892 uidentur
1701 2866 1785 2892 esse

242 2915 414 2955 Albucii.

363 2970 442 3016 57.
472 2975 627 3016 Nonius
659 2990 696 3028 p.
725 2977 824 3026 291,
850 2976 907 3016 30
934 2972 1108 3015 ‘Elidere
1134 2976 1257 3014 etiam
1282 2973 1487 3014 excludere
1513 2973 1736 3025 significat.
1752 3004 1783 3011 ..

243 3034 422 3076 Lucilius
453 3037 681 3087 satyrarum
712 3035 780 3075 lib.
805 3035 847 3075 Π
879 3032 1145 3076 “iniuriatmn
1166 3067 1172 3074 .
1195 3067 1202 3074 .
1225 3066 1232 3073 .
1253 3032 1375 3074 illi''.'
1429 3032 1591 3074 ‘Oculos
1623 3031 1782 3077 elidere’
