2060 3444
875 260 927 297 111
951 272 987 296 u.
1018 263 1216 297 lae-140.
1757 259 1811 303 67

263 376 379 428 pueri
407 375 593 415 lasanum
623 375 832 426 portantes
865 372 1231 427 oenophorumque'
1271 376 1312 414 et
1342 374 1500 415 Persius
1532 375 1571 413 V
1599 376 1684 415 140
1717 372 1815 415 ‘iam

263 437 397 488 pueris
428 435 574 486 pellem
605 436 828 475 succinctus
861 437 901 474 et
938 436 1210 486 oenophorum
1248 437 1382 486 aptas,
1420 437 1530 476 ocius
1568 436 1620 475 ad
1657 449 1815 486 nauem,

263 496 366 535 nihil
402 495 537 535 obstat
575 495 672 546 quin
709 495 822 535 trabe
860 497 979 535 uasta
1014 495 1222 548 Aegaeum
1264 493 1429 547 rapias'.
1499 495 1604 542 Quid
1647 497 1814 547 inquam

262 555 510 608 probabilius
550 569 669 607 quam
709 556 929 608 oenophori
972 556 1230 609 singulariter
1273 555 1427 595 dictum
1470 556 1577 607 apud
1614 556 1815 596 Luoffium

262 629 401 656 ueram
438 629 522 656 esse
558 617 789 667 lectionem,
832 629 954 667 quam
991 617 1287 656 concinniorem
1323 616 1487 656 reddere
1525 617 1584 656 ita
1625 617 1816 656 uolebant

264 677 537 729 grammatici,
568 678 615 716 ut
646 677 831 717 datiuum
861 678 1049 728 pluralis,
1087 678 1158 728 qui
1188 676 1344 716 Lucilio
1376 678 1650 729 peregrinanti
1686 678 1814 717 multo

262 738 395 776 minus
427 739 546 789 aptus
579 739 639 777 est
669 736 956 778 restituerent?
1005 737 1141 776 Etiam
1172 737 1378 777 quenalis
1409 750 1499 776 cum
1529 737 1627 777 dicit
1650 729 1731 776 VI'I
1759 739 1814 777 10

265 794 321 837 ‘et
351 798 502 836 uendas
539 799 675 849 potius
717 799 930 838 commissa
963 797 1070 848 quod
1109 799 1242 837 auctio
1280 798 1422 837 uendit
1458 798 1658 838 stantibus
1697 811 1814 837 oeno-

262 858 433 908 phorum
463 858 640 909 tripedes
673 859 848 898 armaria
880 855 1016 898 cistas’
1049 870 1130 897 non
1160 860 1345 909 quamuis
1370 859 1561 910 lagonam
1586 870 1669 898 esse
1696 871 1815 898 oeno-

262 918 434 969 phorum
465 918 656 968 declarat,
688 918 758 958 sed
788 919 990 970 peculiare
1023 918 1226 969 quoddam
1256 920 1374 958 unius
1401 919 1593 970 cuiusque
1617 919 1716 958 laris
1741 931 1814 958 uas

262 980 465 1018 uinarium
497 980 703 1018 continens
735 991 854 1019 cenae
886 980 996 1018 omni
1032 980 1229 1030 quantum
1268 979 1514 1019 destinatum
1551 981 1612 1019 est
1650 980 1692 1019 et
1727 980 1814 1018 uini

263 1040 304 1078 et
342 1052 481 1090 aquae.
551 1038 665 1086 Quod
701 1039 855 1079 indicat
895 1041 1106 1091 praeterea
1148 1041 1258 1080 iocus
1296 1040 1498 1079 Martialis
1523 1040 1582 1079 VI
1609 1040 1664 1079 89
1709 1037 1815 1080 ‘cum

261 1100 418 1151 peteret
447 1112 577 1140 seram
607 1098 740 1139 media
769 1100 852 1140 iam
883 1102 999 1140 nocte
1030 1101 1239 1140 matellam
1271 1102 1415 1152 arguto
1446 1100 1631 1140 madidus
1668 1100 1814 1151 pollice

261 1158 485 1200 Panaretus
512 1159 721 1212 Spoletina
752 1160 849 1200 data
880 1162 951 1211 est,
984 1161 1049 1201 sed
1081 1174 1203 1212 quam
1228 1162 1451 1201 siccauerat
1474 1163 1559 1213 ipse
1584 1173 1656 1200 nec
1681 1161 1816 1200 fuerat

262 1220 340 1260 soli
370 1222 457 1260 tota
487 1221 636 1272 lagona
667 1222 777 1261 satis.
827 1221 897 1260 ille
927 1220 1005 1260 fide
1036 1235 1193 1262 summa
1222 1223 1351 1261 testae
1383 1234 1456 1261 sua
1487 1223 1586 1260 uina
1610 1234 1814 1261 remensus

260 1280 437 1320 reddidit
468 1281 686 1332 oenophori
716 1281 894 1332 pondera
930 1282 1050 1332 plena
1088 1283 1162 1322 sui.
1223 1283 1384 1322 miraris
1423 1284 1621 1333 quantum
1657 1281 1815 1321 biberat

262 1342 411 1392 cepisse
443 1340 662 1393 lagonam?
705 1341 838 1382 desine
870 1343 1023 1391 mirari,
1051 1342 1171 1382 Rufe:
1203 1356 1358 1382 merum
1388 1339 1574 1382 biberat':
1607 1355 1730 1393 quare
1754 1342 1815 1381 fa-

261 1402 370 1441 ctum
403 1402 463 1441 est
492 1403 684 1441 nimirum
714 1403 761 1441 ut
792 1404 833 1442 et
862 1403 1010 1455 lagona
1041 1405 1083 1442 et
1113 1404 1362 1454 oenophorus
1394 1403 1560 1443 eandem
1600 1402 1815 1442 habuerint

261 1474 499 1501 mensuram.
580 1462 752 1502 Vertitur
795 1463 894 1514 quid
937 1464 992 1503 sit
1033 1464 1286 1514 intellegitur
1327 1463 1424 1502 Hor.
1470 1476 1585 1503 serm.
1617 1463 1659 1501 II
1691 1463 1730 1513 8,
1757 1464 1811 1502 39

263 1519 487 1561 ‘inuertunt
521 1522 713 1563 Allifanis
750 1524 910 1563 uinaria
947 1525 1038 1563 tota
1067 1523 1255 1564 Vibidius
1292 1520 1555 1574 Balatroque'
1595 1523 1666 1562 ubi
1703 1523 1813 1563 scho-

261 1582 383 1622 liasta
414 1584 520 1622 recte
551 1579 731 1636 uinaria]
763 1584 992 1635 oenophora
1024 1577 1240 1638 (ceneforia
1272 1584 1345 1623 cod
1376 1600 1411 1637 γ,
1443 1597 1516 1623 em.
1546 1578 1812 1638 Hauthalius)

263 1644 304 1681 et
334 1644 625 1682 commentator
651 1642 903 1694 Oruquianus
931 1641 1155 1683 ‘inuertunt
1185 1645 1356 1694 uinaria,
1380 1643 1407 1683 i.
1434 1657 1465 1684 e.
1492 1642 1690 1698 οἰνοφόρα
1715 1642 1813 1683 κατὰ

261 1705 439 1755 κεφαλῆς
469 1701 690 1756 τρέπονται,
722 1705 747 1742 1.
775 1717 806 1743 e.
833 1717 932 1743 uasa
962 1704 1124 1743 uinaria
1154 1706 1198 1743 in
1229 1706 1352 1755 caput
1382 1706 1559 1755 uertunt,
1590 1705 1650 1743 ita
1675 1705 1722 1743 ut
1746 1717 1813 1743 ore

261 1764 412 1802 terram
437 1760 662 1815 tangerent'
692 1763 776 1803 CIL
801 1764 861 1803 IV
889 1765 1002 1803 1819
1033 1761 1192 1804 ‘Suauis
1219 1766 1378 1804 uinaria
1404 1766 1504 1814 sitit,
1532 1755 1630 1817 rogo
1662 1777 1734 1804 uos
1773 1766 1814 1803 et

261 1823 381 1862 ualde
407 1820 510 1863 sitit’
538 1823 717 1863 quenal.
737 1824 797 1863 VI
817 1825 902 1864 425
932 1822 1110 1864 ‘tandem
1134 1825 1208 1864 illa
1232 1827 1346 1864 uenit
1370 1825 1650 1875 rubicundula,
1681 1826 1813 1864 totum

263 1884 535 1934 oenophorum
567 1885 725 1934 sitiens,
762 1885 883 1936 plena
915 1885 1021 1936 quod
1057 1885 1239 1924 tenditur
1275 1882 1407 1925 urna’.
1472 1885 1667 1924 Similiter
1697 1885 1812 1924 que-

262 1944 341 1983 nal.
366 1943 430 1983 ΙΠ
458 1944 541 1983 108
577 1941 627 1984 ‘si
657 1945 784 1984 trulla
813 1946 973 1985 inuerso
1005 1947 1203 1996 crepitum
1234 1946 1345 1985 dedit
1383 1959 1506 1985 aurea
1542 1943 1681 1985 fundo’
1716 1945 1812 1986 Hor.

262 2017 381 2044 carm.
404 2003 468 2043 III
494 2005 569 2054 29,
597 2006 621 2043 2
657 2002 752 2044 ‘non
783 2007 877 2044 ante
903 2018 1018 2044 uerso
1048 2038 1055 2045 .
1076 2036 1085 2045 .
1107 2037 1114 2044 .
1142 2003 1256 2046 cado'
1284 2006 1457 2058 Vergilii
1483 2001 1600 2060 (Aen.
1620 2006 1678 2045 IX
1707 2000 1811 2059 165)

262 2065 303 2103 et
345 2059 468 2103 Ennii
510 2064 809 2105 hemistichium
854 2063 1034 2105 ‘uertunt
1078 2067 1253 2106 crateras
1294 2064 1428 2106 aenos'
1470 2061 1620 2121 (annal.
1649 2060 1811 2119 511V).

261 2124 456 2164 Interesse
493 2126 631 2164 tamen
668 2125 830 2165 uidetur
866 2127 973 2165 inter
1009 2128 1167 2166 cratera
1205 2129 1245 2166 et
1282 2127 1575 2179 oenophorum,
1620 2126 1729 2177 quod
1766 2139 1813 2165 ex

262 2186 414 2224 cratere
445 2198 747 2236 nonnumquam
779 2187 925 2237 cyatho
958 2187 1194 2226 exhauritur
1223 2188 1377 2238 uinum,
1409 2201 1456 2226 ex
1487 2187 1715 2238 oenophoro
1747 2186 1813 2225 de-

260 2245 444 2284 funditur
481 2247 628 2285 sensim
658 2247 788 2298 magis
825 2248 1033 2299 magisque
1070 2248 1276 2286 inclinato.
1340 2248 1491 2287 Narrat
1526 2247 1654 2299 igitur
1692 2248 1813 2298 poeta

261 2304 368 2344 inter
398 2305 621 2356 potandum
653 2319 745 2346 cum
776 2308 978 2346 exsiccant
1008 2307 1177 2346 fundum
1210 2307 1429 2359 oenophori
1460 2309 1701 2347 sententiam
1736 2306 1813 2347 sibi

261 2377 419 2405 uersam
443 2377 526 2405 esse
553 2367 594 2405 et
617 2368 817 2406 mutatam
841 2369 888 2407 ut
905 2367 1103 2407 Homerus
1129 2360 1227 2407 dicit
1246 2366 1424 2422 τρέπεται
1442 2366 1537 2416 νόος
1557 2362 1600 2422 (γ
1623 2363 1740 2422 147).
1758 2389 1809 2395 -

261 2425 365 2464 Mari
395 2426 615 2477 tranquillo
648 2428 688 2466 et
719 2439 858 2466 serena
889 2430 1005 2467 nocte
1035 2428 1229 2467 utendum
1261 2441 1345 2468 esse
1371 2427 1630 2468 decreuerant
1655 2429 1812 2467 statim-

263 2498 339 2536 que
370 2485 604 2526 soluendum
637 2499 733 2526 cena
763 2489 945 2538 peracta:
983 2489 1053 2528 sed
1082 2502 1164 2527 una
1198 2501 1288 2528 cum
1325 2489 1482 2527 uinario
1522 2501 1714 2543 cpnuersa
1752 2490 1813 2528 est

262 2547 462 2585 sententia
492 2548 534 2586 et
562 2549 798 2587 manserunt
827 2550 985 2587 noctem
1016 2548 1208 2587 Palinuri.

386 2600 495 2647 140.
532 2607 689 2646 Nonius
725 2621 764 2658 p.
791 2608 891 2658 489,
920 2610 975 2647 14
1016 2605 1224 2648 ‘Nefantia
1261 2621 1335 2660 pro
1376 2608 1561 2648 nefanda.
1629 2608 1811 2647 Lucilius

263 2667 490 2717 satyrarum
521 2666 590 2706 lib.
615 2667 679 2706 III
711 2664 923 2707 “tantalus
950 2699 957 2706 .
985 2699 994 2707 .
1023 2700 1030 2707 .
1057 2670 1238 2709 nefantia
1266 2681 1420 2718 poenas
1459 2663 1674 2723 (omittunt
1714 2669 1812 2708 olim

262 2727 459 2776 impressi,
488 2726 642 2777 Iunius,
672 2722 892 2782 Mercerus)
923 2725 1124 2779 pendit''.'
1175 2729 1330 2768 Poenas
1362 2730 1535 2768 alterum
1562 2729 1706 2768 tollere
1730 2741 1811 2767 non

263 2798 381 2826 ausus
414 2799 502 2826 sum
533 2787 640 2837 quod
672 2787 971 2827 commendetur
1002 2790 1169 2828 accentu
1199 2790 1381 2841 legitime
1412 2790 1587 2828 mutato:
1623 2801 1718 2828 usus
1751 2790 1812 2828 est

262 2847 382 2896 poeta
419 2847 603 2898 garrulus
641 2847 987 2898 conduplicatione
1024 2861 1133 2888 more
1170 2850 1395 2899 rhetorum,
1436 2849 1553 2888 sicuti
1590 2850 1633 2887 in
1674 2848 1810 2888 eodem

263 2905 366 2945 libro
410 2918 531 2958 supra
562 2920 600 2946 u.
635 2909 732 2947 110.
801 2906 1019 2959 Gomparat
1062 2921 1103 2948 se
1145 2908 1278 2960 ipsum
1316 2909 1488 2948 Tantalo
1533 2910 1604 2948 aut
1646 2910 1813 2960 propter

263 2966 411 3005 famem
451 2968 523 3006 aut
557 2968 724 3018 propter
763 2968 892 3018 sitim,
929 2970 1001 3007 aut
1031 2970 1196 3020 propter
1227 2970 1330 3008 alius
1362 2969 1569 3008 cuiusdam
1603 2970 1662 3008 rei
1699 2970 1810 3019 cupi-

264 3025 414 3065 dinem:
439 3026 535 3066 Hor.
563 3039 676 3066 serm.
703 3027 724 3066 1
751 3030 788 3079 1,
816 3029 870 3067 68
899 3025 1109 3069 ‘Tantalus
1142 3042 1167 3069 a
1196 3029 1321 3069 labris
1353 3029 1491 3069 sitiens
1523 3030 1722 3081 fugientia
1747 3042 1810 3068 ca-

1476 3096 1522 3131 ὃ*
