2060 3444
302 276 386 324 196
880 275 965 317 XV'I
989 293 1024 317 u.
1051 279 1251 318 525-52'7.

298 394 474 434 Lucilius
511 396 737 444 satyrarum
769 394 835 432 lib.
861 391 1006 433 XVI‘
1012 391 1165 445 lisippi
1192 426 1199 432 .
1227 392 1813 435 ..transiuit..”.1·,arento
1875 444 1877 446 Ι

300 454 358 493 De
389 454 483 492 Ioue
514 453 682 504 Lysippi
714 453 857 492 Strabo
882 453 940 492 VI
963 468 1000 504 p.
1030 455 1113 493 278
1146 452 1221 506 ἔχει
1258 425 1300 493 d}
1339 448 1383 508 (ἡ
1416 425 1668 525 Ταραντίνων
1699 450 1828 508 πόλις)

299 511 518 566 γυμνάσιόν
549 527 587 552 τε
618 512 823 552 κάλλιστον
854 511 919 552 καὶ
951 511 1100 567 ἀγορὰν
1125 511 1335 566 εὐμεγέθη,
1366 512 1409 552 ἐν
1440 505 1465 570 ᾖ
1496 512 1562 553 καὶ
1589 512 1609 553 ὅ
1634 520 1703 553 τοῦ
1733 513 1830 562 Διὸς

302 572 455 625 ἵδρυται
486 571 672 620 κολοσσὸς
705 575 891 624 χαλκοῦς,
929 571 1106 626 μέγιστος
1138 571 1231 624 μετὰ
1262 571 1329 612 τὸν
1355 555 1534 625 lbdl'oev,
1572 574 1640 624 qui
1674 572 1830 621 ἑπτάκις

300 630 394 671 δέκα
437 634 523 671 erat
565 631 722 684 πηχέων
766 633 902 672 eodem
952 634 1112 671 auctore
1137 632 1232 671 XIV
1256 646 1293 683 p.
1323 633 1418 671 652.
1491 633 1593 672 Plin.
1626 635 1706 672 nat.
1737 634 1829 672 hist.

299 692 468 730 XXXIV
495 694 549 731 39
584 688 790 731 audaciae
821 693 1029 731 innumera
1060 694 1154 731 sunt
1185 692 1374 743 exempla.
1423 693 1546 731 moles
1584 693 1732 743 quippe
1767 706 1830 731 ex-

300 752 495 803 cogitatas
537 751 716 790 uidemus
761 754 997 802 statuarum,
1047 764 1144 802 quas
1189 753 1406 791 colossaeas
1449 755 1613 802 uocant,
1655 752 1830 791 turribus

300 824 414 861 pares
436 843 442 850 .
466 843 472 849 .
496 842 502 849 .
523 812 616 850 talis
641 812 683 849 in
709 824 848 862 campo
867 812 1014 850 Martio
1040 811 1221 862 Iuppiter
1240 841 1248 849 .
1271 843 1278 849 .
1301 842 1308 849 .
1328 811 1422 850 talis
1448 814 1487 850 et
1512 812 1676 850 Tarenti
1702 812 1831 851 factus

301 883 325 909 a
355 870 545 921 Lysippo,
576 870 645 911 XL
678 871 911 910 cubitorum.
961 872 1106 909 mirum
1143 872 1184 909 in
1217 883 1262 910 eo
1295 871 1400 921 quod
1432 883 1570 920 manu,
1606 874 1652 910 ut
1687 871 1832 920 ferunt,

267 929 271 931 “
300 930 459 970 mobilis
492 944 538 970 ea
569 931 672 970 ratio
703 931 932 970 libramenti
964 932 1035 978 est,
1065 933 1111 969 ut
1135 931 1256 969 nullis
1282 931 1530 969 conuellatur
1554 931 1749 981 procellis.
1790 931 1832 969 id

301 990 461 1040 quidem
504 991 724 1041 prouidisse
768 993 808 1029 et
850 990 994 1029 artifex
1037 990 1203 1040 dicitur,
1251 990 1405 1029 modico
1448 990 1680 1040 interuallo,
1727 990 1831 1029 unde

299 1051 469 1088 maxime
494 1050 635 1089 flatum
659 1062 757 1101 opus
784 1052 870 1089 erat
894 1050 1040 1101 frangi,
1071 1050 1255 1101 opposita
1281 1051 1473 1089 columna.
1518 1051 1654 1100 itaque
1679 1050 1832 1101 magni-

299 1109 478 1148 tudinem
509 1112 673 1160 propter
704 1110 1057 1159 difficultatemque
1088 1109 1278 1148 moliendi
1302 1122 1381 1148 non
1408 1110 1546 1161 attigit
1570 1123 1659 1148 eum
1685 1109 1831 1148 Fabius

299 1169 557 1219 Verrucosus,
583 1182 672 1208 cum
697 1169 921 1219 Herculem,
952 1171 1022 1220 qui
1053 1171 1113 1209 est
1144 1169 1186 1207 in
1213 1168 1425 1219 Capitolio,
1456 1169 1546 1208 inde
1570 1165 1830 1208 transferret'.

301 1241 378 1278 quo
410 1229 457 1268 de
489 1229 594 1268 Plut.
621 1228 715 1267 Fab.
745 1230 797 1267 22
832 1228 976 1268 Strabo
1002 1229 1027 1266 1.
1054 1240 1082 1267 s.
1109 1242 1138 1268 s.
1172 1225 1191 1267 ὅ
1216 1224 1414 1280 τΗρακλῆς
1445 1226 1487 1267 ἐν
1517 1231 1568 1284 τῷ
1593 1228 1831 1284 Καπετωλίῳ

298 1291 465 1340 χαλκοῦς
496 1287 742 1340 κολοσσικός,
783 1288 1002 1327 Λυσίππου
1041 1286 1175 1341 ἔργον,
1212 1286 1404 1339 ἀνάθημα
1439 1288 1595 1340 Φαβίου
1638 1287 1831 1340 Μαξίμου

299 1353 369 1387 τοῦ
401 1346 555 1395 ἑλόντος
586 1347 659 1399 τὴν
684 1345 814 1388 πόλιν’
843 1360 946 1386 anno
974 1348 1057 1386 545
1062 1344 1081 1400 s
1087 1349 1182 1386 209.
1233 1347 1370 1387 Posuit
1397 1347 1674 1386 Lachmannus
1705 1350 1831 1386 trans-

301 1408 382 1453 ibit,
413 1409 530 1458 recte,
561 1408 670 1458 quod
700 1408 917 1458 perfectum
949 1409 1057 1446 caret
1087 1419 1213 1446 sensu.
1264 1406 1377 1452 Quod
1407 1407 1514 1445 idem
1544 1407 1704 1457 scripsit
1733 1409 1831 1446 istac

300 1462 449 1520 (Plaut.
482 1466 596 1518 Epid.
625 1468 710 1506 660
743 1467 847 1506 Pers.
875 1468 961 1505 444
995 1467 1102 1506 Trin.
1137 1467 1221 1505 383
1261 1466 1413 1505 Ennius
1443 1468 1545 1518 trag.
1580 1468 1662 1505 226
1685 1461 1832 1520 Ribb.),

300 1539 379 1565 non
409 1528 514 1565 recte
549 1527 716 1566 factum:
755 1540 848 1565 nam
885 1526 1044 1565 uidetur
1081 1526 1146 1577 agi
1184 1526 1231 1563 de
1268 1527 1363 1564 naui
1400 1526 1615 1577 pergrandi
1653 1539 1732 1576 qua
1767 1527 1832 1564 uel

299 1585 467 1636 Lysippi
504 1587 677 1625 colossus
715 1586 887 1626 Tarento
925 1586 1093 1624 Romam
1129 1587 1256 1636 possit
1291 1585 1499 1624 transferri
1536 1586 1641 1635 quod
1683 1586 1833 1624 frustra

300 1646 482 1685 molitum
514 1658 598 1685 esse
628 1646 797 1684 Fabium
828 1646 942 1684 illum
973 1645 1155 1684 audierat
1179 1645 1366 1684 Lucilius.
1415 1644 1544 1684 Huius
1570 1646 1684 1684 nauis
1710 1645 1832 1685 simili

300 1705 417 1744 modo
449 1706 671 1744 meminisse
704 1705 862 1744 uidetur
892 1705 1069 1744 Lucilius
1102 1717 1179 1755 quo
1210 1704 1409 1744 Lucianus
1444 1704 1561 1743 Isidis
1599 1705 1708 1744 illius
1745 1717 1831 1755 per-

300 1765 464 1816 grandis
495 1767 538 1803 in
569 1765 728 1816 dialogo
759 1767 898 1804 πλοῐον
929 1762 955 1816 ἢ
986 1763 1105 1817 εὐχαί.

421 1820 530 1865 527.
562 1825 716 1864 Nonius
749 1838 794 1863 ex
826 1825 1084 1876 grammatico
1110 1838 1147 1874 p.
1177 1825 1244 1874 98,
1274 1826 1326 1863 19
1360 1819 1479 1878 (GGL
1504 1824 1542 1862 V
1566 1838 1603 1875 p.
1632 1824 1730 1874 640,
1757 1819 1832 1877 36)

300 1880 524 1937 ‘Demagis‚
561 1884 678 1923 ualde
709 1886 846 1936 magis.
908 1884 1084 1923 Lucilius
1116 1884 1183 1922 lib.
1208 1883 1304 1922 XVI
1345 1880 1444 1922 “rex
1481 1885 1593 1923 cotus
1629 1883 1698 1922 ille
1735 1883 1834 1922 duos

299 1944 370 1982 hos
398 1945 700 1983 ..nouissime
731 1944 864 1983 aiebat
894 1938 1043 1998 (alebat
1072 1940 1295 1997 Leidensis)
1328 1944 1431 1982 solos
1468 1943 1673 1993 demayis.
1697 1974 1704 1981 .
1727 1973 1733 1981 .
1760 1955 1831 1982 nec

300 2015 382 2042 esse
421 1998 480 2057 (es
516 1998 739 2057 Leidensis)
782 2000 970 2070 putare'ffl
976 2000 986 2016 '
1050 2002 1197 2041 Paulus
1235 2016 1280 2041 ex
1318 2002 1436 2041 Festo
1467 2016 1504 2052 p.
1535 2004 1584 2041 71
1627 1999 1830 2054 Demagis

300 2075 372 2135 pro
409 2064 542 2101 minus
580 2057 715 2116 (nimis
752 2062 830 2100 uiri
867 2034 992 2116 docti)
1031 2061 1187 2130 antiqui
1227 2059 1436 2100 dicebant'.
1489 2060 1587 2100 GGL
1612 2062 1654 2100 Π
1679 2063 1748 2111 42,
1775 2063 1829 2100 29

302 2119 517 2173 Demagis,
549 2119 760 2174 σφοδρῶς’.
822 2121 931 2160 Haec
963 2122 1096 2160 omnia
1127 2121 1178 2159 ad
1208 2121 1312 2159 hunc
1342 2134 1466 2159 unum
1498 2120 1643 2159 Lucilii
1673 2133 1831 2160 uersum

300 2182 497 2231 pertinere
534 2181 686 2220 iudicat
723 2181 1021 2220 Lachmannus:
1063 2181 1237 2230 reliquas
1277 2181 1428 2232 glossas
1462 2179 1561 2219 GGL
1585 2180 1622 2218 V
1649 2181 1747 2229 627,
1774 2180 1828 2219 59

302 2238 495 2292 ‘demagis
526 2238 793 2280 uehementer'
829 2241 926 2290 285,
953 2242 1009 2280 30
1042 2237 1234 2292 ‘demagis
1264 2237 1488 2279 uehemens'
1522 2253 1612 2278 cum
1645 2240 1831 2291 glossarii

301 2299 569 2339 Graecolatini
605 2302 933 2351 interpretatione
970 2301 1100 2350 patet*
1120 2312 1345 2351 congruere.
1414 2299 1476 2338 De
1512 2300 1752 2350 particulam
1788 2300 1829 2337 111

300 2360 447 2398 detineo
471 2361 588 2399 ualde
612 2360 834 2412 significare
860 2359 1028 2399 adnotat
1052 2359 1171 2399 schol.
1198 2360 1283 2398 Ter.
1311 2359 1411 2398 Eun.
1436 2359 1478 2397 II
1504 2361 1543 2409 2,
1569 2360 1623 2398 49
1659 2356 1830 2397 ‘detineo

300 2422 357 2457 te:
394 2420 511 2458 ualde
546 2417 678 2458 teneo'
717 2419 883 2470 Adelph.
909 2419 967 2458 IV
995 2420 1032 2469 6,
1062 2421 1083 2457 1
1125 2416 1315 2458 ‘defessus
1357 2431 1445 2457 sum
1477 2449 1485 2456 .
1521 2450 1528 2458 .
1563 2449 1570 2456 .
1609 2418 1657 2457 de
1694 2419 1830 2457 autem

300 2478 416 2517 ualde
448 2476 662 2530 significat'
693 2479 832 2530 Hecyr.
857 2479 916 2518 IV
944 2481 980 2529 1,
1008 2480 1032 2517 3
1061 2475 1287 2529 ‘derepente
1308 2510 1315 2516 .
1394 2479 1442 2516 ut
1471 2474 1659 2517 defessus’
1686 2478 1723 2515 V
1744 2479 1783 2527 2,
1804 2479 1828 2516 5

302 2536 469 2577 ‘deierat
494 2570 501 2577 .
523 2570 531 2577 .
554 2570 561 2576 .
588 2538 705 2587 ualde
735 2536 871 2578 iurat'.
933 2538 1087 2577 Reuera
1119 2537 1398 2577 Graecolatina
1434 2537 1505 2575 illa
1542 2538 1674 2588 glossa
1708 2538 1742 2576 si
1779 2537 1830 2576 ad

300 2598 446 2637 Lucilii
475 2599 591 2637 illum
622 2611 781 2638 uersum
810 2599 996 2648 pertinet,
1028 2600 1098 2636 aut
1123 2599 1184 2636 est
1207 2597 1458 2648 grammatici
1483 2598 1657 2636 auctoris
1682 2596 1830 2635 diuersi

301 2669 325 2695 a
349 2657 473 2697 Nonii
503 2659 664 2696 auctore
697 2660 768 2696 aut
797 2660 946 2696 temere
976 2657 1259 2708 grammaticus
1289 2657 1358 2694 ille
1384 2655 1684 2695 Graecolatinus
1713 2657 1831 2695 ualde

301 2717 428 2755 solum
458 2718 648 2768 respexit,
684 2719 810 2766 mayis
841 2717 1118 2767 praetermisit.
1181 2717 1240 2754 De
1271 2716 1380 2755 Festi
1410 2715 1542 2767 glossa
1573 2717 1630 2754 nil
1669 2715 1828 2754 omnino

300 2776 437 2816 licebit
468 2777 676 2816 affirmare.
733 2777 927 2816 Vocabuli
958 2777 1141 2825 demayis,
1173 2776 1278 2825 quod
1308 2778 1514 2826 tamquam
1545 2788 1676 2814 errore
1699 2787 1828 2826 gram-

300 2836 536 2875 maticorum
566 2839 717 2887 natum,
749 2838 819 2886 qui
846 2848 968 2875 uersu
993 2837 1178 2886 corrupto
1204 2835 1349 2874 Lucilii
1372 2835 1476 2873 male
1501 2835 1564 2873 usi
1588 2836 1681 2890 sint,
1704 2834 1830 2873 Lach-

300 2907 468 2934 mannus
498 2897 541 2934 in
572 2896 830 2935 adnotatione
857 2909 890 2934 a.
917 2895 953 2933 h.
979 2896 1005 2934 l.
1032 2896 1192 2934 omnino
1224 2888 1441 2944 sustulerit,
1474 2896 1664 2944 patronus
1696 2893 1830 2932 extitit

301 2953 564 2993 Buechelerus
605 2955 704 2994 Mus.
737 2955 860 2993 Rhen.
892 2954 1084 2993 XXXVH
1115 2954 1225 2992 1882
1259 2968 1296 3004 p.
1331 2955 1427 2992 523.
1461 2954 1546 2991 524
1596 2953 1732 2992 adlato
1782 2965 1828 2990 ex

302 3012 428 3052 Diezii
459 3013 714 3052 uoc'abulario
746 3014 869 3064 lingu.
896 3015 1006 3052 Rom.
1033 3009 1178 3067 (Bonn.
1209 3008 1341 3066 1887)
1367 3026 1404 3062 p.
1432 3014 1518 3051 200
1554 3012 1675 3051 uerbo
1711 3012 1827 3049 huius
