2060 3444
734 254 864 290 ineert.
892 254 967 289 sed.
995 266 1030 289 u.
1062 257 1308 290 1296—1298.
1714 253 1799 295 411

257 368 370 408 libris
401 367 510 407 XXX
547 361 674 422 (974)
712 367 844 407 XXVI
883 362 939 421 (u.
971 363 1095 422 611),
1132 380 1260 418 neque
1298 367 1470 407 XXVIII
1513 380 1641 418 neque
1673 367 1802 406 XXIX

257 428 351 469 libri
381 429 532 480 poterit
562 439 646 467 esse
677 440 804 479 neque
835 427 989 467 XXVII
1013 440 1142 478 neque
1166 427 1299 467 XXVI
1324 427 1392 467 ille
1418 440 1556 467 uersus
1582 427 1803 478 dactylicus

257 488 326 529 sed
356 487 723 539 probabilissimum
754 487 832 527 erit
863 501 953 527 eum
985 487 1119 527 deberi
1144 488 1407 540 grammatico
1433 487 1556 527 Nonii
1583 488 1737 527 auctori
1763 489 1804 527 et

257 548 378 589 fuisse
421 561 442 587 e
485 547 588 587 libro
620 548 737 587 XVII
780 549 844 587 cui
881 547 1064 587 tribuunt
1106 546 1383 594 Quicheratius
1427 550 1467 586 et
1511 547 1802 586 Lachmannus.

257 608 370 656 Quod
399 607 557 647 excidit
591 608 694 656 facie
731 609 872 659 utique
911 610 971 648 est
1007 607 1186 658 datiuus;
1229 620 1350 658 quare
1381 610 1474 658 post
1504 616 1662 656 corpore
1694 607 1803 647 abla-

255 669 383 707 tiuum
410 667 600 708 excidisse
626 668 757 707 ueluti
774 668 982 717 pulchrius
1007 667 1265 707 statuendum
1293 670 1365 707 est.
1422 667 1481 707 De
1506 667 1803 718 pulchritudine

258 728 470 768 mulierum
500 727 681 767 Lucilius
714 728 798 779 egit
827 728 894 767 lib.
915 727 1032 767 XVII
1057 742 1121 767 uu.
1150 729 1237 768 540
1257 740 1365 778 seqq.

380 782 695 829 1297.'Festus
731 801 768 839 p.
793 789 897 839 290,
926 790 980 828 10
1021 785 1216 838 ‘Suppum
1263 788 1420 839 antiqui
1463 787 1649 827 dicebant
1687 801 1804 838 quem

257 861 362 889 nunc
399 849 586 900 supinum
623 848 792 888 dicimus
824 879 832 887 .
855 880 862 887 .
884 879 892 887 .
926 849 1009 888 eius
1047 848 1236 888 uocabuli
1273 849 1456 887 meminit
1487 847 1610 887 etiam
1640 847 1805 894 Lucius,

259 904 327 948 “si
353 939 360 947 .
383 939 390 947 .
413 940 421 947 .
447 909 611 961 suggeri
654 902 748 963 (sic)
793 905 1006 960 suppus'’.'
1076 908 1135 948 De
1178 909 1378 959 scriptura
1421 909 1577 958 suyyeri
1620 908 1711 947 uide
1754 908 1805 947 ad

257 970 410 1019 cognitu
434 970 571 1009 incert.
597 982 634 1008 u.
664 969 790 1008 1235.
841 969 900 1008 De
925 981 1076 1018 suppus
1095 968 1310 1008 Muellerus
1337 967 1506 1008 adnotat
1530 963 1687 1022 (incert.
1712 962 1805 1022 72):

259 1026 425 1081 ‘suppus
467 1029 574 1068 idem
617 1029 725 1080 quod
767 1029 978 1080 superbus,
1021 1029 1100 1069 nisi
1137 1029 1274 1078 fallor,
1317 1031 1364 1068 ut
1402 1029 1502 1068 alias
1538 1029 1706 1078 supinus
1740 1029 1805 1068 uel

256 1085 495 1138 rcsupinus’.
549 1088 729 1140 Suppum
755 1101 838 1129 esse
864 1089 1052 1139 supinum
1071 1089 1213 1128 Verrio
1239 1088 1476 1127 credendum
1504 1101 1588 1128 esse
1614 1088 1804 1128 arbitror:

258 1149 325 1189 sed
358 1149 406 1188 de
438 1149 546 1188 fastu
576 1149 642 1188 uel
673 1149 858 1200 superbia
891 1150 1052 1188 omnino
1083 1150 1126 1188 in
1157 1149 1231 1188 hoc
1263 1161 1382 1188 uersu
1414 1150 1546 1188 actum
1580 1161 1663 1189 esse
1689 1162 1805 1200 argu-

257 1211 436 1249 mentum
473 1209 636 1249 minime
673 1209 836 1249 indicat.
901 1208 942 1248 Si
982 1209 1142 1249 mulieri
1172 1209 1273 1248 nihil
1305 1209 1388 1259 das,
1419 1210 1526 1248 irata
1557 1208 1632 1248 tibi
1663 1209 1806 1259 pedem

258 1270 396 1309 struit:
428 1271 462 1309 si
493 1282 588 1309 uero
621 1269 704 1320 das,
737 1271 776 1308 et
808 1269 999 1310 ambabus
1032 1271 1243 1322 argentum
1275 1269 1405 1309 adfers
1431 1269 1615 1310 manibus
1641 1282 1805 1320 corpore

259 1331 424 1381 supinus
455 1331 620 1381 propter
650 1342 904 1369 nummorum
936 1342 1034 1380 quos
1067 1342 1204 1370 saccus
1236 1329 1414 1369 eontinet
1439 1329 1594 1381 pondus
1618 1330 1806 1378 immane,

259 1391 299 1429 te
330 1392 558 1430 contemnet
589 1391 635 1429 ut
666 1389 742 1428 sibi
774 1389 977 1429 addictum
1010 1391 1051 1429 et
1082 1403 1216 1430 amore
1247 1390 1367 1441 plane
1395 1389 1610 1440 perditum.
1668 1389 1807 1429 Solent

257 1449 446 1490 uidelicet
489 1450 559 1501 qui
603 1451 794 1502 grauiora
837 1463 958 1490 onera
1002 1449 1192 1490 ambabus
1243 1450 1430 1490 adferunt
1478 1450 1662 1489 manibus
1712 1451 1806 1489 ante

258 1511 439 1549 uentrem
477 1511 636 1560 positis,
678 1512 800 1561 caput
842 1510 1050 1561 paululum
1090 1511 1236 1550 reicere
1275 1511 1317 1549 et
1352 1510 1552 1549 reflectere
1589 1511 1805 1550 retrorsum

259 1583 338 1620 quo
375 1571 487 1609 motu
525 1569 681 1620 pondus
718 1570 887 1609 nimium
925 1569 1032 1621 quod
1071 1570 1268 1620 dependet
1304 1570 1352 1608 de
1384 1570 1567 1610 manibus
1598 1569 1639 1608 in
1671 1571 1807 1609 antica

258 1631 435 1681 corporis
485 1632 599 1681 parte
648 1632 857 1680 tamquam
906 1631 947 1668 in
998 1631 1152 1670 trutina
1196 1631 1446 1680 exaequetur.
1520 1629 1633 1669 Libri
1676 1630 1805 1668 XXIX

261 1690 421 1729 uidetur
451 1690 574 1729 fuisse
605 1702 761 1730 uersus:
793 1691 888 1730 conf
915 1703 952 1729 u.
975 1691 1072 1729 866.
1119 1699 1121 1701 ·

382 1745 525 1790 1298.
563 1750 704 1789 Festus
747 1763 785 1800 p.
808 1751 913 1800 206,
940 1751 994 1790 26
1041 1747 1304 1789 ‘Petauristas
1346 1749 1525 1789 Lucilius
1570 1763 1594 1789 a
1637 1752 1806 1800 petauro

260 1804 448 1864 (procuro
485 1811 550 1849 uel
585 1812 721 1861 petere
758 1805 911 1864 apoyr.)
950 1810 1172 1862 appellatos
1211 1811 1439 1850 existimare
1478 1809 1653 1857 uidetur,
1687 1823 1806 1860 quom

260 1872 319 1909 ait
351 1867 502 1909 “sicuti
538 1869 759 1910 mechanici
797 1883 887 1910 cum
923 1870 1007 1910 alto
1044 1871 1217 1909 exiluere
1253 1867 1418 1921 peteuro
1457 1864 1639 1922 (peteuro
1672 1882 1805 1919 apoqr.

269 1931 388 1968 Vatic.
417 1924 597 1983 3369)’'.
659 1929 717 1969 At
747 1930 886 1969 Aelius
919 1929 1023 1974 Stilo
1054 1926 1213 1982 (quod)
1244 1930 1284 1968 in
1323 1942 1413 1969 aere
1444 1930 1594 1979 uolent,
1627 1943 1715 1969 cum
1748 1931 1807 1969 ait

261 1987 520 2030 “Petaurista
563 1991 721 2041 proprie
759 1989 907 2030 Graece
950 1990 1057 2040 ideo,
1102 1990 1208 2041 quod
1239 1991 1274 2030 is
1314 1989 1415 2041 πρὸς
1452 1987 1546 2042 ἀέρα
1583 1986 1804 2029 πέταται”.’

259 2050 510 2090 petauristas
559 2050 708 2090 similes
759 2050 843 2090 siue
892 2052 1195 2102 petauristarios
1246 2051 1559 2090 commemorant
1611 2051 1807 2102 astrologi

260 2111 388 2150 ueluti
423 2110 612 2150 Manetho
643 2110 707 2150 III
733 2111 817 2150 443
857 2108 1095 2162 ῖπταμένους
1138 2110 1266 2164 γυίοις
1308 2108 1532 2163 ἐναλίγκιον
1576 2107 1806 2163 ὀρνίθεσσιν

260 2168 526 2222 πιλναμένους
577 2185 614 2210 τε
666 2168 850 2220 νέφεσσιν
900 2165 955 2210 ἐπ’
1004 2168 1207 2222 ἠνεμόεντι
1257 2169 1430 2226 πετεύρῳ
1475 2165 1590 2222 (conf
1616 2170 1674 2210 IV
1702 2171 1807 2220 2783

262 2230 469 2270 Claudian.
500 2230 646 2282 Paneg.
679 2230 801 2269 Manl.
837 2230 982 2269 Theod.
1016 2243 1120 2270 cons.
1155 2232 1240 2269 320
1285 2244 1323 2281 p.
1353 2231 1436 2269 188
1469 2230 1570 2269 Birt.
1611 2227 1694 2269 ‘uel
1738 2231 1806 2280 qui

262 2303 370 2329 more
403 2290 540 2328 auium
572 2302 654 2329 sese
685 2290 911 2329 iaculentur
941 2292 983 2329 in
1015 2286 1149 2329 auras’
1173 2290 1310 2329 quen.
1336 2290 1432 2329 XIV
1459 2291 1542 2329 265
1578 2287 1646 2329 ‘an
1677 2291 1806 2342 magis

262 2349 465 2389 oblectant
490 2349 667 2388 animum
691 2351 843 2389 iactata
866 2351 1034 2400 petauro
1060 2344 1263 2403 corpora')
1288 2350 1426 2389 Manil.
1447 2349 1483 2386 V
1510 2351 1597 2389 440
1624 2347 1807 2400 ‘corpora

263 2422 365 2460 quae
414 2409 551 2449 ualido
601 2409 753 2449 saliunt
800 2422 963 2450 excussa
1004 2412 1172 2460 petauro
1217 2409 1470 2460 alternosque
1514 2410 1619 2448 cient
1660 2411 1805 2459 motus,

262 2469 418 2509 delatus
450 2471 491 2509 et
519 2469 589 2508 ille
616 2482 721 2509 nunc
746 2470 861 2520 iacet,
888 2472 1008 2521 atque
1034 2470 1151 2509 huius
1177 2482 1270 2509 casu
1297 2468 1552 2520 suspenditur
1577 2466 1660 2508 iue'
1689 2482 1806 2520 quem

262 2531 392 2570 locum
419 2528 612 2580 Gorpetus
645 2531 800 2569 attulit:
832 2531 950 2569 uaria
981 2543 1127 2582 genera
1152 2529 1346 2569 eiusmodi
1371 2529 1555 2569 ludorum
1579 2529 1808 2575 describunt

263 2587 437 2628 Martial.
463 2589 504 2629 II
531 2590 599 2639 86,
629 2591 651 2628 7
679 2590 735 2628 XI
763 2592 830 2639 21,
858 2591 882 2628 3
910 2590 1067 2630 Petron.
1090 2590 1143 2629 53
1172 2591 1268 2628 extr.
1290 2588 1427 2628 Galen.
1447 2590 1639 2640 protrept.
1660 2602 1745 2641 cap.
1768 2591 1804 2628 9.

265 2648 342 2688 Sed
371 2649 609 2689 mechanicos
640 2649 756 2689 istius
788 2651 944 2701 generis
982 2650 1162 2689 homines
1201 2650 1425 2700 appellatos
1457 2649 1578 2688 fuisse
1611 2662 1806 2699 nusquam

264 2710 325 2748 est
355 2708 568 2748 traditum:
612 2708 870 2748 nominantur
913 2711 1018 2749 enim
1062 2709 1166 2749 fabri
1204 2709 1310 2760 apud
1350 2709 1550 2748 Romanos
1588 2709 1806 2748 mechanici

265 2763 392 2821 (Suet.
419 2768 538 2819 Vesp.
561 2770 614 2807 18
655 2767 806 2808 Colum.
832 2769 895 2808 III
922 2770 977 2808 10
1015 2763 1140 2822 init),
1184 2769 1302 2808 sicuti
1347 2768 1453 2819 apud
1491 2768 1661 2807 Graecos
1698 2768 1806 2806 Hero

264 2840 421 2878 pneum.
447 2827 466 2866 I
498 2841 536 2878 p.
565 2829 608 2878 2,
642 2829 666 2867 5
707 2828 836 2867 Schm.
868 2829 1052 2867 meminit
1082 2834 1160 2868 τῶν
1191 2830 1371 2868 παλαιῶν
1402 2826 1638 2878 φιλοσόφων
1669 2842 1707 2866 τε
1739 2826 1805 2866 καὶ

266 2892 493 2939 μηχανικῶν
531 2900 570 2937 p.
591 2887 696 2936 456,
724 2889 748 2926 4
787 2887 871 2938 ipse
909 2888 1023 2927 audit
1060 2885 1080 2926 ὁ
1107 2886 1333 2939 μηχανικός.
1394 2887 1539 2938 Itaque
1576 2899 1665 2926 oum
1698 2886 1806 2926 Festi

266 2946 388 2986 uerba
419 2943 654 2987 ‘existimare
685 2944 854 2986 uisletur’
886 2947 1134 2987 dubitantem
1161 2947 1208 2986 de
1234 2947 1432 2986 sententia¹
1456 2946 1602 2985 Lucilii
1634 2945 1808 2996 prodant

267 3007 482 3056 auctorem,
500 3006 646 3045 rectius
666 3006 742 3045 erit
762 3006 894 3046 fabros
912 3006 1157 3058 intellegere,
1176 3006 1257 3058 qui,
1277 3006 1393 3046 sicuti
1415 3005 1560 3046 milites
1586 3005 1806 3047 obsessores
