2060 3444
844 290 947 327 XXX
972 303 1008 327 u.
1036 292 1237 327 971-974.
1707 290 1793 333 317

365 400 477 445 971.
510 406 665 446 Nonius
691 419 730 456 p.
758 406 857 455 382,
886 407 938 444 21
976 402 1208 456 ‘Rumpere‚
1240 404 1473 458 defetigare.
1508 436 1514 443 .
1545 436 1551 443 .
1581 436 1588 443 .
1615 405 1794 444 Lucilius

242 467 312 506 lib.
340 467 450 506 XXX
495 463 631 517 “quae
672 465 874 516 quondam
918 466 1058 517 populi
1100 468 1181 505 oris
1226 477 1342 505 awres
1379 467 1543 515 pectora
1579 462 1792 516 rumpit’'.’

245 523 399 578 ‘populi
424 528 508 566 risu
533 539 595 566 res
621 527 784 576 pectora
809 523 978 577 rumpit’
1003 525 1251 578 Maduigius:
1284 527 1380 565 conf
1401 525 1496 564 Hor.
1524 538 1584 576 ep.
1610 526 1651 564 H
1678 527 1716 575 2,
1738 527 1793 572 84

244 584 493 638 ‘plerumque
545 588 586 626 et
634 588 718 626 risu
765 586 959 637 populum
1006 582 1167 636 quatit'.
1242 585 1373 624 Aliter
1422 585 1581 624 Lucret.
1612 586 1675 624 III
1708 588 1791 626 297

243 644 429 696 ε1901111111,
461 648 625 698 pectora
656 647 726 697 qui
756 647 920 685 fremitu
950 643 1172 697 rumpunt’.

363 702 476 748 972.
507 707 663 746 Nonius
694 720 733 757 p.
761 707 860 757 462,
888 708 942 746 27
972 703 1123 746 ‘Bonus
1153 707 1195 745 et
1219 707 1336 746 fortis
1363 708 1402 745 et
1428 707 1518 756 pius
1545 706 1623 745 dici
1649 707 1792 756 potest.

241 767 420 808 Lucilius
458 767 527 806 lib.
554 767 665 806 XXX
703 764 877 807 “caluus
908 768 1136 816 pallantiam
1173 766 1336 817 quidam
1377 768 1441 805 uir
1479 766 1624 806 nobilis
1666 766 1793 806 bonus

241 825 409 867 bello''.'
473 828 594 867 Recte
626 828 825 867 Mercerus
858 827 985 866 edidit
1021 828 1234 867 Palantino
1265 849 1315 854 —
1345 827 1462 866 bello:
1499 839 1579 865 una
1611 827 1626 864 l
1657 827 1793 866 littera

242 901 386 927 nomen
411 887 605 939 scriptum
631 888 791 927 exhibet
814 890 967 927 tessera
992 887 1204 938 hospitalis
1230 887 1273 926 in
1291 886 1476 926 Dessauii
1500 887 1654 939 sylloge
1676 888 1790 926 6096

215 985 218 987 Α
245 947 328 987 GH.
353 948 396 987 H
421 948 550 999 suppl.
579 949 693 987 5763
723 943 876 1002 (Herm.
897 948 935 985 V
957 949 1069 987 1871
1098 961 1137 999 p.
1166 942 1271 1001 372)
1298 947 1406 986 Mela
1429 947 1472 986 H
1498 947 1552 986 88
1580 947 1683 986 Ρ1111.
1710 950 1792 987 nat.

240 1008 332 1049 hist.
358 1008 421 1047 ΠΙ
448 1009 501 1047 26
536 1008 756 1048 secundum
787 1008 887 1048 codd
918 1008 1102 1047 meliores
1134 1007 1309 1059 Appian.
1333 1008 1370 1046 b.
1397 1020 1429 1047 c.
1455 1008 1476 1046 I
1503 1009 1587 1046 112
1623 1006 1735 1048 Oros.
1755 1007 1793 1045 V

244 1070 312 1119 23,
340 1069 364 1107 6
381 1067 462 1107 alii.
527 1068 692 1119 Spectat
724 1069 843 1119 poeta
874 1068 1026 1108 bellum
1057 1068 1318 1107 Palantinum
1349 1067 1453 1118 quod
1486 1069 1594 1107 mala
1629 1068 1793 1107 fortuna

242 1131 283 1168 et
313 1130 488 1179 turpiter
519 1129 644 1181 gessit
673 1129 726 1167 M.
745 1129 943 1168 Aemilius
974 1128 1150 1180 Lepidus
1182 1141 1259 1168 cos.
1288 1129 1479 1181 617s137
1515 1127 1563 1167 de
1595 1141 1674 1179 quo
1709 1130 1792 1167 tra-

240 1189 351 1228 ditur
380 1189 556 1240 Appian.
582 1189 683 1228 Iber.
710 1189 906 1228 80—82:
943 1202 1074 1239 neque
1112 1188 1218 1228 enim
1249 1188 1405 1240 proelia
1435 1188 1509 1227 illa
1541 1201 1644 1239 quae
1682 1189 1792 1228 facta

240 1251 334 1288 sunt
366 1261 456 1288 cum
486 1249 711 1289 Palantinis
741 1250 785 1288 in
815 1249 921 1289 bello
953 1249 1202 1288 Numantino
1236 1245 1304 1303 (de
1343 1248 1488 1299 quibus
1524 1249 1632 1288 idem
1668 1249 1793 1288 refert

239 1309 265 1349 1.
293 1322 323 1349 s.
353 1304 427 1364 88)
467 1310 603 1360 potuit
644 1311 765 1360 poeta
808 1309 938 1349 dicere
984 1306 1149 1349 ‘bellum
1186 1306 1476 1348 Palantinum'.
1546 1307 1623 1348 Sed
1667 1309 1792 1361 legati

240 1371 404 1409 senatus
437 1382 500 1420 ap.
525 1370 699 1421 Appian.
725 1370 751 1408 1.
778 1382 808 1410 s.
835 1371 889 1409 81
923 1369 998 1422 τὴν
1029 1368 1183 1422 βουλὴν
1214 1368 1372 1421 ἔφασαν
1404 1367 1569 1422 ἀπορεῖν
1599 1368 1637 1408 εἰ
1662 1401 1669 1408 .
1697 1401 1706 1409 .
1735 1401 1742 1408 .
1770 1367 1790 1408 ὅ

240 1429 428 1481 Αἰμίλιος
458 1429 633 1482 πόλεμον
665 1427 796 1483 ἕτερον
827 1428 977 1483 ἀρεῖται
1003 1461 1011 1468 .
1033 1461 1041 1469 .
1063 1461 1071 1468 .
1098 1427 1120 1470 ὃ
1153 1427 1195 1469 δὲ
1227 1428 1448 1483 ἀρξάμενος
1475 1427 1555 1481 ’ἤδη
1581 1435 1652 1469 τοῦ
1677 1428 1791 1469 πολέ-

241 1504 320 1542 μου
345 1493 423 1529 κτλ.
492 1490 746 1542 Archetypus
783 1491 907 1530 Nonii
945 1490 1089 1530 habuit
1123 1491 1301 1530 nobomcs
1338 1490 1442 1529 unde
1486 1491 1676 1540 corrupta
1719 1490 1792 1528 illa

239 1551 382 1590 nobilis
419 1551 543 1590 bonus
586 1552 680 1590 sunt
722 1553 878 1590 exorta:
921 1562 1002 1590 non
1045 1552 1169 1590 bonus
1210 1551 1364 1601 primus
1408 1551 1587 1601 posuisse
1630 1550 1792 1589 uidetur

240 1609 419 1650 Guietus.
480 1610 605 1662 Legio
644 1608 765 1661 ‘quae
802 1613 890 1650 tum
929 1611 1009 1649 fuit
1053 1611 1207 1661 optima
1249 1607 1370 1650 bello’
1410 1610 1559 1649 Lucan.
1584 1610 1666 1649 VH
1692 1611 1791 1660 218,

239 1670 380 1710 Liuius
412 1683 475 1721 ap.
508 1670 693 1710 Seruium
724 1672 889 1710 auctum
921 1670 974 1709 ad
1003 1670 1103 1710 Aen.
1128 1671 1150 1709 I
1175 1671 1260 1710 456
1297 1668 1521 1722 ‘magisque
1557 1670 1599 1708 in
1636 1671 1790 1721 proelio

241 1743 363 1782 quam
387 1730 498 1769 bello
528 1727 670 1771 bonus’
694 1731 814 1770 -idem
838 1731 897 1769 IV
925 1732 963 1780 3,
992 1732 1045 1769 16
1087 1728 1200 1781 ‘pace
1238 1731 1423 1781 belloque
1461 1727 1604 1769 bonus'
1637 1730 1789 1781 Vergil.

240 1803 374 1843 georg.
399 1790 441 1829 II
467 1791 551 1830 447
588 1788 644 1830 ‘et
674 1790 778 1830 bona
809 1791 915 1830 bello
948 1787 1120 1830 cornus'.
1151 1791 1298 1830 Forma
1332 1787 1594 1830 ‘Pallantino'
1628 1793 1790 1830 seruata

239 1851 406 1903 lacunas
435 1852 580 1890 statuit
613 1849 882 1890 Stowasserus
910 1850 1023 1890 Stud.
1049 1850 1221 1891 Vindob.
1247 1850 1284 1888 V
1313 1852 1426 1890 1883
1454 1864 1492 1901 p.
1522 1851 1607 1890 130
1639 1852 1710 1901 qui
1741 1851 1789 1890 de

239 1911 406 1963 uulgata
446 1911 647 1950 editorum
683 1911 854 1950 lectione
885 1911 1074 1951 Palatina
1111 1924 1214 1962 quae
1253 1911 1428 1950 Fruterii
1465 1912 1553 1950 erat
1590 1912 1789 1961 scriptura

238 1971 438 2011 reicienda
485 1974 592 2011 recte
641 1971 849 2011 iudicauit.
930 1971 1058 2018 Quem
1108 1972 1310 2011 hominem
1360 1971 1469 2010 dicat
1516 1973 1654 2022 poeta,
1709 1985 1789 2010 non
1813 2010 1815 2013 ⁴

240 2033 417 2082 apparet.

359 2086 472 2132 973.
487 2091 654 2131 'Nonius
680 2105 719 2142 p.
741 2093 840 2142 285,
862 2093 885 2131 6
915 2088 1077 2142 ‘Durus,
1102 2105 1260 2131 nocens.
1294 2123 1301 2130 .
1324 2123 1331 2129 .
1354 2123 1361 2130 .
1388 2091 1568 2131 Lucilius
1588 2091 1657 2130 lib.
1677 2092 1787 2130 XXX

240 2148 314 2191 “et
344 2164 466 2191 saeuo
498 2154 542 2190 ut
572 2152 670 2191 duro
791 2149 980 2191 hostis’'.'
1043 2152 1156 2191 Idem
1180 2166 1218 2202 p.
1248 2152 1347 2202 388,
1376 2153 1429 2190 15
1465 2149 1655 2191 ‘Saeuum
1691 2152 1787 2191 dici-

238 2214 306 2250 tur
340 2213 495 2251 inmite.
529 2243 536 2251 .
565 2243 572 2251 .
600 2243 607 2251 .
634 2211 814 2252 Lucilius
852 2212 920 2251 lib.
946 2213 1057 2251 XXX
1097 2209 1170 2251 “et
1204 2243 1211 2251 .
1241 2244 1248 2251 .
1277 2243 1284 2251 .
1317 2208 1505 2252 hostis’'.'
1571 2209 1789 2264 ‘gladiator

239 2272 414 2322 optimus
440 2268 584 2310 multo’
610 2272 678 2311 lib.
699 2272 758 2310 IV
776 2286 814 2310 u.
838 2274 934 2311 151.
979 2271 1115 2312 Genus
1139 2272 1237 2311 belli
1262 2274 1349 2311 erat
1374 2284 1540 2311 saeuum
1567 2274 1607 2311 et
1632 2272 1788 2321 durum,

238 2331 366 2371 hostis
396 2331 524 2370 multo
556 2331 798 2371 fortissimus
830 2334 870 2371 et
900 2332 1072 2371 maxime
1105 2334 1308 2372 strenuus:
1348 2331 1425 2371 Cic.
1451 2344 1525 2383 pro
1551 2332 1666 2371 Balb.
1694 2333 1733 2381 2,
1761 2334 1784 2371 5

240 2388 360 2431 ‘hunc
390 2393 434 2431 in
464 2391 663 2442 Hispania
694 2391 906 2431 durissimo
937 2392 1042 2431 bello
1075 2405 1166 2431 cum
1197 2391 1240 2438 Q.
1261 2392 1424 2431 Metello
1451 2422 1459 2430 .
1481 2423 1488 2430 .
1511 2423 1518 2430 .
1545 2389 1696 2432 fuisse'.

359 2446 471 2491 974.
503 2451 659 2492 Nonius
694 2465 732 2503 p.
762 2454 860 2502 371,
888 2453 941 2491 26
989 2450 1209 2502 Praestat,
1253 2452 1351 2492 utile
1396 2451 1468 2491 est.
1501 2482 1509 2490 .
1538 2483 1545 2490 .
1575 2483 1582 2490 .
1608 2451 1786 2492 Lucilius

238 2511 307 2550 lib.
333 2511 444 2550 XXX
475 2507 571 2551 “uti
600 2511 793 2562 pecudem
826 2515 868 2551 tu
893 2513 1130 2563 asinumque
1158 2507 1425 2566 (asimumque
1454 2506 1509 2566 G)
1537 2515 1583 2551 ut
1607 2513 1786 2560 devotique

239 2572 351 2611 nasci
387 2569 695 2622 praestiterit''.'
751 2571 916 2622 Spectat
952 2574 1073 2623 poeta
1109 2572 1318 2611 Menandri
1350 2572 1478 2611 claros
1509 2584 1647 2611 uersus
1680 2573 1786 2623 posi-

239 2634 302 2671 tos
334 2633 376 2670 in
408 2631 766 2682 Theophorumena
798 2632 936 2671 fabula
969 2632 1070 2672 OAF
1096 2632 1158 2671 HI
1182 2646 1220 2683 p.
1250 2633 1305 2671 63
1319 2632 1374 2671 K:
1406 2631 1447 2671 εἴ
1464 2645 1524 2680 τις
1549 2631 1785 2684 προσελθών

240 2705 307 2743 μοι
332 2694 442 2731 θεῶν
466 2689 586 2745 λέγοι·
621 2689 820 2745 εΚράτων,
851 2690 952 2732 ἐπὰν
978 2690 1192 2747 ἀποθάνῃς
1217 2686 1341 2740 αὖθις
1365 2690 1404 2740 ἐξ
1431 2690 1553 2745 ἀρχῆς
1578 2691 1674 2732 ἔσει·
1707 2691 1785 2732 ἔσει

240 2746 277 2790 δ’
313 2750 372 2791 ὅτι
402 2749 453 2791 ἂν
485 2750 632 2806 βούλῃ,
663 2751 792 2803 κύων,
823 2751 1045 2805 πρόβατον,
1076 2751 1238 2805 τράγος,
1269 2749 1508 2805 ἅνθρωπος,
1545 2751 1683 2800 ἵππος·
1723 2750 1785 2799 δὶς

239 2811 382 2862 βιῶναι
418 2810 493 2864 γάρ
525 2822 567 2850 σε
605 2811 680 2850 δεῖ·
718 2810 954 2864 εἱμαρμένον
985 2807 1091 2851 τοῦτ’
1133 2810 1258 2863 ἐστίν,
1290 2810 1349 2851 ὅτι
1385 2811 1520 2864 βούλει
1558 2807 1613 2862 δ’,
1657 2809 1782 2851 ἕλοῦ’·

239 2869 395 2909 ἅπαντα
427 2872 594 2922 μᾶλλον,
631 2869 757 2918 εὐθὺς
787 2870 914 2910 εἰπεῖν
943 2869 994 2910 ἂν
1027 2871 1152 2922 δοκῶ,
1191 2871 1295 2910 ποίει
1327 2885 1372 2922 με
1403 2869 1509 2922 πλὴν
1546 2868 1782 2922 ἄνθρωπον·

240 2927 388 2976 ἀδίκως
424 2928 582 2982 εὐτυχεῖ
606 2935 737 2977 κακῶς
767 2944 806 2970 τε
847 2930 1005 2983 πράττει
1042 2936 1156 2970 τοῦτο
1194 2929 1237 2969 τὸ
1277 2931 1378 2985 ζῷον
1416 2930 1541 2982 μόνον
1575 2962 1583 2969 .
1611 2962 1618 2969 .
1647 2962 1654 2969 .
1687 2928 1784 2970 ὄνον

239 2987 427 3042 γενέσθαι
457 2992 633 3043 κρεῖττον
663 2987 689 3042 ἢ
719 2989 813 3037 τοὺς
843 2989 1023 3042 χείρονας
1055 2987 1153 3043 ὁρᾶν
1183 2988 1327 3029 ἑαυτοῦ
1357 2990 1504 3037 ζῶντας
1530 2988 1782 3040 ἐπιφανέστε-

239 3063 323 3102 ρον,
387 3049 536 3088 Asinus
568 3049 716 3088 dicitur
744 3049 1011 3089 miserrimum
1043 3049 1279 3089 animalium
1311 3050 1486 3089 omnium
1519 3062 1583 3101 ap.
1612 3050 1780 3090 eundem
