2060 3444
296 251 383 294 396
782 251 911 287 inoert.
938 251 1013 287 sed.
1040 264 1076 288 u.
1105 255 1350 288 1246—1249.

299 364 458 403 Paulus.
493 363 644 403 Colum.
671 364 750 402 VII
776 367 799 402 2
833 366 972 403 narrat
1002 364 1049 403 de
1080 365 1174 404 feris
1207 366 1396 406 arietibus
1422 361 1604 417 ‘patruus
1626 397 1632 404 .
1655 398 1662 405 .
1684 397 1691 405 .
1714 380 1830 418 quos-

296 424 387 462 dam
427 426 624 463 mercatus
661 425 703 462 in
742 437 858 475 agros
897 425 1105 463 transtulit
1143 426 1183 463 et
1219 426 1509 465 mansuefactos
1547 428 1652 466 tectis
1688 427 1828 467 ouibus

296 484 467 522 admisit.
519 484 600 522 Eae
633 485 805 534 primum
834 485 966 534 hirtos,
997 483 1064 523 sed
1093 486 1251 535 paterni
1276 485 1416 525 coloris
1442 498 1566 538 agnos
1593 483 1827 527 ediderunt'.

294 543 405 582 Idem
435 544 542 582 infra
575 541 667 582 ‘duo
700 556 845 595 genera
880 546 972 582 sunt
1009 544 1125 583 ouilli
1161 546 1330 595 pecoris,
1367 545 1486 584 molle
1524 547 1565 585 et
1600 543 1827 588 hirsutum'.

296 603 435 642 Hirtas
479 603 521 642 id
570 616 695 654 genus
752 616 844 643 oues
902 604 1079 654 appellat
1122 603 1249 643 Varro
1292 618 1366 643 rer.
1403 607 1502 644 rust.
1527 605 1569 644 H
1595 607 1638 656 2,
1673 607 1739 645 19.
1773 608 1829 646 20

297 662 447 701 Colum.
473 663 552 701 VH
579 664 604 702 4
667 663 770 701 0οᾶ0
827 663 1122 713 Marquardtius
1185 664 1394 703 enchiridii
1448 665 1527 703 uol.
1560 665 1638 704 VH
1669 665 1763 705 edit.
1787 666 1829 705 H

294 736 331 772 p.
360 724 462 772 477,
492 725 544 761 12
585 723 811 762 emendauit
853 723 1013 762 Laberii
1050 720 1208 763 uersu‘m
1242 725 1296 763 68
1310 725 1356 763 R.
1429 724 1549 764 Libro
1581 725 1644 763 HI
1685 725 1830 765 tribuit

293 782 518 821 Muellerus.

417 836 557 882 1247.
601 842 727 895 1011113
770 842 972 882 Romanus
1016 843 1122 893 apud
1161 843 1384 883 charisium
1418 843 1490 882 GL
1515 844 1536 883 I
1560 858 1598 895 p.
1627 845 1724 895 214,
1751 845 1828 884 81(

296 898 610 952 ‘pedetemptim
672 901 849 942 Lucilius
888 900 1204 954 “pedetemptim
1247 904 1348 942 hunc
1387 901 1654 943 resalutem''.'
1710 905 1826 954 pede-

294 963 513 1010 temptimne
555 962 708 1011 Dousa,
756 975 861 1001 mmo
908 976 980 1012 pro
1029 964 1131 1002 hunc
1172 963 1455 1013 Baehrensius,
1505 976 1574 1003 cur
1620 965 1828 1003 resalutant

294 1021 525 1071 Muellerus,
572 1021 639 1060 sed
682 1022 879 1072 quomodo
923 1023 1012 1073 quis
1057 1036 1171 1074 quem
1215 1023 1500 1092 pedetemptim
1543 1024 1718 1063 salutare
1761 1025 1828 1063 uel

292 1081 510 1120 resalutare
553 1082 697 1131 possit,
746 1094 824 1121 non
875 1081 1001 1122 uideo.
1075 1082 1353 1121 Lachmannus
1401 1084 1445 1122 111
1486 1083 1643 1122 Lucret.
1674 1097 1712 1134 p
1741 1083 1824 1123 296

296 1137 594 1191 ‘pedetemptim
637 1141 714 1180 huc
751 1143 808 1179 ire
844 1139 1042 1192 salutem’,
1080 1155 1152 1194 ego
1193 1139 1491 1199 ‘pedetemptim
1528 1144 1633 1182 hunc
1669 1139 1827 1195 <fer>re

293 1197 490 1239 salutem’.
548 1199 624 1239 010.
652 1200 699 1239 de
724 1200 789 1239 fin.
815 1201 857 1240 H
884 1198 1012 1240 118‘
1017 1214 1106 1240 0010
1138 1214 1252 1252 opem
1283 1194 1552 1253 indigentibus
1578 1203 1827 1254 salutemque

292 1257 442 1298 ferres’.
505 1259 675 1298 Videtur
706 1260 753 1299 de
785 1261 935 1300 medico
967 1262 1034 1312 081
1065 1262 1136 1312 qui
1167 1263 1389 1312 opitulatur
1419 1262 1655 1331 aegrotanti.

415 1314 555 1360 1248.
574 1319 795 1371 Porphyrio
815 1321 867 1359 ad
884 1321 1046 1360 Horatii
1064 1334 1177 1360 serm.
1196 1322 1217 1360 I
1236 1323 1275 1371 6,
1302 1319 1390 1361 22‘
1395 1324 1583 1372 quoniam
1601 1324 1643 1361 in
1662 1322 1826 1373 propria

292 1391 370 1417 non
402 1379 505 1430 pelle
537 1377 758 1430 quiessem'.
887 1381 975 1419 .Et
1004 1381 1077 1420 hoc
1108 1381 1260 1420 scilicet
1289 1382 1380 1420 inde
1406 1384 1607 1433 sumptum
1633 1383 1693 1422 est
1718 1382 1825 1433 quod

292 1439 472 1478 ductores
505 1433 580 1492 (sic
611 1439 728 1478 codd.
761 1411 1037 1479 Laclimannus
1068 1443 1174 1480 recte
1205 1436 1368 1494 ueteres)
1400 1442 1442 1480 in
1474 1442 1644 1492 pellibus
1680 1442 1824 1481 dormi-

291 1500 388 1537 rent.
446 1500 556 1537 cuius
587 1499 644 1538 rei
677 1501 717 1538 et
747 1499 923 1539 Lucilius
954 1502 1068 1539 testis
1101 1503 1172 1550 est,
1204 1514 1295 1540 cum
1320 1501 1418 1540 dicit
1443 1499 1543 1551 “per
1568 1503 1663 1541 mihi
1687 1502 1825 1541 lectwm

290 1558 449 1608 inposui
484 1559 624 1607 pedem
670 1559 839 1609 pellibus
888 1556 1064 1599 habes’'.'
1139 1560 1277 1600 lectum
1317 1562 1534 1611 perminxi,
1583 1563 1825 1610 imposuique

282 1617 512 1666 pudendam
536 1619 706 1666 pellibus
737 1619 862 1658 labem
892 1619 922 1657 Ι.
943 1619 1096 1669 1)01130,
1135 1621 1204 1670 qui
1234 1621 1422 1660 lectorem
1453 1621 1504 1660 ad
1535 1621 1674 1661 Horat.
1710 1634 1823 1661 serm.

290 1677 309 1715 1
337 1678 381 1726 5,
408 1678 463 1716 84
503 1677 661 1729 delegat
705 1675 807 1717 ‘tum
846 1678 1036 1718 inmundo
1077 1681 1232 1719 somnia
1268 1680 1358 1719 uisu
1395 1682 1631 1720 nocturnam
1673 1682 1823 1720 uestem

290 1738 493 1776 maculant
517 1739 774 1788 uentremque
801 1736 1014 1789 supinum':
1039 1739 1140 1779 libro
1161 1740 1224 1778 [H
1247 1740 1336 1779 ideo
1363 1741 1573 1791 adscripsit
1596 1741 1823 1780 Muellerus.

289 1797 428 1846 Neque
459 1798 594 1836 tamen
625 1799 740 1836 recte.
802 1798 950 1850 Agitur
980 1800 1113 1849 potius
1145 1799 1193 1838 de
1232 1800 1401 1839 conuiua
1439 1800 1546 1839 ebrio
1585 1800 1653 1850 qui
1684 1800 1822 1840 Horat.

290 1868 401 1895 serm.
427 1857 447 1894 I
475 1857 512 1905 3,
541 1858 596 1895 90
635 1854 854 1896 ‘commixit
890 1859 1037 1897 lectum
1075 1857 1220 1910 potus’.
1283 1861 1455 1899 Permixi
1490 1861 1595 1900 recte
1626 1860 1823 1900 Holderus

289 1917 330 1953 in
369 1915 658 1966 Porphyrione:
701 1917 933 1956 Buecheleri
977 1917 1104 1957 Oarm.
1136 1918 1223 1957 Lat.
1257 1920 1381 1970 epigr.
1410 1921 1492 1959 932
1540 1917 1740 1958 ‘miximus
1780 1921 1823 1958 in

288 1972 419 2013 lecto'.
481 1975 611 2014 labem
643 1976 830 2026 inponere
861 1976 948 2015 Liu.
974 1977 1033 2015 IV
1060 1979 1126 2027 32,
1156 1980 1178 2016 7
1214 1977 1320 2017 0011.
1346 1979 1426 2017 VH
1455 1981 1490 2028 7,
1512 1980 1579 2030 30,
1608 1976 1822 2018 (00030100-

288 2035 370 2072 tiae
395 2034 503 2073 labes
528 2036 572 2072 in
597 2036 729 2073 animo
751 2066 757 2073 .
781 2067 788 2073 .
810 2066 817 2074 .
838 2034 1038 2075 habuisse’
1068 2036 1146 2076 Cic.
1173 2037 1220 2076 de
1246 2038 1309 2076 off.
1336 2038 1397 2076 III
1423 2039 1490 2077 85.
1533 2039 1634 2087 pede
1651 2039 1822 2087 pellibus

289 2094 393 2132 labes
422 2093 529 2132 idem
560 2094 756 2133 Holderus
790 2095 858 2145 qui
889 2095 1057 2135 adnotat
1080 2097 1180 2145 pede
1204 2097 1479 2149 Petschenigio
1506 2097 1655 2137 deberi.
1707 2097 1821 2144 Quod

288 2155 422 2191 tamen
447 2153 480 2192 si
505 2155 610 2193 recte
636 2155 712 2192 erit
738 2155 1009 2206 constitutum,
1028 2157 1129 2205 pede
1154 2156 1465 2208 intellegendum
1485 2158 1561 2196 erit
1579 2157 1627 2196 de
1646 2157 1820 2196 membro

289 2213 398 2251 uirili
434 2213 540 2263 quod
577 2211 681 2252 πόδα
718 2214 800 2253 3100
837 2214 1020 2255 ποδεῶνα
1057 2216 1206 2255 dictum
1243 2217 1383 2267 fuisse,
1426 2218 1495 2256 der
1532 2217 1660 2266 Zipfel
1696 2217 1822 2256 tradit

288 2272 407 2310 schol.
426 2272 608 2323 Euripid.
628 2273 729 2312 Med
753 2274 849 2324 679,
880 2275 999 2314 sicuti
1024 2274 1128 2314 πόδα
1153 2276 1387 2328 βαλλαντίου
1412 2276 1513 2315 dixit
1535 2276 1820 2327 Aristophanes

287 2330 521 2399 Babyloniis
548 2327 668 2386 (GAF
693 2333 714 2372 I
739 2347 776 2384 p.
804 2335 902 2383 414,
929 2335 983 2373 89
998 2330 1067 2389 Κ),
1100 2333 1343 2386 (0101010010,
1374 2337 1476 2376 111113
1504 2336 1742 2387 pediculum,
1774 2350 1821 2375 ex

289 2403 366 2440 quo
397 2393 536 2430 uinum
568 2390 812 2431 defunditur'
845 2394 957 2432 Paul.
984 2407 1030 2433 ex
1056 2395 1172 2435 Festo
1197 2409 1234 2446 p.
1266 2397 1331 2435 15.

409 2445 548 2491 1249.
580 2451 728 2492 Ρο0103
760 2465 806 2491 ex
837 2453 955 2493 Festo
986 2468 1024 2504 p.
1053 2456 1150 2504 212,
1178 2457 1201 2494 9
1237 2452 1413 2506 ‘Pipatio
1446 2456 1594 2494 clamor
1624 2427 1818 2506 plorantis

285 2510 423 2560 lingua
461 2509 665 2550 Oscorum'
712 2507 779 2565 (de
825 2513 970 2552 Planta
1006 2527 1170 2565 gramm.
1198 2513 1283 2553 Osc.
1310 2514 1444 2553 Vmbr.
1470 2515 1511 2553 II
1542 2529 1579 2565 p.
1609 2516 1705 2554 237.
1733 2515 1818 2554 590

285 2569 482 2608 Vsenerus
514 2570 614 2610 Mus.
641 2572 764 2610 Rhen.
790 2572 881 2610 LVI
909 2574 1019 2612 1901
1055 2587 1092 2623 p.
1121 2575 1189 2623 23,
1216 2569 1302 2627 43).
1371 2575 1569 2625 Excerpta
1612 2587 1659 2613 ex
1701 2575 1818 2614 Festo

288 2628 388 2667 GGL
414 2629 472 2667 IV
497 2644 534 2680 p.
560 2630 697 2669 XVIH
730 2628 902 2681 ‘Pipatio
935 2634 995 2671 est
1026 2634 1175 2672 clamor
1199 2634 1395 2683 plorantis
1422 2647 1564 2673 acerua
1588 2646 1697 2673 11000.
1739 2634 1817 2672 Lu-

224 2715 230 2719 .
286 2689 400 2726 cilius
434 2686 558 2737 “petit
593 2691 709 2740 pipas
741 2691 901 2730 clalibet
930 2692 973 2730 id
1004 2694 1064 2731 est
1092 2695 1192 2741 petit
1227 2694 1375 2732 clamas
1413 2694 1463 2732 da
1499 2694 1616 2732 iuuat
1651 2690 1815 2744 inquit„

287 2761 333 2785 ex
365 2761 442 2798 quo
475 2749 631 2799 antiqui
663 2750 875 2789 clamorem
907 2763 1091 2790 aceruum
1116 2750 1396 2803 appellarunt'.
1449 2753 1626 2803 Vtroque
1651 2754 1737 2791 1000
1763 2753 1817 2792 da

285 2807 530 2846 scribendum
583 2821 665 2848 esse
714 2809 867 2849 iudicat
915 2811 1178 2851 Buechelerus
1226 2812 1339 2851 Thes.
1378 2814 1493 2864 gloss.
1533 2812 1682 2851 emend.
1715 2825 1743 2852 3.
1775 2825 1815 2851 u.

277 2868 448 2914 pipam,
482 2881 555 2919 ego
586 2869 687 2908 clam
717 2870 1002 2920 praetuleram,
1040 2884 1128 2910 cum
1160 2871 1416 2911 desiderarim
1445 2873 1489 2911 in
1518 2872 1651 2911 uerbis
1685 2883 1815 2923 gram·

284 2927 423 2966 matici
454 2928 506 2966 da
536 2927 768 2979 imperatiui
798 2929 1166 2980 interpretationem
1197 2932 1325 2970 ueluti
1355 2932 1428 2982 dic,
1459 2945 1538 2982 qua
1564 2944 1695 2970 carere
1719 2931 1816 2970 haec

285 2997 361 3023 uox
392 2999 472 3025 non
507 2988 700 3038 potuerit,
737 2989 838 3027 illud
875 2990 991 3039 clam,
1029 2990 1135 3041 quod
1170 2992 1424 3030 restituet-am
1456 2990 1566 3030 Stud.
1592 2990 1814 3030 Vindobon.
