2060 3444
672 222 827 260 xxvm
853 225 920 260 aut
944 221 1064 259 XXIX
1088 235 1124 259 u.
1152 224 1353 259 ess-939.
1699 219 1786 264 307

266 382 268 384 ,
364 334 476 380 935.
510 337 806 378 Grammaticus
838 337 886 376 de
918 336 1051 376 dubiis
1077 335 1305 376 nominibus
1332 334 1400 374 GL
1428 335 1464 373 V
1489 349 1527 386 p.
1556 336 1654 386 584,
1682 334 1789 374 24Κ

245 397 413 439 ‘Nasum
432 398 588 451 generis
608 399 753 448 neutri,
773 399 819 437 ut
837 397 1018 436 Lucilius
1039 394 1213 436 “nasum
1232 395 1307 435 hoc
1327 407 1550 446 corpusque
1569 391 1787 434 scutum”.'

243 460 388 500 scitum
415 459 629 510 Hauptius.
679 458 737 498 At
767 457 933 497 uerbum
958 458 1156 496 intactum
1180 467 1341 495 manere
1366 456 1510 494 melius
1536 457 1624 494 erit.
1668 455 1788 495 Para-

243 521 366 559 situm
397 520 669 571 interrogarat
699 519 923 569 nescioquis
954 517 1024 556 ubi
1056 519 1214 556 scutum
1243 516 1464 566 reliquerit.
1517 514 1593 561 Qui
1627 528 1789 566 respon-

243 580 322 631 det,
353 592 496 619 nasum
527 581 568 619 et
598 578 865 618 uentriculum
896 591 1012 618 suum
1044 577 1139 616 dum
1170 576 1305 628 tangit
1335 575 1484 627 digito:
1527 572 1686 615 ‘nasum
1717 576 1790 614 hoc

244 652 466 691 corpusque
497 635 684 679 scutum’.
740 638 916 678 Martial.
942 637 983 676 H
1012 639 1078 688 11,
1106 639 1132 676 4
1165 633 1288 687 ‘quod
1320 649 1446 687 paene
1483 637 1633 675 terram
1671 648 1791 675 nasus

243 700 429 740 indecens
459 697 622 752 tangit’.

364 755 476 801 936.
503 759 732 799 Priscianus
759 758 827 798 GL
853 758 894 797 II
918 772 957 809 p.
986 759 1084 808 381,
1112 757 1186 796 4K
1213 753 1407 795 ‘Lucilius
1435 753 1566 807 “quin
1591 756 1791 806 amplexe-

244 822 313 860 tur
342 821 412 872 qui
442 820 544 860 uelit
575 833 648 872 ego
679 832 759 859 non
796 821 926 859 sinam
963 831 1027 858 me
1067 814 1346 869 amplectier''.
1397 817 1647 867 amplexetur
1683 830 1791 869 περι-

245 877 476 921 πλεκέσθω’.
528 880 638 920 Codd
662 880 734 919 LK
759 879 916 918 Hertzii
939 879 1171 930 posteriore,
1203 877 1311 917 GLK
1335 876 1468 928 priore
1493 877 1580 916 loco
1613 877 1793 916 futurum

245 942 505 991 amplectetur,
531 940 741 980 confirmat
765 941 1006 989 amplexetur
1031 938 1329 978 coniunctiuum
1352 937 1619 988 metaphrasis
1640 935 1793 976 Graeca

245 1001 444 1041 Prisciani
475 1013 577 1052 quae
610 1000 730 1040 simul
763 1000 939 1040 ostendit
970 998 1212 1039 sententiam
1244 1011 1328 1038 esse
1363 998 1582 1048 perfectam
1621 998 1661 1036 et
1697 999 1793 1046 quin

247 1061 435 1101 similiter
471 1061 697 1100 adhibitum
735 1062 856 1111 atque
893 1060 962 1099 lib.
986 1059 1083 1098 XIV
1107 1073 1145 1098 u.
1173 1060 1271 1098 359.
1338 1058 1586 1108 Amplectier
1629 1059 1794 1108 propter

247 1123 418 1162 formam
448 1122 491 1160 in
523 1122 633 1160 exitu
663 1133 802 1160 uersus
835 1120 912 1160 erit
943 1119 1237 1160 collocandum:
1268 1118 1392 1158 uerba
1423 1119 1559 1157 omnia
1591 1130 1681 1156 cum
1712 1117 1795 1157 sint

247 1195 358 1232 sana,
389 1183 567 1221 senarios
598 1180 886 1220 constituemus
916 1181 1053 1232 potius
1086 1192 1208 1230 quam
1239 1178 1510 1230 septenarium
1541 1177 1727 1217 claudum
1753 1180 1794 1217 et

247 1242 447 1282 elumbem
478 1242 638 1293 qualem
675 1241 884 1280 constituit
913 1240 1131 1280 Muellerus
1169 1236 1282 1290 ‘quin
1320 1239 1569 1290 amplexetur
1607 1238 1676 1289 qui
1712 1238 1796 1277 uolt

249 1315 322 1354 ego
352 1315 432 1342 non
463 1303 593 1341 sinam
629 1315 692 1340 me
730 1297 991 1352 amplectier':
1028 1313 1274 1351 quamquam
1310 1300 1543 1339 lacunosam
1584 1311 1668 1338 esse
1707 1311 1794 1338 sen-

247 1363 418 1402 tentiam
460 1363 537 1402 erit
579 1362 884 1402 concedendum.
952 1362 1175 1410 amplectier
1218 1373 1299 1399 non
1341 1360 1504 1410 passiuo
1549 1359 1617 1398 sed
1661 1359 1795 1398 actiuo

249 1435 367 1463 sensu
398 1423 549 1462 dictum
581 1423 660 1462 estz
692 1422 839 1461 excidit
868 1421 997 1461 ueluti
1028 1418 1084 1460 ‘te
1114 1420 1179 1460 hic
1210 1421 1253 1459 in
1283 1416 1379 1459 uia'.

369 1477 481 1523 938.
512 1482 643 1522 Varro
674 1483 722 1522 de
753 1483 893 1535 lingua
923 1482 1072 1521 Latina
1103 1481 1206 1520 libro
1232 1480 1312 1519 VII
1338 1481 1392 1519 47
1429 1477 1565 1532 ‘Apud
1596 1478 1795 1518 Lucilium

251 1540 439 1593 “quidem
479 1543 622 1582 thinno
669 1544 787 1593 capto
830 1543 979 1581 eoriwm
1023 1541 1240 1581 excludunt
1282 1536 1423 1579 foras''
1473 1541 1514 1578 et
1565 1536 1796 1588 “occidunt,

250 1603 380 1654 Lupe,
418 1603 610 1654 saperdae
641 1605 681 1642 te
713 1603 754 1642 et
782 1604 873 1642 iura
904 1598 1053 1641 siluri„
1084 1603 1125 1640 et
1163 1597 1350 1639 “sumere
1388 1602 1428 1638 te
1467 1601 1589 1650 atque
1627 1595 1794 1638 amian’'

251 1663 421 1715 piscium
451 1664 614 1702 nomina
645 1664 740 1702 sunt
771 1676 987 1713 eorumque
1017 1663 1061 1700 in
1086 1660 1254 1701 Graecia
1280 1657 1421 1712 origo’.
1472 1660 1670 1710 Excerpta
1694 1659 1796 1698 Var-

251 1725 360 1764 ronis
399 1723 446 1762 de
483 1723 660 1774 piscibus
699 1723 807 1774 apud
843 1722 1044 1761 Lucilium
1080 1722 1189 1761 facta
1227 1733 1311 1760 esse
1348 1719 1536 1759 uidentur
1579 1719 1797 1759 secundum

253 1784 434 1824 ordinem
457 1783 652 1823 librorum
677 1782 1001 1835 chronologicum
1028 1776 1138 1836 (uide
1163 1781 1341 1833 prolegg.
1367 1794 1405 1830 p.
1431 1774 1566 1834 LHI):
1596 1780 1796 1831 fragmen-

252 1846 340 1883 tum
363 1843 538 1896 primum
562 1843 738 1894 pertinet
763 1843 814 1882 ad
839 1843 962 1882 libros
982 1841 1318 1891 XXVI—XXIX,
1345 1841 1516 1880 alterum
1543 1839 1593 1878 ad
1611 1840 1758 1878 librum
1777 1839 1798 1878 I

255 1899 311 1958 (u.
340 1898 434 1958 54),
470 1904 637 1943 tertium
674 1916 861 1943 numeros
898 1903 1059 1942 exhibet
1097 1902 1334 1952 dactylicos,
1379 1914 1469 1939 cum
1507 1901 1561 1940 sit
1597 1900 1797 1939 sententia

253 1965 498 2015 imperfecta.
567 1963 615 2002 In
651 1977 689 2002 u.
727 1965 857 2014 primo
895 1965 1001 2002 recte
1040 1961 1086 2001 O.
1105 1962 1321 2001 Muellerus
1359 1962 1531 2000 eobium:
1570 1961 1700 2000 simile
1738 1961 1800 1999 est

255 2025 455 2076 Aristippi
492 2024 760 2076 apopthegma
791 2025 907 2076 Diog.
936 2023 1070 2062 Laert.
1095 2022 1138 2061 II
1164 2023 1219 2061 67
1259 2020 1479 2061 Διονυσίου
1517 2017 1559 2060 δὲ
1597 2019 1798 2074 προσπτύ-

254 2096 397 2132 σαντος
433 2083 553 2140 αὐτῷ,
590 2081 782 2137 ἠνέσχετο·
815 2081 1077 2136 μεμψαμένου
1115 2080 1158 2122 δέ
1194 2096 1319 2134 τινος,
1359 2076 1442 2121 εἶτα
1479 2080 1521 2121 οἵ
1555 2078 1627 2132 μὲν
1664 2077 1799 2131 ἁλιεῖς,

254 2140 383 2197 εἶπεν,
420 2142 666 2196 ὑπομένουσι
696 2143 907 2198 ῥαίνεσθαι
936 2148 983 2199 τῇ
1021 2142 1218 2199 θαλάτεῃ,
1257 2141 1324 2182 ἵνα
1359 2140 1510 2194 κωβιὸν
1546 2140 1797 2193 θηράσωσιν·

256 2202 330 2257 ἐγὼ
363 2202 405 2244 δὲ
438 2204 491 2256 μὴ
524 2202 756 2256 ἀνάσχωμαι
786 2203 955 2258 κράματι
985 2203 1208 2257 ῥανθῆναι,
1246 2201 1312 2242 ἵνα
1343 2199 1511 2254 βλέννον
1541 2200 1650 2253 λάβω
1688 2195 1804 2255 (conf

255 2265 335 2303 fab.
361 2264 505 2314 Aesop.
535 2263 672 2303 116Η
719 2264 857 2303 quen.
883 2264 941 2302 XI
968 2258 1056 2317 37).
1090 2285 1149 2289 —
1180 2263 1335 2311 quidem
1365 2263 1506 2300 natum
1538 2274 1585 2300 ex
1616 2274 1799 2311 compen-

258 2324 323 2363 dio
354 2336 565 2374 perperam
596 2324 739 2374 soluto,
769 2337 910 2363 uerum
940 2323 1120 2362 restituit
1150 2322 1296 2362 codicis
1323 2321 1349 2360 b
1382 2321 1587 2373 Spengelii
1611 2321 1800 2359 librarius

260 2385 330 2434 qui
361 2383 520 2423 exhibet
549 2384 662 2432 quod.

379 2438 490 2484 939.
522 2444 677 2483 Nonius
702 2456 750 2482 ex
774 2443 1037 2495 grammatico
1068 2456 1107 2493 p.
1135 2442 1233 2492 205,
1261 2443 1315 2480 29
1345 2438 1527 2480 ‘Fretum
1554 2472 1560 2479 .
1583 2472 1590 2479 .
1613 2472 1620 2479 .
1646 2453 1800 2480 mascu-

258 2503 333 2543 lini
359 2535 367 2542 .
389 2535 396 2542 .
419 2535 426 2542 .
451 2503 629 2543 Lucilius
656 2500 833 2544 “semna
857 2504 1022 2543 caecaeli
1047 2497 1126 2557 (ita
1153 2501 1375 2542 Leidensis:
1407 2501 1541 2541 caecili
1567 2499 1802 2551 Guelferby-

259 2566 396 2603 tanus:
427 2565 525 2603 caeli
555 2564 679 2603 editio
709 2558 835 2617 Iunii)
866 2565 1023 2603 nomine
1055 2564 1095 2602 et
1125 2563 1223 2602 salis
1253 2558 1441 2601 fretus’'.'
1507 2558 1671 2600 ‘Serena
1701 2560 1802 2599 caeli

260 2625 426 2663 numina
452 2625 493 2663 et
517 2624 614 2663 salsi
638 2620 778 2663 fretus'
806 2624 960 2664 Tollius
986 2623 1037 2662 ad
1061 2623 1211 2662 Auson.
1231 2622 1344 2661 Vers.
1369 2621 1548 2661 Paschal.
1574 2621 1628 2659 26
1654 2634 1692 2671 p.
1716 2621 1799 2659 295

261 2684 355 2723 edit.
380 2683 548 2723 Amstel.
577 2684 710 2723 1671:
741 2684 814 2734 qui
843 2685 887 2722 in
918 2682 1108 2722 addendis
1140 2696 1177 2734 p.
1206 2682 1290 2722 796
1323 2694 1403 2721 non
1433 2683 1539 2720 recte
1568 2682 1691 2732 negat
1714 2693 1802 2720 uer-

262 2756 350 2783 sum
375 2756 459 2783 esse
483 2743 643 2793 Lucilii,
669 2743 775 2794 quod
799 2743 976 2782 traditur
1001 2743 1109 2793 apud
1130 2742 1356 2782 charisium
1382 2736 1469 2796 (GL
1489 2741 1510 2779 I
1535 2755 1572 2791 p.
1596 2742 1693 2790 129,
1709 2741 1732 2778 6
1745 2735 1801 2794 Κ)

263 2801 421 2853 ‘fretus,
468 2803 587 2843 huius
636 2803 762 2842 fretus
804 2803 969 2842 Porcius
1012 2802 1175 2842 Licinus
1220 2797 1408 2855 (lucinni:
1444 2801 1492 2839 N
1510 2813 1560 2839 m.
1590 2803 1613 2839 1
1645 2799 1802 2838 licinni:

262 2877 312 2903 m.
337 2859 404 2918 2),
441 2863 487 2902 ut
522 2863 678 2902 Plinius
716 2863 855 2902 eodem
895 2863 1087 2901 sermonis
1125 2861 1237 2900 dubii
1273 2861 1377 2900 libro
1402 2860 1462 2899 VI
1497 2860 1635 2909 refert,
1675 2857 1804 2899 “salsi

262 2920 448 2963 fretus''.'
501 2919 615 2962 ‘salsi
637 2919 776 2971 fretu-9²·
804 2923 928 2962 etiam
951 2922 996 2960 F.
1014 2922 1153 2961 Dousa
1177 2920 1392 2971 scripserat
1415 2921 1459 2959 in
1487 2920 1581 2958 edit.
1625 2918 1804 2970 Vterque

263 2986 383 3035 poeta
419 2982 602 3022 imitatus
640 2995 724 3022 esse
756 2982 916 3022 uidetur
952 2982 1127 3021 Ennium
1164 2982 1235 3032 qui
1272 2981 1431 3031 saepius
1475 2991 1647 3028 aequora
1682 2980 1804 3026 salsa,

1446 3046 1519 3082 20*
