2060 3444
796 223 934 279 {KXVII
959 236 995 261 u.
1025 226 1231 262 704—709.
1701 221 1791 265 255

361 333 468 380 704.
501 338 656 378 Nonius
688 352 726 390 p.
749 340 827 390 27,
855 339 878 377 6
915 334 1147 377 ‘Strabones
1186 339 1280 377 sunt
1317 337 1502 388 strambi,
1549 349 1647 388 quos
1685 349 1791 376 nunc

238 400 418 440 dicimus.
453 431 460 438 .
483 430 490 438 .
513 431 520 438 .
547 398 727 438 Lucilius
753 399 821 438 lib.
842 398 997 437 XXVII
1023 395 1159 437 “nulli
1179 429 1186 437 .
1210 429 1217 436 .
1239 429 1247 437 .
1267 394 1498 437 istorum’'.'
1552 397 1790 437 Strabonem

236 460 323 500 fieri
354 459 596 500 locutionem
628 471 652 498 a
676 459 834 498 Lucilio
860 460 1068 498 mutuatus
1095 460 1156 498 est
1180 459 1310 498 Varro
1337 460 1409 498 sat.
1436 458 1610 509 Menipp.
1641 458 1789 497 17613:

237 519 380 560 Graeci
419 521 558 559 dicunt
594 518 880 571 ἐποφθαλμιᾶν
923 517 1256 570 ἐποφθαλμίζεινι
1298 519 1394 558 conf
1429 518 1537 557 Suid.
1571 531 1599 557 s.
1627 531 1666 557 u.
1699 516 1790 558 ἐποκ

239 580 488 633 φθαλμίσας·
534 579 749 631 φθονήσας
786 577 813 632 ἢ
852 577 1150 631 ἐπιθυμητικῶς
1194 577 1394 631 ἐπιβαλών
1437 575 1474 618 ’ὅ
1519 575 1561 617 δὲ
1606 576 1704 618 ἰδὼν
1748 577 1789 617 τὸ

236 641 399 694 χρυσίον
436 639 696 696 ε’ποφθαλμιᾷ
720 643 786 695 τῷ
820 636 1060 696 ἀνθρώπῳ’;
1106 638 1256 679 Charit.
1282 639 1304 678 I
1333 641 1378 689 7,
1407 642 1428 678 1
1476 636 1790 690 ἐπωφθαλμίασε

236 705 290 757 τῷ
321 703 464 757 χρυσῷ.
521 700 667 740 Adfert
697 700 834 739 Dousa
865 700 961 739 Hor.
989 701 1102 751 epist.
1129 700 1150 738 I
1178 701 1252 749 14,
1280 701 1332 739 37
1370 696 1465 738 ‘non
1502 700 1595 738 istic
1627 699 1789 750 obliquo

237 762 352 801 oculo
384 775 473 801 mea
505 761 711 801 commoda
744 762 957 811 quisquam
989 761 1116 810 limat,
1147 773 1228 799 non
1260 760 1351 799 odio
1383 759 1550 799 obscuro
1576 772 1790 810 morsuque

235 818 438 862 uenenat'.
500 821 648 870 Lucilii
685 822 723 860 h.
743 835 780 860 u.
806 822 959 872 recepit
995 821 1041 859 R.
1062 821 1295 861 Foersterus
1333 820 1375 859 in
1413 820 1506 860 edit.
1540 820 1791 871 Scriptorum

236 882 518 935 Physiognom.
545 883 588 921 H
611 896 650 933 p.
673 883 770 921 321.

360 938 468 983 706.
500 943 655 982 Nonius
693 957 731 994 p.
759 943 864 993 289,
899 943 952 981 12
994 939 1255 992 ‘Deductum,
1305 941 1570 981 delectatione
1614 941 1789 980 ductum.

238 1034 245 1042 .
269 1035 276 1042 .
299 1035 306 1042 .
332 1003 510 1043 Lucilius
541 1003 609 1042 lib.
629 1003 783 1042 XXVH
819 997 972 1058 (XXVI
1000 997 1056 1057 G)
1097 1000 1216 1042 “illoc
1257 1003 1363 1042 oculi
1385 1034 1391 1041 .
1415 1034 1422 1041 .
1445 1034 1452 1041 .
1478 998 1647 1053 rapit''.'
1711 1002 1790 1041 Illo

232 1066 342 1103 recte
378 1064 536 1114 Iunius,
574 1063 704 1102 Plaut.
737 1063 909 1103 Mostell.
946 1064 1059 1103 1069
1099 1064 1166 1102 illo
1209 1063 1517 1113 Ambrosianus,
1560 1063 1649 1102 illoc
1686 1063 1789 1101 falso

236 1124 431 1174 Palatini,
475 1124 610 1163 Aulul.
640 1125 723 1163 705
772 1121 881 1162 ‘nam
924 1125 971 1162 ut
1014 1123 1163 1162 dudum
1207 1123 1301 1162 hinc
1344 1123 1443 1173 abii,
1487 1124 1660 1162 multum
1691 1123 1791 1161 illuc

240 1178 316 1239 (ita
347 1185 484 1231 DVE,
515 1185 600 1224 illic
626 1179 685 1239 B)
720 1184 865 1223 adueni
889 1179 1028 1235 prior',
1062 1184 1131 1222 ubi
1156 1184 1224 1223 illo
1251 1184 1432 1223 editores.
1490 1184 1611 1223 Recte
1640 1185 1791 1235 negant

237 1244 333 1284 ferri
363 1257 479 1295 posse
510 1246 592 1284 illic
623 1244 858 1284 aduerbium
895 1257 968 1295 pro
1000 1244 1232 1295 pyrrhichio
1273 1245 1452 1295 positum
1483 1244 1554 1283 ubi
1584 1245 1645 1283 illi
1675 1245 1789 1284 resti-

235 1307 400 1344 tuerunt
425 1305 554 1344 ueluti
579 1304 736 1356 Captiu.
765 1306 849 1344 278
878 1305 968 1344 aliis
993 1305 1092 1344 locis
1126 1317 1224 1355 quos
1249 1305 1402 1344 indicat
1431 1304 1555 1344 CFW
1573 1304 1790 1344 Muellerus

237 1366 284 1404 de
310 1365 447 1405 Plauti
471 1366 628 1417 prosod.
654 1380 691 1416 p.
714 1366 812 1405 331.
862 1364 944 1417 Agi
968 1365 1129 1405 uidetur
1157 1365 1205 1404 de
1232 1378 1366 1405 amore
1391 1365 1570 1405 mulieris
1596 1365 1789 1404 formosa:

237 1427 355 1474 oculi,
387 1427 600 1472 deducunt,
649 1428 698 1466 ut
746 1427 867 1477 poeta
917 1426 1183 1478 Pompeianus
1230 1425 1339 1465 CLE
1365 1426 1408 1464 H
1438 1440 1476 1477 p.
1510 1427 1615 1476 431,
1650 1427 1735 1465 934
1755 1426 1789 1464 B

239 1484 316 1526 ‘me
351 1487 481 1526 oculei
517 1500 715 1538 posquam
752 1487 980 1526 deducxstis
1018 1488 1062 1525 in
1099 1484 1262 1539 ignem'.
1308 1499 1416 1537 spes,
1446 1486 1651 1537 potiundi:
1686 1483 1790 1537 ‘spes

239 1547 399 1587 facilem
430 1547 632 1586 Nemesim
664 1547 837 1598 spondet
867 1543 983 1586 mihi'
1017 1547 1162 1586 Tibull.
1182 1547 1224 1586 Π
1251 1548 1290 1595 6,
1317 1548 1384 1586 27.

361 1602 468 1647 707.
501 1608 655 1647 Nonius
686 1622 724 1659 p.
747 1609 845 1658 213,
874 1608 927 1646 32
958 1604 1142 1647 ‘Messem
1168 1608 1323 1659 generis
1349 1607 1545 1658 feminini,
1568 1607 1789 1646 masculino

238 1667 419 1707 Lucilius
451 1667 519 1706 lib.
539 1668 693 1706 XXVH
725 1664 892 1719 “potius
924 1680 1046 1718 quam
1077 1680 1157 1706 non
1187 1680 1377 1717 maynum
1408 1679 1488 1707 esse
1516 1680 1596 1706 non
1615 1668 1791 1716 probaui

237 1728 461 1767 indemedia
507 1723 584 1782 (ita
621 1728 674 1767 L:
710 1729 841 1777 proba
883 1729 1135 1768 uindemedia
1185 1727 1231 1774 G,
1274 1728 1477 1767 uindemia
1520 1722 1788 1782 impressi)’'.'

237 1788 366 1828 Audis
397 1788 598 1828 Lucilium
629 1789 846 1841 agricolam
880 1790 921 1827 et
951 1801 1229 1840 possessorem.
1287 1788 1551 1828 Consociatur
1578 1789 1717 1828 messis
1750 1790 1791 1828 et

238 1849 443 1888 uindemia
473 1850 560 1901 lege
593 1850 754 1901 agraria
786 1848 882 1888 CIL
908 1849 929 1887 I
957 1850 1054 1900 200,
1083 1843 1145 1888 95
1173 1846 1291 1899 ‘quae
1330 1850 1469 1888 messis
1507 1849 1789 1899 uindemiaque

238 1909 280 1948 P.
296 1909 480 1948 Cornelio
499 1909 543 1948 L.
560 1908 776 1959 Calpurnio
791 1906 892 1960 cosf,
915 1908 1088 1948 Gratiar.
1109 1910 1215 1949 actio
1236 1909 1448 1954 Constant.
1462 1909 1566 1961 Aug.
1583 1904 1719 1964 (VIII)
1735 1911 1787 1948 13

240 1966 290 2009 ‘si
326 1970 468 2018 horrea
505 1970 643 2010 messis
680 1970 902 2021 implesset,
941 1971 976 2009 si
1012 1969 1218 2009 uindemia
1249 1970 1528 2020 redundasset,
1561 1971 1594 2009 si
1627 1971 1789 2009 oliuitas

239 2031 354 2082 larga
385 2027 598 2069 fluxisset':
631 2027 786 2082 ἀμητοῦ
817 2027 902 2083 <ἢ>
932 2035 1128 2084 τρυγητοῦ
1161 2027 1274 2078 ὄντος
1314 2032 1493 2070 restituit
1524 2030 1789 2070 Buechelerus

238 2091 280 2129 in
325 2091 370 2129 R.
398 2090 591 2130 Schoenei
634 2090 813 2130 Philonis
857 2091 1110 2130 mechanicae
1155 2092 1335 2141 syntaxis
1381 2091 1474 2130 edit.
1508 2091 1638 2130 Berol.
1673 2092 1787 2130 1893

239 2165 276 2202 p.
300 2152 368 2201 96,
397 2152 463 2190 30.
520 2152 611 2190 Non
635 2152 766 2200 proba
791 2151 1007 2202 uindemia,
1034 2152 1137 2191 sicut
1164 2151 1296 2190 Plaut.
1324 2151 1425 2190 Rud.
1455 2152 1538 2191 373
1569 2148 1789 2203 ‘improbae

240 2214 333 2250 sunt
369 2209 533 2251 merces’
573 2211 661 2250 Liu.
682 2212 833 2250 ΧΧΧΠ
861 2213 898 2262 2,
927 2214 950 2251 2
987 2209 1215 2263 ‘argentum
1243 2243 1250 2250 .
1273 2243 1280 2250 .
1303 2243 1310 2250 .
1336 2212 1506 2263 probum
1552 2225 1633 2251 non
1677 2209 1788 2252 esse’.

239 2272 367 2310 Nemo
411 2273 496 2310 tam
539 2272 703 2311 insanus
747 2274 825 2322 est,
869 2273 915 2311 ut
959 2272 1069 2311 dicat
1114 2269 1304 2312 ‘incultus
1347 2273 1473 2311 horno
1517 2274 1657 2323 pereat
1694 2267 1791 2323 ager

240 2333 388 2382 potius,
414 2344 534 2382 quam
559 2344 639 2371 non
663 2345 811 2384 magno
837 2344 975 2383 messe,
1000 2345 1081 2371 non
1111 2332 1238 2383 proba
1263 2332 1468 2371 uindemia
1492 2333 1608 2371 ludat
1627 2346 1789 2383 operam

239 2388 506 2431 rusticorum’.
1544 2415 1546 2417 -

364 2447 473 2492 708.
505 2452 660 2492 Nonius
685 2467 723 2503 p.
746 2454 845 2504 477,
873 2454 926 2492 29
956 2450 1192 2492 ‘Adiutatur
1216 2466 1290 2504 pro
1317 2452 1486 2492 adiutat.
1521 2484 1528 2491 .
1551 2484 1558 2492 .
1579 2482 1590 2497 .
1608 2452 1790 2492 Lucilius

241 2512 308 2552 lib.
328 2513 483 2551 XXVII
516 2510 619 2552 “nec
646 2544 653 2552 .
676 2545 683 2552 .
706 2544 713 2552 .
739 2526 887 2553 usuras
919 2516 953 2552 et
979 2544 986 2552 .
1009 2545 1016 2552 .
1039 2545 1046 2552 .
1074 2509 1205 2552 diu'’.'
1268 2511 1460 2552 Adimam·
1495 2526 1568 2563 pro
1607 2514 1790 2552 adiutare

242 2573 278 2612 ei
319 2574 395 2612 soli
439 2573 651 2625 scriptores
694 2573 883 2613 uidentur
910 2567 1127 2625 'scripsisse
1166 2586 1264 2624 quos
1302 2573 1435 2613 adfert
1470 2573 1625 2613 Nonius
1663 2574 1688 2612 1.
1709 2587 1738 2613 s.
1759 2586 1788 2612 s.

243 2633 388 2672 Sensus
419 2634 580 2673 uidetur
605 2646 689 2673 esse
719 2635 802 2673 hic:
834 2647 906 2673 nec
932 2647 1086 2686 agrum,
1118 2635 1152 2673 si
1176 2635 1298 2685 paulo
1324 2635 1456 2674 minus
1482 2646 1629 2686 magno
1655 2634 1790 2673 fructu

244 2693 401 2733 adiuuit
433 2694 637 2733 dominum
668 2707 740 2745 per
771 2695 919 2734 multos
952 2707 1089 2744 annos,
1126 2695 1216 2734 ideo
1249 2696 1480 2734 contemnas
1513 2694 1582 2733 sed
1613 2695 1788 2746 corrigas

244 2755 403 2804 oportet
445 2754 587 2792 melius
631 2754 813 2793 colendo:
857 2767 999 2804 usura,
1042 2757 1090 2793 ut
1131 2752 1247 2793 Ouid.
1281 2767 1376 2794 rem.
1409 2767 1485 2793 am.
1521 2756 1604 2794 173
1652 2751 1789 2793 ‘obrue

243 2815 404 2853 uersata
448 2813 627 2853 Cerealia
675 2816 829 2853 semina
876 2817 1002 2864 terra,
1053 2827 1154 2864 quae
1204 2814 1281 2853 tibi
1324 2827 1414 2854 cum
1456 2815 1584 2853 multo
1627 2814 1789 2854 faenore

243 2874 386 2913 reddat
417 2870 538 2925 ager’.
1170 2912 1172 2915 .

367 2929 476 2973 709.
520 2934 675 2973 Nonius
724 2948 762 2985 p.
795 2935 898 2984 196,
935 2935 988 2973 18
1037 2931 1243 2974 ‘Chartam
1288 2929 1487 2989 (cartham
1530 2929 1588 2988 L)
1633 2937 1788 2986 generis

244 2994 438 3033 feminini.
500 2995 713 3034 masculini
743 2994 922 3034 Lucilius
960 2995 1027 3034 lib.
1048 2994 1201 3033 XXVH
1235 2992 1335 3034 “nee
1371 2996 1427 3034 sic
1458 2995 1526 3034 ubi
1559 2997 1693 3047 graeci
1719 3026 1728 3036 .
1749 3027 1758 3036 .
1779 3026 1787 3035 .
