2060 3444
803 262 854 299 IX
879 274 914 299 u.
941 264 1142 298 333—834.
1675 260 1757 304 127

218 379 416 432 flagitium
441 374 596 430 ingens’
624 371 837 431 (Draegeri
863 379 966 428 synt.
992 377 1084 416 hist.
1112 376 1136 414 l.
1163 376 1206 415 L.
1232 376 1273 415 Π
1298 376 1324 426 ἓ
1351 370 1457 415 5822
1481 389 1518 426 p.
1548 376 1631 415 793
1647 371 1760 430 seq).

219 439 482 479 Accusatiuus
526 437 575 476 ad
619 438 797 476 scaberat
839 438 926 476 erat
968 449 1086 476 uersu
1136 435 1396 475 antecedenti.
1470 436 1657 475 Imitatus
1701 438 1762 476 est

218 499 367 550 Lucilii
398 510 558 537 uersum
592 497 793 549 Vergilius
819 509 951 549 georg.
977 496 1038 535 HI
1065 497 1148 535 255
1184 493 1284 546 ‘ipse
1321 496 1403 534 ruit
1440 495 1657 547 dentesque
1690 496 1759 535 Sa-

218 558 384 600 bellicus
410 559 569 598 exacuit
593 569 661 597 sus
687 559 728 596 et
753 557 850 608 pede
875 556 1102 608 prosubigit
1125 557 1286 605 terram,
1312 555 1431 595 fricat
1451 557 1589 595 arbore
1607 553 1760 596 costas’.

340 612 451 659 334.
482 618 637 657 Nonius
668 631 706 668 p.
735 618 833 667 498,
860 618 884 656 9
920 614 1145 656 ‘Genitiuus
1176 615 1331 667 positus
1361 629 1434 666 pro
1473 616 1663 656 ablatiuo.
1692 648 1699 655 .
1723 648 1729 655 .
1753 648 1759 654 .

218 678 324 719 idem
354 678 423 718 lib.
450 678 570 717 VIIH
603 674 670 717 “si
698 709 704 715 .
789 677 946 716 numini
977 671 1106 730 (numi
1131 675 1163 714 L
1188 689 1241 714 m.
1270 670 1315 729 1)
1341 688 1442 726 opus
1469 678 1589 726 atque
1616 671 1762 731 (adque

218 738 251 778 L
271 752 322 778 m.
346 733 390 792 1)
417 734 573 777 obsii’'.'
626 737 695 777 Bis
717 736 883 776 uerbum
907 736 1205 776 substantiuum
1231 735 1449 775 omittitur:
1481 737 1523 774 in
1550 738 1759 776 enuntiato

219 798 486 839 condicionali
516 798 651 837 omitti
681 798 840 848 saepius
871 796 987 836 docet
1018 794 1188 836 Olsenus
1220 795 1268 834 de
1299 795 1420 835 uerbo
1452 796 1578 835 subst.
1609 795 1758 848 Gryph.

222 859 336 898 1884
363 873 400 910 p.
421 859 491 907 42,
516 858 607 897 uide
635 870 736 909 quae
761 856 1045 896 adnotauimus
1065 856 1117 896 ad
1136 856 1203 895 lib.
1223 856 1260 893 V
1279 868 1320 895 u.
1343 857 1439 896 186.
1462 857 1558 895 188.
1584 856 1626 895 H
1645 870 1681 895 u.
1704 858 1758 896 78

218 918 290 958 ubi
320 930 418 969 opus
447 919 626 969 positum
657 919 718 957 est
747 929 819 968 pro
851 929 950 966 opus
987 919 1080 956 erat.
1142 916 1282 967 Neque
1320 918 1380 955 est
1417 916 1525 967 quod
1561 917 1636 956 hoc
1673 917 1760 957 loco

218 991 409 1032 negemus
447 978 624 1018 Nonium
668 978 897 1030 genetiuum
942 990 1014 1028 pro
1058 976 1236 1017 ablatiuo
1273 977 1371 1027 poni
1410 979 1516 1016 recte
1560 977 1761 1017 affirmare

219 1051 346 1090 neque
383 1038 605 1089 probarunt
641 1037 789 1089 Apulei
826 1037 998 1076 editores
1039 1038 1108 1087 qui
1145 1038 1303 1076 metam.
1328 1037 1385 1075 IX
1413 1038 1467 1076 39
1511 1036 1634 1076 habet
1677 1034 1761 1076 ‘sed

219 1099 336 1147 mihi,
378 1099 530 1149 inquit,
573 1110 717 1149 operae
754 1099 839 1137 eius
877 1110 975 1148 opus
1013 1094 1087 1137 est’
1128 1096 1281 1136 Sanctii
1320 1094 1504 1148 (Mineru.
1530 1097 1588 1136 IV
1620 1110 1705 1148 cap.
1733 1099 1759 1136 4

218 1171 256 1210 p.
284 1159 369 1198 622
402 1158 461 1197 ed.
486 1158 653 1198 Amstel.
683 1151 818 1211 1754)
853 1158 1093 1197 sententiam
1131 1157 1262 1197 locum
1292 1157 1441 1208 Apulei
1479 1170 1562 1197 esse
1599 1158 1759 1197 mendo-

218 1231 308 1258 sum
350 1219 659 1270 pronuntiantis.
729 1217 1018 1257 Stallbaumius
1061 1217 1203 1257 deinde
1242 1212 1313 1272 (ad
1349 1217 1534 1256 Ruddim.
1566 1219 1693 1257 instit.
1720 1219 1761 1257 H

216 1291 256 1330 p.
283 1273 358 1333 66)
391 1278 548 1318 monuit
579 1276 685 1330 apud
715 1277 802 1316 Liu.
828 1277 943 1316 XXII
970 1278 1038 1327 51,
1065 1278 1090 1316 3
1122 1278 1205 1329 legi
1239 1275 1307 1317 ‘ad
1344 1278 1555 1318 consilium
1591 1290 1760 1329 pensan-

218 1337 316 1378 dum
358 1339 550 1389 temporis
593 1350 692 1388 opus
736 1334 851 1378 esse’:
893 1337 995 1378 alios
1039 1338 1147 1377 locos
1191 1337 1347 1377 addidit
1389 1338 1664 1378 Rothsteinius
1709 1338 1761 1378 ad

217 1397 397 1450 Propert.
422 1398 464 1437 H
491 1399 559 1448 10,
587 1401 638 1437 11
675 1394 836 1437 ‘sumite
866 1398 991 1448 uires,
1030 1397 1225 1437 Pierides:
1263 1399 1403 1450 magni
1432 1411 1537 1438 nunc
1569 1401 1647 1438 erit
1679 1401 1761 1439 oris

217 1455 346 1510 opus’,
376 1458 466 1497 Liu.
492 1458 628 1497 XXIH
655 1459 723 1508 21,
750 1459 774 1497 5
810 1455 867 1497 ‘in
898 1459 1143 1509 stipendium
1175 1459 1318 1509 quanti
1346 1460 1504 1510 argenti
1529 1471 1628 1509 opus
1653 1456 1760 1508 fuit'3

218 1518 349 1570 Priap.
374 1518 546 1557 LXVIH
572 1519 626 1558 33
642 1519 676 1557 B
716 1515 847 1557 ‘nemo
891 1531 978 1558 meo
1022 1518 1165 1557 melius
1205 1531 1373 1557 neruum
1414 1518 1607 1558 tendebat
1642 1519 1760 1558 Vlixe

218 1579 303 1617 siue
333 1578 398 1618 illi
427 1578 599 1617 laterum
631 1579 715 1618 siue
742 1580 828 1618 erat
854 1578 951 1617 artis
978 1575 1106 1629 opus’3
1132 1577 1297 1624 Quintil.
1316 1578 1394 1617 XII
1415 1579 1454 1627 3,
1475 1579 1500 1617 8
1529 1575 1612 1618 ‘sed
1638 1580 1761 1618 etiam

219 1639 255 1677 si
285 1650 400 1678 nosse
431 1638 528 1689 quid
559 1639 728 1688 quisque
760 1637 928 1678 senserit
958 1638 1078 1687 uolet,
1110 1638 1293 1677 lectionis
1325 1651 1424 1688 opus
1449 1640 1521 1689 est,
1553 1651 1634 1690 qua
1659 1639 1759 1678 nihil

219 1699 281 1738 est
310 1699 352 1737 in
383 1697 528 1737 studiis
558 1698 689 1737 minus
719 1694 991 1737 laboriosum'.
1040 1698 1209 1738 Dixerat
1238 1697 1433 1737 Lucilius:
1465 1699 1500 1737 si
1528 1699 1669 1750 pulcra
1700 1700 1762 1739 est

219 1759 369 1797 femina
393 1758 610 1809 paucisque
635 1759 794 1796 tantum
819 1757 898 1796 fuit
920 1757 1150 1808 obsequens,
1175 1758 1369 1798 machinis
1389 1771 1489 1810 opus
1508 1759 1585 1798 erit
1602 1759 1760 1799 multis:

219 1818 282 1857 sin
308 1817 419 1857 nulla
439 1819 502 1857 est
516 1817 788 1868 pulcritudine
809 1819 849 1857 et
867 1819 1041 1858 scortum
1067 1818 1300 1867 obsoletum,
1324 1819 1477 1869 poterit
1500 1819 1573 1858 illa
1597 1832 1759 1858 nummo

219 1877 387 1917 conduci
418 1877 469 1916 ad
501 1877 744 1928 obsequium.
764 1899 823 1906 —
843 1879 964 1928 atque
989 1879 1093 1917 subit
1117 1879 1276 1930 scripsi:
1307 1878 1444 1917 quen.
1464 1879 1505 1917 H
1526 1880 1582 1919 50
1616 1876 1759 1930 ‘Hispo

220 1937 328 1977 subit
357 1934 535 1977 iuuenes’
572 1937 747 1988 Propert.
773 1937 835 1976 [Π
863 1939 930 1988 19,
958 1939 1013 1977 14
1047 1934 1176 1978 ‘testis
1208 1938 1437 1978 Thessalico
1471 1938 1646 1990 flagrans
1673 1939 1759 1978 Sal-

219 1997 347 2038 monis
372 1997 526 2049 Enipeo
552 2009 654 2048 quae
679 1997 810 2037 uoluit
833 1997 987 2048 liquido
1013 1999 1103 2037 tota
1127 1998 1260 2038 subire
1285 1995 1387 2037 deo’.
1414 2020 1472 2026 —
1499 1998 1608 2048 Opus
1634 2000 1761 2052 igitur

219 2059 350 2096 minus
388 2058 493 2097 recte
530 2058 734 2097 uenerium
771 2058 974 2110 intellegit
1008 2057 1168 2109 Lipsius
1203 2058 1339 2098 Dousa
1376 2058 1464 2098 alii:
1501 2058 1563 2098 ita
1599 2071 1760 2109 operum

218 2117 325 2156 uices
351 2117 496 2156 Tibull.
522 2117 542 2156 I
564 2118 602 2166 9,
623 2118 678 2156 64
704 2116 752 2157 τὰ
775 2116 853 2171 πρὸ
878 2115 1004 2171 ἔργων
1027 2118 1098 2157 AP
1116 2119 1194 2157 ΧΠ
1215 2119 1298 2158 209
1328 2117 1443 2158 Ouid.
1465 2131 1541 2158 am.
1560 2119 1622 2158 ΙΠ
1645 2121 1681 2170 7,
1703 2121 1758 2159 67

221 2174 414 2216 ‘membra
441 2209 448 2215 .
477 2209 484 2215 .
512 2209 519 2215 .
545 2190 650 2217 nunc
681 2190 780 2228 opus
811 2179 1031 2229 exposcunt
1063 2178 1330 2229 militiamque
1368 2175 1495 2218 suam’
1529 2179 1759 2218 Maximian.

220 2237 318 2289 eleg.
344 2237 364 2276 I
392 2238 475 2276 125
510 2234 577 2276 ‘ad
607 2237 761 2276 nullum
793 2239 1001 2290 consurgit
1037 2235 1164 2289 opus’.
1191 2260 1250 2266 —
1274 2238 1334 2277 De
1372 2240 1669 2290 praepositione
1706 2240 1760 2279 ad

220 2298 316 2336 conf
342 2297 472 2336 Plaut.
498 2297 582 2335 Mil.
610 2297 694 2337 968
735 2294 815 2336 ‘Ad
850 2299 963 2337 tuam
999 2298 1169 2337 formam
1212 2299 1285 2338 illa
1327 2311 1408 2338 una
1450 2298 1573 2350 digna
1616 2301 1677 2339 est
1708 2303 1751 2345 zu:

220 2356 363 2396 Hercle
387 2356 595 2407 pulchram
619 2355 841 2408 praedicas'
861 2358 979 2396 Merc.
1001 2358 1085 2397 427
1115 2355 1186 2396 ‘At
1210 2358 1310 2397 mihi
1335 2358 1498 2409 quidam
1519 2359 1761 2410 adulescens,

220 2419 347 2467 pater,
378 2416 599 2466 mandauit,
629 2417 681 2456 ad
711 2417 826 2456 illam
855 2418 1011 2467 faciem,
1042 2418 1101 2457 ita
1132 2420 1179 2457 ut
1208 2418 1324 2458 illaec
1356 2420 1429 2468 est,
1459 2431 1630 2458 emerem
1666 2417 1757 2459 sibi’

222 2475 372 2515 Cistell.
395 2477 446 2515 71
483 2473 561 2515 ‘Ad
586 2478 705 2516 istam
730 2478 873 2516 faciem
899 2481 959 2517 est
984 2478 1158 2527 morbus,
1183 2479 1253 2528 qui
1277 2491 1353 2528 me,
1377 2491 1468 2518 mea
1486 2477 1760 2530 Gymnasium,

222 2532 412 2575 macerat'
441 2530 568 2590 (Trin.
595 2537 680 2576 874
709 2536 822 2588 Gapt.
850 2533 967 2591 275).
1012 2537 1099 2578 Ter.
1126 2538 1226 2577 Eun.
1255 2538 1336 2577 361
1368 2535 1519 2589 ‘Estne,
1550 2540 1597 2578 ut
1620 2539 1759 2590 fertur,

222 2594 378 2635 forma?
418 2598 460 2641 ἡ
494 2595 609 2635 Sane.
643 2599 685 2641 ssi:
718 2596 774 2635 At
810 2597 869 2636 nil
907 2597 956 2636 ad
988 2600 1167 2637 nostram
1197 2595 1327 2637 hanc?
1362 2601 1403 2643 ᾖ
1436 2598 1531 2637 Alia
1561 2596 1650 2638 res?
1679 2598 1758 2638 Cic.

222 2667 294 2706 pro
326 2655 456 2695 Deiot.
485 2657 539 2694 24
574 2653 716 2695 ‘Addit
751 2657 875 2696 etiam
910 2657 1029 2707 illud,
1073 2659 1226 2708 equites
1265 2670 1343 2697 non
1381 2659 1553 2708 optimos
1594 2659 1758 2699 misisse.

224 2714 368 2764 Credo,
401 2714 560 2765 Caesar,
591 2715 694 2754 nihil
724 2715 777 2754 ad
806 2717 921 2755 tuum
956 2718 1198 2768 equitatum,
1236 2718 1305 2757 sed
1336 2717 1446 2757 misit
1477 2731 1523 2756 ex
1555 2720 1621 2769 iis,
1660 2731 1759 2769 quos

222 2774 375 2825 habuit,
405 2771 567 2814 electos’
600 2769 730 2828 (Verr.
757 2775 793 2812 V
821 2771 916 2830 25),
946 2776 994 2816 de
1026 2789 1080 2815 or.
1107 2778 1147 2816 H
1174 2779 1228 2817 25
1263 2774 1410 2816 ‘uirum
1441 2777 1588 2816 bonum
1615 2781 1656 2817 et
1679 2791 1759 2817 non

222 2834 508 2883 inlitteratum,
557 2833 625 2873 sed
667 2835 770 2874 nihil
812 2835 864 2874 ad
906 2833 1113 2877 Persium’.
1181 2837 1307 2876 Lucil.
1333 2837 1400 2875 lib.
1426 2837 1583 2876 XVIIII
1607 2851 1643 2876 u.
1672 2839 1757 2877 559

225 2891 339 2944 ‘quid
377 2893 428 2933 ad
465 2891 648 2932 aurum?'
699 2895 759 2934 Ex
795 2895 857 2934 his
895 2896 1084 2946 exemplis
1122 2898 1292 2948 apparet
1331 2897 1437 2947 apud
1474 2896 1673 2936 Lucilium
1716 2899 1759 2937 in

223 2966 340 2993 uersu
371 2953 621 2992 antecedenti
651 2955 881 3006 genetiuum
912 2955 1033 2995 fuisse
1061 2956 1238 3006 positum
1263 2956 1391 2995 ueluti
1417 2953 1646 3007 ‘Hymnidis
1670 2958 1759 3008 pul-

224 3009 368 3052 chrae’.
411 3012 456 3052 Si
480 3014 573 3052 olim
598 3014 694 3063 lupa
712 3015 1049 3064 prostibulumque
1074 3015 1178 3066 quod
1204 3017 1340 3066 posuit
1363 3019 1493 3067 poeta,
1525 3017 1758 3057 aduerbium
