2060 3444
750 225 879 261 incert.
907 225 984 260 sed.
1011 237 1046 260 u.
1076 227 1323 260 1184-1189.
1729 222 1819 265 375

262 356 307 394 p.
329 336 418 397 85).
466 341 504 380 A
529 340 674 380 callwm
699 339 857 378 mauult
882 338 1073 378 deducere
1100 339 1233 388 etymo
1254 337 1497 377 Ritschelius
1524 350 1587 388 ap.
1607 336 1820 376 Loeweum

249 404 295 454 ⁴l.
322 415 351 442 s.
378 414 408 441 s.
433 415 471 453 p.
500 401 597 440 300.

393 456 535 501 1185.
580 459 729 499 Paulus
774 472 820 498 ex
864 458 982 499 Festo
1025 472 1064 509 p.
1092 460 1198 508 369,
1227 458 1280 497 16
1328 454 1514 508 ‘Vitiligo
1563 458 1606 495 in
1656 469 1819 507 corpore

268 522 440 563 hominis
477 520 637 560 macula
675 519 783 570 alba,
828 532 950 570 quam
988 518 1130 558 Graeci
1172 516 1302 570 ἀλφὸν
1341 518 1498 557 uocant.
1533 548 1540 555 .
1569 548 1576 555 .
1605 547 1612 554 .
1639 516 1818 556 Lucilius

271 580 402 623 “haec
429 613 436 620 .
465 612 472 620 .
501 613 508 620 .
534 575 731 632 inquit’'.f
793 580 957 629 uituliqo
995 579 1165 619 scribere
1203 578 1348 618 maluit
1379 577 1685 616 Thewrewkius.
1750 577 1819 615 Di-

269 643 451 682 uerbium
483 642 726 681 constituere
763 642 932 690 uterque
963 639 1111 680 Lucilii
1148 639 1288 678 editor.
1352 637 1466 684 Quod
1503 639 1639 676 utrum
1675 636 1821 676 medici

269 704 324 743 sit
355 705 396 742 et
426 702 582 754 aegroti
613 714 664 740 an
695 701 876 740 mulieris
908 713 1000 739 cum
1029 700 1185 739 nutrice
1217 698 1463 749 colloquium
1492 698 1559 736 uel
1591 697 1740 737 ancilla
1773 699 1822 736 ut

268 764 401 804 Plaut.
426 762 543 803 Most.
573 762 677 811 166,
727 773 805 800 non
850 761 990 811 liquet.
1059 760 1119 799 De
1163 759 1381 811 uitiliginis
1426 757 1636 810 generibus
1681 757 1819 797 Celsus

267 824 304 862 V
332 824 401 874 28,
430 824 496 862 19.

391 878 534 923 1186.
573 882 722 922 Paulus
766 894 813 920 ex
852 880 972 921 Festo
1010 894 1049 931 p.
1078 882 1146 930 32,
1175 882 1197 919 1
1246 877 1464 919 ‘Bubinare
1508 879 1569 918 est
1611 879 1817 917 menstruo

269 945 483 985 mulierum
522 943 716 994 sanguine
753 942 962 992 inquinari
998 936 1228 995 (inquinare
1260 939 1305 979 Ο.
1328 933 1576 993 Muellerus).
1639 938 1820 978 Lucilius

269 1001 430 1044 “haec'’
458 1004 593 1054 inquit
619 1000 876 1052 “inbubinat,
895 1004 939 1041 at
958 1003 1097 1041 contra
1115 1003 1155 1040 te
1174 996 1439 1040 inbulbitat’'.
1489 998 1733 1038 inbulbitare
1760 1000 1821 1039 est

230 1074 233 1075 ’
270 1065 418 1117 puerili
449 1066 621 1104 stercore
653 1063 876 1113 inquinare,
909 1062 1062 1102 dictum
1093 1075 1140 1102 ex
1171 1061 1277 1111 fimo,
1309 1060 1416 1111 quod
1442 1059 1584 1099 Graeci
1613 1059 1822 1109 appellant

268 1122 481 1179 βόλβιτον’.
542 1125 608 1163 ille
639 1123 795 1162 addidit
826 1123 973 1162 Dousa.
1024 1122 1084 1161 De
1116 1122 1260 1174 glossis
1291 1121 1370 1160 huc
1400 1119 1695 1172 pertinentibus
1726 1119 1820 1158 uide

269 1187 520 1226 Thesaurum
545 1185 664 1236 gloss.
692 1183 842 1222 emend.
869 1196 898 1223 s.
925 1197 962 1222 u.
989 1183 1144 1222 bubino.
1206 1181 1385 1220 Verbum
1417 1194 1441 1220 a
1473 1180 1623 1220 Graeco
1656 1179 1820 1232 βουβών

267 1246 431 1286 uidetur
463 1257 546 1284 esse
577 1244 821 1293 deriuatum,
861 1245 1066 1294 sumptum
1104 1255 1150 1282 ex
1184 1243 1441 1281 meretricum
1478 1253 1675 1279 sermone:
1713 1240 1820 1291 quod

269 1308 369 1358 quin
405 1307 511 1344 recte
550 1304 786 1356 explicuerit
819 1304 986 1343 Verrius
1024 1316 1105 1343 non
1143 1303 1295 1342 dubito.
1364 1301 1429 1340 Ad
1464 1301 1685 1340 imbulbitat
1728 1300 1825 1339 conf

267 1367 405 1406 quen.
424 1366 483 1405 IX
504 1366 560 1404 44
586 1364 760 1404 Martial.
782 1364 883 1403 XIII
904 1365 971 1402 26.
1011 1362 1272 1414 Comparauit
1295 1374 1457 1401 uersum
1483 1375 1573 1400 cum
1598 1360 1665 1401 lib.
1686 1360 1819 1399 XXIX

268 1442 306 1467 u.
334 1427 418 1466 866
453 1426 734 1465 Lachmannus
766 1425 877 1464 cuius
909 1425 1004 1463 libri
1034 1437 1175 1463 reuera
1207 1424 1329 1463 fuisse
1361 1422 1533 1461 uidetur.
1591 1421 1818 1460 Meretrices

268 1488 368 1527 dicit
402 1487 463 1526 ita
502 1498 646 1525 auaras
685 1497 785 1534 esse,
823 1487 870 1523 ut
906 1498 956 1523 ne
994 1485 1250 1536 aegrotantes
1288 1483 1450 1534 quidem
1486 1483 1690 1521 menstruo
1729 1494 1818 1521 san-

269 1547 401 1600 guinis
433 1546 631 1597 profluuio
664 1547 705 1584 et
742 1545 819 1585 sibi
856 1546 1025 1596 parcant
1062 1545 1103 1583 et
1140 1544 1329 1592 amatori,
1366 1544 1466 1582 item
1503 1554 1647 1593 pueros
1685 1555 1734 1580 ne
1775 1542 1818 1580 in

269 1609 353 1648 alui
384 1606 547 1658 quidem
576 1606 715 1645 morbo
746 1618 908 1655 parcere
939 1618 1094 1644 uenere.
1150 1604 1297 1643 Editur
1325 1604 1420 1642 haec
1452 1606 1496 1653 te,
1529 1602 1599 1642 sed
1630 1604 1664 1641 te
1700 1601 1818 1642 omit-

268 1669 361 1708 tunt
391 1667 492 1707 codd
524 1679 625 1717 quos
656 1666 879 1705 Huelsenus
912 1664 1084 1704 contulit
1114 1666 1207 1704 tres.

392 1722 535 1768 1187.
561 1727 716 1766 Nonius
741 1740 780 1777 p.
803 1726 900 1775 208,
923 1727 976 1764 12
1006 1722 1188 1764 ‘Gladius
1213 1724 1437 1764 masculini.
1481 1723 1615 1762 neutri
1639 1721 1818 1761 Lucilius

270 1786 468 1828 “herebat
496 1800 633 1827 mucro
655 1787 831 1836 aladium
857 1787 900 1825 in
925 1787 1085 1836 pectore
1110 1781 1305 1827 totum”.'
1341 1784 1597 1834 gladi-umque
1620 1782 1652 1821 Ι.
1667 1782 1814 1821 Dousa.

268 1861 405 1888 mucro
431 1848 690 1900 gladiumque
714 1846 996 1897 hendiadyoin.
1022 1846 1223 1885 Homerus
1244 1846 1288 1884 N
1305 1846 1390 1883 442
1419 1843 1517 1895 δόρυ
1543 1838 1581 1882 δ’
1611 1840 1654 1881 ἐν
1673 1841 1817 1898 κραδίῃ

268 1907 466 1962 ἐπεπήγει.
539 1907 604 1946 Ad
647 1907 919 1958 gladiatorum
963 1919 1140 1958 pugnam
1184 1918 1306 1956 quam
1348 1904 1452 1943 libro
1478 1903 1538 1943 IV
1581 1904 1819 1941 narrauerat

269 1981 414 2008 uersus·
437 1967 600 2007 uidetur
630 1966 870 2007 referendus.

392 2023 535 2069 1188.
579 2028 823 2078 Explanatio
866 2028 909 2066 in
951 2026 1157 2066 Donatum
1187 2024 1254 2064 GL
1279 2024 1339 2064 IV
1363 2038 1402 2075 p.
1431 2024 1535 2074 542,
1563 2023 1670 2062 28Κ
1715 2019 1817 2062 ‘sero

268 2091 403 2142 fruges
434 2089 696 2140 praeteritum
726 2090 884 2138 tempus
915 2087 1136 2138 perfectum
1172 2086 1271 2125 facit
1302 2085 1387 2125 seui
1426 2086 1473 2123 ut
1502 2083 1681 2123 Lucilius
1721 2078 1818 2121 “hic

269 2151 363 2190 sunt
399 2150 516 2189 erbae
554 2161 655 2199 quas
692 2149 796 2188 seuit
838 2148 1015 2199 ioppiter
1057 2143 1204 2198 ipse''.'
1266 2145 1389 2184 Libro
1414 2144 1453 2182 V
1491 2144 1638 2183 collato
1664 2157 1701 2182 u.
1732 2144 1815 2182 193

268 2210 480 2261 adscripsit
520 2209 596 2248 hoc
638 2208 909 2261 fragmentum
951 2206 1255 2247 Bouterwekius
1293 2206 1393 2245 Mus.
1426 2205 1551 2243 Rhen.
1577 2204 1672 2242 XXI
1701 2203 1814 2256 1866

268 2284 306 2321 p.
335 2271 432 2309 360.
490 2267 703 2319 compares
735 2268 873 2307 quen.
899 2267 996 2306 XIV
1022 2267 1107 2306 205
1141 2263 1229 2305 ‘illa
1259 2267 1330 2304 tuo
1363 2265 1563 2304 sententia
1594 2276 1750 2313 semper
1774 2263 1818 2301 in

269 2343 336 2369 ore
360 2331 542 2369 uersetur
567 2329 627 2368 dis
647 2330 768 2378 atque
787 2329 874 2379 ipso
893 2328 990 2366 Ioue
1009 2327 1133 2379 digna
1151 2327 1289 2376 poeta:
1317 2322 1455 2364 “unde
1474 2324 1635 2374 habeas,
1661 2324 1820 2374 quaerit

269 2403 398 2439 nemo,
429 2389 497 2428 sed
528 2389 687 2439 oportet
716 2384 893 2427 habere''
911 2385 922 2402 '
957 2400 1074 2438 quem
1105 2398 1266 2425 uersum
1295 2385 1442 2424 Lucilii
1475 2397 1558 2424 esse
1590 2384 1818 2434 suspicatur

269 2450 535 2490 Buechelerus
577 2450 620 2488 in
662 2448 868 2488 quenalis
915 2447 1088 2487 editione
1133 2447 1184 2485 ad
1220 2447 1258 2485 h.
1291 2460 1328 2484 u.
1364 2444 1443 2484 Cic.
1475 2444 1649 2495 Philipp.
1675 2443 1733 2482 XI
1761 2444 1815 2482 28

271 2508 374 2557 ‘Qua
405 2508 521 2561 lege?
566 2522 644 2560 quo
675 2507 789 2548 iure?
833 2508 911 2558 Eo,
943 2507 1049 2559 quod
1079 2507 1263 2558 Iuppiter
1293 2507 1380 2557 ipse
1412 2506 1562 2554 sanxit,
1594 2506 1640 2543 ut
1671 2504 1817 2553 omnia,

273 2584 375 2621 quae
406 2569 649 2620 reipublicae
686 2570 883 2609 salutaria
920 2569 1068 2617 essent,
1105 2567 1287 2619 legitima
1325 2567 1366 2605 et
1401 2566 1510 2605 iusta
1546 2560 1816 2604 haberentur'.

393 2625 537 2670 1189.
579 2630 850 2680 Hieronymus
880 2627 1157 2668 commentarii
1185 2628 1229 2666 in
1260 2627 1484 2666 Michaeam
1508 2625 1576 2663 lib.
1603 2624 1644 2663 Π
1676 2636 1761 2674 cap.
1791 2625 1813 2662 7

271 2691 351 2730 uol.
377 2691 436 2729 VI
460 2704 498 2741 p.
527 2690 624 2729 518.
653 2690 736 2729 519
758 2689 931 2728 Vallars.
983 2685 1076 2728 ‘Sed
1108 2690 1148 2727 et
1181 2689 1302 2738 poeta
1333 2686 1515 2726 sublimis
1542 2707 1598 2711 —
1624 2697 1704 2724 non
1735 2683 1818 2722 Ho-

271 2763 402 2790 merus
427 2750 540 2799 alter,
572 2751 619 2789 ut
642 2749 820 2789 Lucilius
846 2749 895 2788 de
921 2749 1051 2788 Ennio
1078 2748 1315 2799 suspicatur,
1346 2746 1414 2786 sed
1439 2745 1592 2796 primus
1618 2744 1817 2782 Homerus

271 2810 378 2860 apud
402 2809 569 2849 Latinos
595 2830 654 2836 -—
681 2804 904 2848 “uarium’'
935 2809 1081 2858 inquit,
1107 2804 1180 2846 “et
1204 2807 1397 2845 mutabile
1424 2817 1578 2855 semper
1602 2799 1814 2842 femina’'.'

273 2865 442 2922 (Vergil.
467 2868 567 2908 Aen.
591 2869 650 2907 IV
671 2863 789 2921 569.)
839 2868 1032 2907 Horatius
1058 2867 1173 2917 epist.
1191 2866 1233 2905 H
1255 2869 1292 2915 1,
1314 2866 1370 2905 50
1397 2862 1566 2903 ‘Ennius
1593 2865 1633 2902 et
1657 2863 1816 2913 sapiens

274 2931 315 2969 et
344 2929 461 2968 fortis
493 2930 534 2968 et
564 2928 667 2967 alter
697 2927 908 2977 Homerus,
940 2929 987 2966 ut
1018 2926 1146 2966 critici
1178 2922 1344 2964 dicunt’.
1393 2924 1454 2963 De
1485 2924 1615 2963 Ennio
1641 2922 1816 2962 Homero

274 2990 402 3028 altero
432 2988 526 3028 uide
554 2988 793 3038 interpretes
825 2988 978 3027 ueteres
1011 2989 1051 3026 et
1081 2999 1206 3026 nouos
1238 2985 1290 3025 ad
1314 2985 1455 3024 Horat.
1475 2984 1500 3023 l.
1522 2996 1550 3023 s.
1572 2996 1601 3024 s.
1652 2983 1816 3022 Errasse
