2060 3444
458 888 988 978 SUPPLEMENTUM
1026 927 1272 976 CAPITIS
1311 926 1394 975 DE
1432 925 1646 975 NONIO.
1676 949 1681 983 j

398 1110 486 1149 Etsi
541 1109 583 1148 in
640 1108 931 1160 prolegomenis
979 1108 1194 1147 uoluminis
1243 1108 1387 1158 prioris
1438 1121 1474 1157 p.
1506 1107 1688 1147 LXXXV
1708 1114 1816 1160 seqq'.

252 1170 255 1172 ’
279 1170 474 1209 rationem
507 1168 677 1207 dilucide
705 1170 959 1219 exposuimus
985 1180 1064 1218 qua
1088 1180 1182 1207 usus
1207 1168 1324 1207 facile
1350 1167 1482 1218 quiuis
1508 1180 1645 1208 uersus
1670 1167 1817 1208 Lucilii

278 1230 381 1269 unde
420 1230 634 1279 sumpserit
674 1229 827 1268 Nonius
865 1229 1040 1282 statuere
1077 1228 1221 1278 possit,
1258 1229 1413 1279 tamen,
1450 1239 1529 1278 quo
1566 1228 1712 1267 rectius
1743 1227 1818 1268 hoc

280 1289 564 1330 commentario
596 1290 735 1328 utatur
765 1289 908 1338 lector,
944 1290 1150 1338 tamquam
1182 1287 1502 1338 supplementum
1533 1287 1643 1327 illius
1675 1287 1817 1339 capitis

280 1350 327 1388 de
353 1349 484 1388 Nonio
509 1348 647 1388 tabula
673 1347 950 1399 proponendos
975 1347 1068 1386 duxi
1087 1347 1195 1387 locos
1215 1359 1364 1397 omnes,
1390 1359 1488 1397 quos
1508 1360 1528 1386 e
1548 1347 1820 1399 grammaticis

281 1423 306 1449 a
341 1409 472 1448 Nonio
517 1410 695 1458 sumptos
740 1420 822 1448 esse
867 1407 1129 1447 demonstrari
1172 1407 1332 1458 poterit.
1402 1406 1515 1453 Quod
1555 1407 1706 1447 factum
1737 1419 1819 1447 esse

281 1469 464 1521 cognosci
502 1467 654 1508 duobus
692 1467 848 1507 indiciis
885 1468 910 1506 l.
932 1479 960 1506 S.
982 1480 1010 1506 s.
1043 1466 1237 1506 indicaui:
1275 1467 1314 1506 in
1356 1466 1469 1506 libris
1500 1466 1692 1506 I——XXV
1724 1479 1821 1518 quos

281 1541 430 1568 uersus
452 1537 511 1566 we·
537 1527 692 1567 Lucilio
741 1528 829 1578 ipso
880 1527 1014 1577 petiit,
1063 1539 1130 1566 eos
1180 1527 1297 1565 affert
1342 1528 1434 1577 post
1476 1526 1599 1566 uerba
1641 1526 1821 1566 Lucilius

283 1592 509 1638 satyrarum
541 1589 604 1627 lib.
625 1588 653 1625 I
682 1601 713 1625 e.
736 1600 771 1637 q.
792 1600 840 1637 s.;
878 1599 975 1637 quos
1013 1598 1150 1626 uersus
1188 1600 1208 1625 e
1249 1587 1520 1637 grammaticis
1553 1588 1734 1637 sumpsit,
1766 1586 1822 1626 eis

284 1649 498 1699 praeponit
523 1647 647 1686 ueluti
676 1647 859 1687 Lucilius
882 1647 946 1686 lib.
968 1647 998 1685 Ι
1019 1660 1050 1685 e.
1071 1659 1108 1696 q.
1129 1659 1157 1685 s.
1184 1646 1249 1684 uel
1275 1646 1465 1685 Lucilius.
1521 1645 1662 1686 Libros
1687 1647 1822 1685 tamen

284 1707 583 1747 XXVI—xxx
611 1707 727 1746 affert
753 1719 839 1745 cum
866 1707 1078 1757 praeponit
1095 1705 1372 1745 tantummodo
1392 1705 1574 1745 Lucilius
1593 1706 1656 1745 lib.
1673 1706 1829 1745 XXVI

285 1783 316 1807 e.
339 1782 374 1818 q.
396 1781 442 1807 s.:
475 1767 612 1817 itaque
646 1766 686 1806 in
718 1767 780 1805 his
812 1766 924 1806 libris
955 1766 1026 1806 illo
1058 1767 1173 1818 signo
1205 1766 1266 1805 uti
1297 1779 1376 1805 non
1408 1765 1637 1816 poterimus.
1694 1764 1823 1812 Quare

285 1829 454 1868 alterum
488 1827 593 1877 quod
620 1826 704 1865 illic
730 1826 906 1866 indicaui
932 1826 1124 1865 indicium
1148 1825 1190 1864 in
1215 1825 1278 1864 his
1303 1825 1416 1864 libris
1442 1826 1519 1864 erit
1544 1825 1822 1865 adhibendum.

285 1887 393 1933 Quae
438 1887 794 1937 interpretamenta
836 1888 921 1925 tam
964 1885 1136 1936 puerilia
1181 1886 1220 1924 et
1264 1884 1436 1924 absurda
1472 1886 1581 1935 sunt,
1625 1886 1671 1924 ut
1707 1898 1822 1924 nemo

285 1946 569 1998 grammaticus
608 1959 654 1985 ea
691 1959 837 1997 ponere
875 1945 1052 1996 potuerit
1087 1946 1129 1984 in
1167 1945 1306 1995 cartis,
1348 1957 1395 1983 ea
1425 1944 1555 1984 Nonio
1588 1945 1671 1983 sine
1704 1943 1824 1984 dubio

285 2007 515 2055 tribuemus,
546 2007 617 2056 qui
643 2005 788 2044 Lucilii
819 2005 965 2044 librum
997 2005 1214 2056 inspexerit
1237 2004 1387 2056 ipsum:
1419 2017 1518 2054 quae
1545 2004 1748 2054 pertinent
1774 2004 1824 2043 ad

285 2066 479 2106 uocabula
516 2078 607 2105 rara
645 2068 685 2104 et
722 2065 906 2115 obscura,
945 2078 991 2104 ea
1030 2078 1075 2103 ex
1113 2065 1374 2117 grammatico
1412 2063 1513 2103 libro
1552 2065 1710 2114 sumpta
1741 2076 1824 2103 esse

286 2128 346 2165 est
382 2125 638 2176 probabilius.
708 2125 856 2164 Eadem
896 2124 1050 2164 ratione
1089 2137 1169 2164 una
1206 2137 1293 2163 cum
1331 2123 1403 2163 illa
1439 2123 1570 2174 priore
1608 2124 1825 2174 poterimus

286 2186 346 2225 uti
390 2187 431 2224 in
475 2185 588 2225 libris
631 2184 832 2224 I—XXV.
908 2184 1046 2223 Veluti
1095 2185 1205 2236 legas
1249 2196 1395 2234 quaeso
1437 2183 1594 2235 singula
1635 2184 1826 2223 lemmata

287 2246 378 2284 libri
411 2245 552 2283 XXVI.
614 2245 792 2295 Ineptias
824 2244 1024 2296 intellegis
1056 2243 1149 2283 addi
1179 2242 1351 2294 ineptiis.
1409 2242 1504 2289 Quis
1543 2243 1826 2295 grammaticus

287 2318 476 2355 umquam
526 2307 610 2344 tam
663 2304 835 2343 insulsus
878 2304 956 2342 fuit
998 2306 1044 2342 ut
1087 2303 1415 2353 interpretatione
1460 2304 1620 2342 ornaret
1662 2303 1826 2342 uerbum

288 2368 451 2403 constat:
502 2366 739 2413 conpositum
789 2367 853 2403 est.
934 2363 1116 2403 Lucilius
1159 2364 1221 2401 lib.
1256 2362 1413 2401 XXVI
1451 2357 1576 2416 (635)
1622 2359 1827 2411 ‘principio

281 2426 434 2474 physici
471 2436 602 2463 omncs
637 2426 813 2463 constare
842 2424 1034 2462 hominem-
1064 2435 1110 2462 ca:
1140 2424 1276 2462 anima
1308 2425 1342 2462 et
1371 2433 1526 2471 corpore
1556 2419 1727 2461 dicimt'?
1763 2422 1827 2461 uel

288 2497 456 2524 sumere:
482 2485 685 2532 suscipere.
735 2484 917 2522 Lucilius
942 2484 1004 2522 lib.
1028 2483 1184 2521 XXVI
1204 2475 1330 2536 (620)
1352 2479 1469 2521 ‘hunc
1493 2482 1663 2520 laborem
1681 2494 1826 2526 sumas,

293 2544 447 2583 laudem
485 2545 551 2592 qui
589 2544 656 2582 tibi
694 2555 739 2582 ac
774 2544 946 2591 fructum
981 2539 1122 2591 ferat'?
1189 2542 1306 2581 Tales
1346 2554 1441 2580 uero
1478 2540 1828 2592 interpretationes

292 2603 398 2654 apud
430 2603 605 2642 Nonium
638 2603 687 2642 ad
719 2615 856 2642 uersus
889 2616 908 2640 e
940 2602 1053 2641 libris
1084 2601 1385 2640 XXVI—XXX
1425 2602 1572 2651 petitos
1605 2601 1826 2651 adscriptae

291 2664 372 2701 fere
410 2664 504 2702 sunt
540 2662 697 2713 ubique.
758 2662 901 2713 Itaque
937 2662 1045 2701 locos
1083 2675 1102 2700 e
1140 2661 1254 2700 libris
1285 2660 1584 2699 XXVI—XXX
1623 2674 1643 2699 e
1673 2659 1827 2699 Lucilio

290 2723 377 2773 ipso
415 2724 594 2773 sumptos
633 2735 716 2761 esse
754 2722 834 2761 fere
873 2734 1007 2761 omnes
1047 2721 1253 2772 probabile
1292 2721 1386 2769 erit,
1427 2720 1532 2770 quod
1562 2720 1713 2759 factum
1744 2732 1828 2761 esse

291 2794 430 2821 reuera
462 2795 508 2821 ea
538 2795 580 2820 re
613 2781 658 2833 fit
689 2781 947 2833 probabilius,
980 2781 1085 2832 quod
1118 2794 1163 2820 ex
1193 2781 1256 2819 his
1287 2780 1324 2818 V
1354 2780 1467 2819 libris
1499 2792 1659 2830 perraro
1691 2779 1827 2819 addito

292 2855 454 2880 numero
487 2841 677 2880 librorum
710 2855 734 2880 a
765 2841 1032 2892 grammaticis
1060 2853 1197 2880 uersus
1223 2840 1475 2879 adferuntur:
1507 2853 1528 2879 e
1558 2839 1672 2878 libris
1697 2838 1829 2878 XXVI

292 2901 444 2940 XXVII
482 2915 529 2940 ne
568 2914 669 2940 unus
707 2900 864 2951 quidem
903 2901 1099 2949 adfertur,
1137 2914 1156 2938 e
1194 2900 1295 2939 libro
1333 2898 1504 2938 XXVIII
1529 2912 1593 2938 uu.
1616 2899 1699 2938 782
1720 2911 1827 2949 seqq.

294 2975 318 3000 a
349 2960 494 3010 Probo,
533 2974 553 2999 e
590 2961 692 3000 libro
723 2961 852 2999 XXIX
884 2973 984 2999 unus
1018 2961 1101 2998 836
1136 2973 1159 2998 a
1193 2959 1390 3008 Charisio,
1430 2972 1450 2997 e
1482 2958 1583 2998 libro
1614 2958 1723 2997 XXX
1754 2957 1829 2997 soli
1857 2968 1862 2973 ·

205 3032 211 3036 ’
292 3034 357 3059 uu.
391 3022 512 3059 1010.
554 3021 666 3060 1067
717 3020 857 3058 traditi
909 3021 1002 3059 sunt
1044 3020 1150 3070 apud
1193 3019 1457 3068 Priscianum,
1503 3019 1616 3057 1054
1660 3030 1761 3058 unus
1805 3031 1828 3057 a
