2060 3444
316 312 401 356 388
790 309 919 361 incer-t.
948 310 1023 347 sed.
1050 324 1085 347 u.
1114 313 1359 348 1222—1223.

318 422 559 475 ‘eordipugis
605 425 802 473 uersibus,
850 424 995 463 litteris
1045 424 1164 464 corda
1211 421 1563 477 pungenti<bu>s’,
1600 426 1626 463 i.
1659 437 1689 464 e.
1739 421 1847 463 ἔπεσι

314 482 558 536 θυμαλγέσιν
600 497 703 533 quae
739 484 861 523 uerba
891 483 1036 522 Lucilii
1076 497 1158 523 esse
1191 484 1409 523 arbitratur
1438 485 1702 524 Baehrensius
1732 483 1847 522 FPR

315 558 353 594 p.
376 545 472 582 266.
528 543 618 581 Non
650 545 710 582 est
738 543 843 593 quod
867 543 1026 583 recedas
1053 556 1076 582 a
1101 545 1285 595 glossarii
1311 546 1380 582 aut
1405 544 1604 594 scriptura
1629 545 1702 582 aut
1725 543 1846 582 inter-

315 604 538 653 pretatione
565 616 644 653 qua
662 603 839 642 mulieris
860 603 942 641 sine
962 603 1081 642 dubio
1100 603 1285 653 pudenda
1303 603 1600 655 intelleguntur.
1654 602 1848 654 Congruit

317 675 407 701 cum
435 663 510 701 hoc
541 674 658 701 sensu
690 663 794 712 quod
827 675 888 712 ap.
922 662 1083 701 Festum
1113 665 1317 702 seruatum
1348 665 1408 702 est
1437 663 1675 702 uocabulum
1699 663 1848 701 medica

317 721 424 772 quod
473 724 609 772 aperte
658 721 855 761 Luciliani
905 724 964 761 est
1011 722 1224 774 fragmenti
1281 736 1304 761 a
1352 722 1469 762 Festo
1517 722 1672 772 plenius
1721 722 1847 761 allati.

315 781 469 820 Medica
513 781 618 820 enim
661 783 721 821 est
763 781 955 820 obstetrix
997 783 1062 820 uel
1105 783 1342 820 feminarum
1385 782 1576 821 curatrix:
1617 781 1711 820 conf
1742 781 1847 820 Mar-

316 841 523 891 quardtius
561 840 607 878 de
647 842 732 879 uita
770 841 929 891 priuata
966 855 1003 891 p.
1025 842 1069 880 R.
1102 841 1390 891 antiquitatum
1428 841 1636 880 enchiridii
1666 841 1744 879 uol.
1769 839 1848 879 VII

279 896 283 899 ⁴
317 895 428 954 (edit.
458 895 589 954 1886)
629 915 666 951 p.
689 901 792 950 156,
820 902 856 940 9.
891 902 986 939 779.
1062 900 1229 952 Scripsit
1271 901 1446 940 Lucilius
1489 901 1562 939 hoc
1607 901 1687 939 fere
1731 899 1847 939 modo

318 957 505 1010 ‘temptat
541 961 799 1011 noctipugam
835 960 989 998 medica
1025 956 1233 1010 improba'.
1295 961 1408 999 Nihil
1444 961 1520 998 huc
1556 960 1730 1010 pertinet
1759 959 1847 998 soli-

308 1032 422 1069 puqa
462 1031 621 1068 nomen,
666 1019 798 1070 aptius
837 1032 1038 1070 compares
1077 1021 1273 1069 lucifuyus
1307 1021 1537 1068 noctiuayus
1573 1019 1762 1058 noctimca
1808 1020 1848 1057 et

317 1078 467 1117 Graeca
498 1079 695 1118 uocabula
725 1077 959 1127 νυκτιπόλος
991 1079 1148 1130 similia,
1179 1078 1467 1131 νυκτιπήδηκες
1498 1079 1545 1117 de
1571 1078 1847 1118 calceamentis

316 1138 572 1177 muliebribus
615 1138 787 1177 Herond.
813 1138 893 1177 VII
918 1139 986 1177 59.
1052 1139 1200 1178 Notam
1250 1139 1342 1178 libri
1386 1138 1427 1177 Π
1463 1151 1525 1189 ap.
1557 1139 1721 1177 Festum
1763 1139 1847 1177 sine

317 1198 436 1236 dubio
480 1200 708 1248 corruptam
751 1210 834 1237 esse
870 1200 977 1237 recte
1014 1199 1158 1237 statuit
1194 1197 1490 1248 Lachmannus,
1533 1210 1623 1236 cum
1665 1209 1848 1237 numeros

316 1257 509 1296 librorum
539 1257 679 1296 Festus
711 1259 820 1296 nullo
850 1258 938 1296 loco
970 1259 1210 1309 apposuerit.

439 1311 578 1356 1223.
611 1317 791 1356 Eundem
827 1316 973 1355 Lucilii
1008 1318 1139 1356 locum
1180 1318 1334 1368 spectat
1372 1316 1448 1356 Cic.
1476 1318 1589 1367 epist.
1614 1316 1695 1355 VII
1720 1317 1794 1365 24,
1823 1318 1844 1354 1

316 1371 430 1429 (conf
469 1376 519 1414 ad
562 1376 647 1415 Att.
672 1376 770 1415 XIII
797 1378 865 1426 49,
893 1371 936 1429 2)
983 1374 1153 1427 ‘Cipius‚
1191 1377 1347 1427 opinor,
1385 1377 1479 1416 olim
1519 1373 1630 1415 “non
1666 1375 1847 1415 omnibus

315 1432 519 1474 dormi0”:
551 1437 608 1474 sic
636 1449 709 1486 ego
740 1449 819 1475 non
851 1436 1044 1486 omnibus,
1075 1437 1132 1474 mi
1157 1435 1282 1486 Galle,
1311 1433 1455 1475 seruio’
1482 1436 1552 1474 ubi
1576 1437 1688 1476 citius
1714 1435 1786 1475 cod
1805 1434 1848 1473 M

317 1495 485 1544 exhibet,
521 1497 773 1534 correxerunt
803 1495 1001 1535 Antonius
1032 1495 1279 1547 Augustinus
1312 1496 1382 1534 alii
1413 1509 1432 1534 e
1458 1495 1575 1534 Festo
1607 1497 1646 1534 et
1676 1496 1846 1534 nummis

316 1555 461 1593 aetatis
511 1553 697 1593 Sullanae
748 1555 891 1605 quibus
939 1555 991 1594 M.
1020 1554 1108 1606 Cipi
1143 1555 1195 1593 M.
1222 1556 1249 1593 f.
1305 1568 1448 1594 nomen
1505 1557 1565 1594 est
1612 1554 1847 1605 inscriptum

315 1609 484 1667 (Babelo
524 1614 728 1653 monnaies
760 1614 796 1652 d.
816 1615 841 1658 l.
867 1611 949 1664 rep.
967 1614 988 1652 I
1011 1628 1049 1664 p.
1072 1609 1188 1667 341).
1250 1613 1464 1665 Comparat
1500 1614 1543 1652 P.
1564 1614 1765 1653 Manutius
1797 1613 1847 1653 ad

316 1673 394 1712 Cic.
427 1674 452 1711 l.
482 1686 510 1712 s.
537 1686 566 1712 s.
634 1674 737 1713 Plut.
771 1676 889 1712 amat.
925 1675 977 1712 16
1023 1688 1061 1725 p.
1095 1675 1178 1713 759
1213 1674 1246 1712 F
1295 1672 1432 1713 πολλοὶ
1479 1672 1552 1727 γὰρ
1602 1671 1847 1726 ἀφροδισίων

313 1731 457 1786 ἑτέροις
505 1731 774 1784 ἐκοινώνησαν
806 1764 814 1772 .
842 1764 850 1772 .
879 1765 886 1771 .
918 1731 1084 1786 γαμετὰς
1138 1733 1495 1786 προαγωγεύοντες’
1546 1733 1673 1787 ὥσπερ
1715 1730 1782 1772 καὶ
1825 1729 1846 1770 ὃ

311 1787 498 1842 Ῥωμαῖος
534 1790 682 1840 ἐκεῖνος
719 1826 726 1833 .
775 1794 850 1831 Γ
844 1792 971 1845 άββας
1009 1787 1179 1846 (κάββας
1216 1788 1332 1846 codd)
1372 1793 1492 1832 εἱστία
1529 1791 1750 1843 Μαικήναν
1778 1822 1814 1830 ..

313 1846 393 1890 εἷθ’
448 1849 550 1903 ὀρῶν
600 1851 971 1903 διαπληκτιζόμενον
1026 1850 1103 1891 ἀπὸ
1159 1851 1363 1904 νευμάτων
1417 1851 1515 1904 πρὸς
1569 1851 1612 1891 τὸ
1666 1851 1845 1905 γύναιον,

314 1908 519 1950 ἀπέκλινεν
550 1908 676 1963 ησυχῆ
707 1910 780 1962 τὴν
810 1910 988 1962 κεφαλὴν
1020 1909 1072 1958 ὡς
1104 1910 1153 1963 δὴ
1186 1911 1415 1951 καθεύδων·
1454 1910 1496 1951 ἕν
1527 1909 1653 1967 τούτῳ
1684 1909 1735 1962 δὴ
1766 1916 1845 1950 τῶν

316 1969 477 2009 οἰκετῶν
526 1985 634 2018 τινος
682 1968 945 2023 προσρυέντος
994 1969 1143 2018 ἔξωθεν
1191 1977 1238 2026 τῇ
1288 1969 1454 2043 τραπεζῃ
1504 1969 1569 2010 καὶ
1621 1969 1690 2010 τὸν
1733 1965 1845 2010 οἶνον

314 2027 614 2081 ὑφαιρουμένου
653 2028 869 2081 διαβλέψας
900 2025 1168 2081 “κακόδαιμον’
1211 2011 1361 2069 εἶπεν(
1367 2028 1440 2069 οὐκ
1478 2025 1587 2069 οἶσθ’
1634 2028 1692 2069 ὅτι
1735 2029 1843 2085 μόνῳ

315 2087 513 2142 Μαικήνα
556 2084 766 2138 καθεύδωξ
816 2089 1020 2139 Temporis
1063 2089 1259 2156 Augustei
1307 2091 1448 2139 poetae
1492 2090 1638 2129 similia
1680 2090 1846 2128 narrant

315 2149 443 2186 ueluti
486 2145 600 2186 Ouid.
628 2150 701 2186 art.
729 2162 803 2187 am.
828 2149 871 2187 Π
897 2149 980 2187 545
1028 2145 1116 2188 ‘hoc
1163 2150 1206 2186 111
1254 2149 1435 2200 legitima
1477 2150 1683 2222 praestant
1724 2161 1844 2187 uxore

314 2207 450 2246 mariti
486 2220 574 2245 cum
611 2210 723 2246 tener
760 2208 811 2246 ad
850 2209 983 2259 partes
1014 2210 1059 2247 tu
1092 2220 1264 2258 quoque,
1303 2208 1446 2247 Somne
1476 2205 1602 2248 uenis’
1635 2207 1844 2247 Parmenio

314 2266 391 2304 ΑΡ
414 2266 472 2304 XI
498 2268 524 2305 4
556 2265 662 2321 αὐτῷ
692 2281 749 2314 τις
779 2266 907 2320 γήμας
937 2266 1118 2319 πιθανὴν
1148 2271 1201 2323 τῷ
1231 2267 1376 2321 γείτονι
1406 2265 1529 2321 ρέγχει
1558 2265 1625 2307 καὶ
1654 2265 1843 2320 τρέφεται

314 2321 413 2365 τοῦτ’
455 2319 505 2377 ἦν
541 2324 700 2374 εὔκολος
737 2324 896 2380 ἐργασία
933 2326 986 2378 μὴ
1023 2329 1135 2366 πλεῖν
1172 2326 1226 2379 μὴ
1265 2326 1448 2366 σκαπτειν
1487 2322 1565 2366 ἀλλ’
1599 2325 1843 2379 εὐστομάχως

314 2383 541 2438 ἀπορέγχειν
589 2383 770 2441 ἀλλοτρίᾳ
819 2386 977 2441 δαπάνῃ
1027 2385 1196 2426 πλούσια
1244 2385 1486 2438 βοσκόμενον
1530 2381 1684 2440 (11111011.
1708 2386 1731 2425 Ι
1756 2380 1843 2439 57).

317 2444 473 2484 Similia
498 2445 667 2495 denique
693 2445 805 2484 CGL
824 2446 861 2483 V
880 2460 917 2497 p.
934 2447 1031 2496 375,
1054 2449 1075 2485 1
1100 2443 1332 2485 ‘Ninnarusx
1358 2446 1469 2485 cuius
1487 2458 1586 2485 uxor
1603 2446 1844 2495 moechatur,

315 2505 390 2543 scit
433 2506 472 2543 et
514 2502 650 2555 tacet'd
677 2505 796 2555 Apul.
823 2505 869 2544 de
907 2518 1009 2557 mag.
1036 2518 1120 2556 cap.
1143 2506 1209 2544 75.
1293 2504 1496 2555 Cipiorum
1544 2517 1638 2557 gens
1686 2507 1844 2556 praeter

314 2565 471 2614 turpem
496 2563 640 2602 Lucilii
671 2564 803 2603 iocum
832 2566 1014 2615 inprimis
1045 2566 1222 2604 innotuit
1253 2565 1358 2604 uasis
1390 2565 1520 2603 aeneis
1558 2577 1659 2615 quae
1689 2564 1731 2603 P.
1753 2563 1843 2615 Cipi

314 2622 458 2672 Polybi
493 2635 636 2662 nomen
673 2637 768 2674 prae
805 2637 847 2663 se
882 2624 1015 2663 ferunt
1050 2625 1224 2664 inuentis
1261 2626 1301 2663 et
1336 2624 1521 2674 Pompeis
1559 2626 1598 2663 et
1627 2625 1670 2662 in
1699 2624 1842 2662 ultima

316 2681 538 2721 Germania.
594 2682 707 2721 Vnde
740 2683 984 2734 Campanam
1016 2696 1099 2723 esse
1129 2682 1332 2733 Cipiorum
1357 2685 1516 2737 gentem
1539 2684 1842 2734 inscriptionum

314 2742 552 2783 testimoniis
583 2754 677 2781 usus
709 2744 852 2782 statuit
882 2743 931 2782 H.
951 2743 1175 2782 Willersius
1211 2743 1286 2781 Die
1315 2756 1434 2782 roem.
1460 2743 1735 2782 Bronceeimer
1764 2755 1842 2781 von

313 2799 504 2839 Hemmor
533 2801 662 2840 Hann.
695 2804 734 2841 et
764 2802 870 2852 Lips.
900 2804 1009 2842 1901
1044 2816 1083 2853 p.
1105 2803 1188 2841 213
1232 2802 1425 2852 probante
1462 2802 1510 2841 de
1545 2802 1706 2840 Duhnio
1736 2801 1840 2840 Berl.

314 2858 415 2897 Phil.
436 2859 712 2900 Wochenschr.
738 2862 831 2900 XXI
853 2863 962 2901 1901
991 2876 1030 2912 p.
1052 2863 1184 2901 1363:
1211 2861 1370 2911 Capuae
1389 2862 1535 2901 multos
1560 2862 1681 2900 fuisse
1709 2860 1840 2911 Cipios

313 2919 411 2956 item
442 2920 630 2958 euincunt
659 2922 781 2959 tituli.
841 2921 1091 2960 Lucilianum
1121 2921 1237 2960 illum
1270 2920 1427 2971 Cipium
1457 2921 1553 2960 item
1586 2920 1744 2972 Capuae
1772 2921 1842 2959 aut

314 2977 485 3027 Neapoli
515 2979 660 3018 uixisse
691 2979 783 3018 inde
813 2980 1061 3031 intellegitur
1091 2980 1196 3030 quod
1227 2979 1375 3019 Graeco
1415 2981 1573 3019 nomine
1605 2982 1691 3019 erat
1719 2979 1841 3031 uulgo

314 3035 527 3086 insignitus
572 3039 860 3089 pararenchon‚
898 3052 1001 3089 quae
1032 3052 1094 3079 res
1136 3039 1327 3080 Graecam
1357 3039 1494 3078 urbem
1523 3039 1692 3078 indicat:
1722 3039 1841 3079 sicuti
