2060 3444
277 283 335 325 52
865 283 917 318 111
943 295 979 318 u.
1010 286 1208 320 109-110.

277 395 516 447 dedignatur
557 397 694 446 poeta:
738 396 815 435 duo
858 395 1055 435 uocabula
1091 397 1331 446 parhomoeo
1375 397 1621 437 consociauit
1651 398 1699 436 ut
1737 396 1813 436 Cic.

277 456 326 494 de
356 455 472 495 domo
506 456 560 494 53
602 453 748 495 ‘labem
786 457 906 506 atque
943 456 1116 495 eluuiem
1153 453 1344 496 ciuitatis’
1385 451 1475 510 (pro
1507 456 1606 496 Sest.
1635 459 1690 496 20
1718 453 1817 496 ‘labi

282 515 343 553 illi
377 517 495 565 atque
527 510 696 570 caeno').
759 515 795 554 A
826 515 935 554 labes
966 515 1125 555 labosus
1154 517 1201 554 ut
1232 529 1256 555 a
1286 515 1415 555 rabies
1446 517 1626 556 rabiosus
1657 516 1815 556 similia.
1886 546 1887 549 η
1927 538 1933 540 ⁷

279 574 412 614 Antea
443 587 583 614 causas
615 575 865 614 enumerauit
892 575 1068 615 Lucilius
1099 576 1387 626 interlocutori,
1426 589 1548 626 quare
1580 575 1718 626 Capua
1748 577 1816 614 uia

278 633 437 684 Popilia
468 635 615 674 fretum
650 638 784 685 petere
816 634 1112 674 incommodum
1143 636 1213 685 sit3
1255 649 1424 686 quarum
1455 638 1542 675 erat
1578 636 1816 687 grauissima

282 694 438 733 itineris
481 694 690 745 longitudo
734 694 888 733 dierum
931 694 1009 733 XII
1048 695 1114 734 uel
1149 695 1249 733 XIII
1280 708 1368 734 cum
1405 695 1532 735 multo
1568 695 1728 734 breuior
1764 696 1818 735 sit

281 766 419 793 cursus
461 755 687 794 maritimus
730 756 935 804 possitque
979 767 1061 794 esse
1106 754 1260 793 dierum
1302 755 1578 794 tantummodo
1621 755 1663 794 Π
1706 749 1816 809 (uide

277 826 400 863 supra
430 827 468 863 p.
491 809 580 868 46).
635 813 761 852 Addit
791 814 933 853 deinde
964 814 1041 853 iter
1071 814 1252 854 labosum
1284 816 1324 853 et
1348 815 1524 854 lutosum
1549 826 1642 853 esse.
1700 814 1817 853 Simi-

278 874 371 912 liter
415 873 591 912 Rutilius
635 874 795 912 Namat.
820 874 841 912 I
868 874 922 913 35
970 871 1153 913 ‘Iamiam
1202 874 1347 913 laxatis
1391 887 1505 913 carae
1549 873 1817 925 complexibus

277 933 386 971 urbis
417 933 627 972 Vincimur
666 936 706 972 et
743 946 874 972 serum
912 934 979 972 uix
1016 934 1232 973 toleramus
1270 934 1357 973 iter.
1420 934 1603 973 Electum
1633 934 1816 986 pelagus:

278 993 467 1042 quoniam
515 995 674 1032 terrena
725 994 882 1032 uiarum
930 994 1053 1043 plana
1095 993 1257 1033 madent
1299 994 1452 1044 fluuiis,
1502 993 1684 1033 cautibus
1734 994 1818 1032 alta

276 1049 435 1104 'rigent'
506 1051 654 1098 Quodsi
697 1055 803 1092 recte
847 1066 911 1091 uu.
935 1054 1000 1092 97.
1029 1054 1084 1092 98
1126 1053 1380 1104 interpretati
1424 1066 1575 1103 sumus,
1624 1054 1818 1092 maritimi

278 1112 385 1162 quod
416 1112 562 1151 maluit
593 1114 791 1163 suscipere
828 1114 948 1163 poeta
984 1113 1139 1152 itineris
1176 1114 1371 1152 molestiis
1403 1115 1444 1152 et
1472 1113 1660 1163 periculis
1691 1112 1818 1152 deter-

276 1172 378 1211 ritus
411 1173 560 1211 amicus
593 1172 644 1211 ad
676 1186 795 1222 quem
826 1173 987 1223 scripsit
1017 1172 1163 1211 librum
1194 1173 1325 1212 noluit
1357 1186 1446 1212 eum
1477 1174 1670 1211 comitari.

402 1226 510 1272 110.
557 1230 710 1271 Gellius
748 1232 843 1271 XVI
877 1234 920 1281 9,
954 1234 977 1272 1
1014 1229 1183 1284 ‘Susque
1227 1232 1352 1284 deque
1398 1234 1481 1271 fero
1526 1227 1640 1286 (conf
1678 1231 1817 1272 Laber.

278 1286 409 1330 ORF⁸
432 1305 469 1342 p.
493 1292 597 1341 344,
632 1293 686 1331 29
707 1291 742 1330 R
781 1289 918 1331 “nunc
954 1294 1001 1331 tu
1038 1305 1184 1342 susque
1222 1292 1348 1343 deque
1380 1287 1513 1345 fers”)
1550 1289 1648 1344 <aut
1677 1303 1819 1342 susque

277 1351 398 1400 deque
423 1347 539 1403 swm>
573 1348 770 1403 (Lucilius
796 1352 820 1390 l.
842 1352 866 1390 i.
887 1364 916 1391 s.
942 1351 1072 1392 Varro
1105 1352 1271 1391 Sisenna
1301 1366 1338 1402 p.
1361 1353 1444 1391 256
1472 1347 1621 1406 Riesei)
1655 1353 1725 1391 aut
1755 1365 1819 1391 su-

277 1423 373 1460 sque
417 1410 544 1461 deque
582 1410 709 1450 habeo
748 1406 896 1465 (Plaut.
928 1411 1127 1462 Amphitr.
1159 1413 1244 1451 886
1291 1409 1444 1463 “atque
1486 1411 1527 1450 id
1569 1425 1632 1450 me
1675 1424 1818 1462 susque

278 1470 405 1521 deque
457 1483 539 1510 esse
588 1470 819 1510 habiturum
867 1467 1038 1525 putat'')
1076 1502 1084 1510 .
1112 1502 1119 1510 .
1147 1502 1155 1510 .
1193 1472 1359 1511 uerbum
1408 1473 1469 1511 est
1518 1484 1563 1510 ex
1612 1472 1818 1510 hominum

278 1530 487 1569 doctorum
513 1530 770 1570 sermonibus.
820 1531 869 1570 In
893 1531 1090 1581 poematis
1117 1543 1273 1582 quoque
1305 1534 1345 1571 et
1368 1532 1411 1570 in
1437 1531 1619 1582 epistulis
1638 1532 1818 1570 ueterum

280 1585 379 1643 (Cic.
401 1589 452 1628 ad
476 1589 562 1629 Att.
588 1590 683 1629 XIV
710 1591 748 1641 6,
778 1593 797 1629 1
830 1587 955 1630 “nam
981 1590 1028 1630 de
1054 1589 1223 1630 Octauio
1249 1603 1393 1641 susque
1420 1586 1599 1646 deque'’)
1625 1591 1819 1641 scriptum

279 1651 340 1690 est
381 1650 635 1700 plurifariam
669 1681 711 1688 ..
741 1681 748 1688 .
785 1651 808 1690 3
856 1650 1064 1702 Significat
1114 1652 1248 1689 autem
1293 1648 1469 1701 “susque
1513 1650 1640 1702 deque
1683 1647 1816 1690 ferre’'

279 1711 412 1749 animo
457 1722 583 1760 aequo
627 1722 710 1750 esse
754 1712 794 1749 et
838 1710 944 1760 quod
988 1710 1134 1750 accidit
1177 1723 1256 1750 non
1299 1712 1436 1763 magni
1479 1710 1649 1761 pendere
1697 1712 1818 1761 atque

278 1769 479 1808 interdum
516 1770 723 1822 neglegere
761 1772 802 1809 et
835 1771 1085 1809 contemnere
1125 1765 1248 1824 (Fest.
1275 1784 1312 1821 p.
1343 1772 1425 1810 291
1472 1767 1649 1820 “susque
1693 1769 1819 1820 deque

279 1828 478 1881 significat
507 1830 598 1880 plus
635 1825 870 1884 minusue'')
892 1860 899 1868 .
922 1861 929 1868 .
951 1860 960 1868 .
991 1829 1183 1870 Laberius
1219 1861 1226 1868 .
1248 1861 1255 1869 .
1279 1861 1286 1868 .
1319 1830 1370 1869 M.
1391 1830 1520 1870 Varro
1548 1860 1556 1869 .
1577 1861 1584 1868 .
1607 1861 1614 1869 .
1641 1829 1818 1869 Lucilius

279 1890 321 1927 in
370 1890 509 1928 tertio:
562 1886 733 1928 “uerum
768 1919 806 1929 ..
834 1920 841 1928 .
873 1886 1114 1929 Athones''.’
1168 1911 1219 1917 —
1271 1885 1347 1942 ibi]
1396 1891 1439 1928 in
1489 1890 1595 1929 cliuo
1643 1889 1817 1929 Aricino.

281 1948 429 2000 Agitur
459 1949 521 1988 his
552 1963 618 1988 uu.
650 1949 698 1988 de
728 1950 870 1989 itinere
901 1950 1022 2000 primi
1053 1949 1132 1988 diei
1164 1950 1272 2000 quod
1297 1949 1472 1988 Lucilius
1504 1962 1583 1988 non
1609 1949 1750 1989 diuisit
1773 1951 1820 1988 ut

279 2008 418 2047 tardus
460 2008 653 2048 Horatius
699 2004 831 2062 (serm.
859 2009 878 2047 I
912 2010 956 2059 5,
990 2003 1047 2062 5).
1109 2009 1236 2048 Immo
1279 2010 1400 2049 altius
1445 2010 1666 2048 succinctus
1706 2009 1820 2048 milia

281 2068 452 2107 confecit
482 2067 546 2107 die
578 2070 707 2119 primo
738 2069 830 2107 inde
868 2081 892 2107 a
930 2070 1047 2119 porta
1078 2067 1239 2120 Capena
1279 2081 1402 2119 usque
1434 2069 1485 2108 ad
1515 2068 1640 2119 Appii
1670 2069 1818 2108 Forum

279 2127 414 2166 XLIII
445 2129 513 2166 uia
543 2128 691 2178 Appia,
722 2141 824 2179 quae
856 2141 979 2179 prope
1010 2128 1187 2168 Ariciam
1220 2129 1432 2168 ascendens
1463 2129 1506 2167 in
1531 2129 1658 2167 altum
1683 2128 1817 2180 grauis

281 2182 396 2241 (Hor.
426 2187 451 2225 l.
477 2199 506 2226 s.
535 2182 581 2241 6)
626 2190 686 2226 est
728 2188 805 2227 iter
849 2188 1097 2227 facientibus.
1168 2187 1304 2228 Gliuus
1347 2187 1533 2227 Aricinus
1575 2189 1818 2227 memoratur

280 2247 370 2286 Val.
389 2247 493 2286 Max.
513 2247 613 2286 VIII
640 2250 678 2297 2,
706 2245 777 2286 4‘
842 2248 1047 2298 .quidam
1087 2247 1186 2287 furti
1226 2249 1437 2288 damnatus
1478 2249 1555 2298 est,
1596 2247 1665 2298 qui
1705 2260 1818 2298 equo,
1859 2243 1861 2245 ’

281 2308 393 2346 cuius
430 2319 524 2346 usus
561 2307 624 2346 illi
661 2278 850 2346 Ariciam
875 2307 1133 2347 conmodatus
1170 2308 1319 2358 fuerat,
1356 2308 1544 2347 ulteriore
1577 2309 1660 2347 eius
1690 2308 1819 2346 muni-

283 2367 379 2417 cipii
410 2367 514 2406 cliuo
545 2369 682 2406 uectus
714 2364 842 2407 esset?
899 2367 1204 2419 Peregrinantes
1234 2368 1305 2407 illo
1337 2367 1424 2407 loco
1457 2380 1547 2407 cum
1576 2366 1819 2407 tardiuscule

281 2428 359 2465 iter
384 2427 512 2465 facere
538 2428 774 2478 cogerentur
792 2427 1086 2466 comitabantur
1104 2427 1275 2466 mendici
1294 2428 1565 2467 molestissimi
1585 2421 1741 2481 (quen.
1760 2426 1819 2464 IV

286 2487 368 2525 117
405 2483 563 2537 ‘dignus
594 2486 778 2526 Aricinos
811 2488 880 2538 qui
910 2487 1154 2526 mendicaret
1185 2487 1236 2525 ad
1268 2499 1359 2526 axes
1389 2486 1615 2537 blandaque
1647 2486 1819 2526 deuexae

282 2547 453 2584 iactaret
483 2546 597 2584 basia
627 2544 784 2586 raedae’
818 2547 887 2585 ubi
918 2546 1133 2586 scholiasta
1164 2546 1215 2586 ad
1245 2542 1432 2599 deuexae]
1467 2543 1708 2596 ‘inclinatae,
1748 2558 1820 2596 per

284 2606 434 2644 cliuum
474 2603 761 2645 descendenti':
799 2607 894 2646 conf
920 2606 1093 2645 Martial.
1119 2606 1160 2645 Π
1189 2607 1255 2655 19,
1283 2607 1307 2646 3
1334 2606 1412 2645 ΧΠ
1439 2607 1506 2655 32,
1534 2600 1621 2660 10).
1682 2605 1819 2658 Longe

284 2665 447 2716 grauior
488 2678 582 2704 uero
626 2666 695 2711 uia
738 2667 824 2705 erat
868 2666 1052 2705 euntibus
1086 2663 1147 2705 ‘ut
1185 2666 1367 2705 Setinum
1399 2666 1631 2706 accessimus
1670 2662 1817 2704 finem'.

283 2725 409 2763 Poeta
445 2725 542 2764 satis
580 2725 710 2764 iocose
746 2725 913 2764 nimium
955 2726 1112 2765 extollit
1141 2726 1296 2765 itineris
1328 2726 1515 2765 duritiem
1545 2726 1819 2775 montiumque

285 2785 542 2834 asperitatem
578 2784 759 2824 uersibus
797 2786 890 2825 suis.
951 2785 1101 2824 Errant
1137 2787 1288 2835 autem,
1326 2787 1396 2836 qui
1436 2785 1679 2824 arbitrentur
1709 2785 1818 2823 uiam

284 2843 458 2894 Appiam
502 2844 723 2895 antiquitus
763 2858 842 2883 non
884 2846 927 2883 in
971 2857 1109 2895 campo
1148 2846 1188 2884 et
1223 2844 1409 2895 planitie,
1453 2845 1521 2884 sed
1557 2857 1629 2895 per
1664 2845 1817 2883 montes

235 2911 241 2915 ’
285 2903 445 2941 ductam
501 2916 583 2942 esse
637 2916 709 2954 per
762 2905 940 2943 Norbam
998 2904 1149 2943 Setiam
1206 2904 1443 2943 Priuernum
1491 2904 1667 2943 Fundos:
1717 2917 1818 2954 quae

285 2963 483 3001 sententia
542 2964 796 3015 redarguitur
855 2976 945 3003 cum
1005 2965 1163 3003 nomine
1218 2964 1312 3003 Fori
1366 2964 1491 3015 Appii
1544 2965 1631 3002 tum
1685 2963 1818 3014 lapide

286 3022 556 3060 uetustissimo
597 3023 770 3061 miliario
800 3024 965 3063 inuento
1003 3023 1052 3061 ad
1083 3023 1234 3062 Medias
1267 3018 1507 3077 (Huelsenus
1538 3023 1817 3073 Mitteilungen
