2060 3444
734 271 863 311 incert.
892 270 969 310 sed.
997 285 1032 309 u.
1062 275 1310 310 1119-1121.
1712 268 1799 316 355

253 389 388 427 seruat
423 389 466 427 in
503 401 615 438 arca,
653 390 814 428 tantum
849 387 972 427 habet
1009 389 1050 426 et
1087 387 1191 426 fidei.
1253 387 1432 426 Lucilius
1466 383 1642 425 “aurum
1679 389 1801 437 atque

253 448 420 488 ambitio
451 450 615 497 speciem
646 448 810 488 uirtutis
842 449 1003 498 utrique
1030 449 1106 486 est:
1140 449 1300 487 tantum
1327 479 1333 485 .
1357 478 1363 485 .
1386 478 1393 485 .
1419 443 1666 487 habearis''.'
1718 446 1800 486 Ad-

250 509 368 548 notat
391 507 529 548 Dousa
556 506 741 559 ‘Vtrique
774 508 987 548 candidato
1020 508 1184 558 scilicet,
1217 507 1294 547 nisi
1325 508 1430 546 forte
1461 510 1669 556 utrumque
1699 507 1801 546 inibi

250 568 547 608 rescribendum
579 569 627 608 de
659 570 858 608 sententia
883 569 1067 608 Parentis
1093 564 1250 607 nostri’:
1282 581 1405 619 quam
1429 568 1671 607 sententiam
1696 579 1801 607 com-

249 628 409 668 mendet
451 628 608 669 Lucret.
634 629 696 668 H]
723 631 807 668 472
855 626 965 668 ‘nam
1008 628 1123 668 dolor
1166 641 1212 668 ac
1254 628 1415 667 morbus
1458 629 1533 667 leti
1582 628 1802 667 fabricator

249 691 417 740 uterque
449 686 536 729 est'.
587 690 725 729 Potest
755 702 851 729 sane
883 690 1056 741 cogitari
1087 689 1135 728 de
1167 689 1320 728 duobus
1354 688 1584 728 consulatus
1616 689 1800 739 petitori-

249 749 342 789 bus:
375 751 508 801 potest
541 750 589 789 de
621 749 836 790 cuiuslibet
867 750 1023 802 generis
1056 749 1209 789 duobus
1235 749 1475 799 hominibus,
1507 749 1636 787 ueluti
1662 749 1800 800 quales

248 810 358 849 fuere
392 809 458 861 Sp.
483 810 654 849 Albinus
699 811 769 850 ille
807 823 884 850 cos.
913 806 1108 853 644l110
1153 810 1316 859 eiusque
1360 810 1487 848 frater
1522 809 1650 848 Aulus
1688 804 1800 862 (uide

250 869 301 909 ad
325 871 463 910 incert.
489 884 526 910 u.
557 865 703 925 1326).
767 871 963 910 Datiuum
1003 871 1156 919 utrique
1193 871 1392 920 extirpare
1431 870 1628 909 nolumus.
1690 869 1802 909 Dicit

203 926 206 928 ’
248 930 446 970 Lucilius:
486 928 591 970 ‘auri
622 931 760 971 effusio
794 933 834 971 et
869 931 1043 970 ambitus
1081 931 1317 983 largitiones
1357 931 1607 981 corruptelae
1644 930 1800 969 blandi-

249 993 385 1030 menta
416 991 646 1042 inhonesta,
683 991 784 1031 talia
815 993 910 1032 sunt
947 992 1172 1042 exemplum
1209 991 1373 1030 uirtutis
1412 992 1573 1041 utrique
1610 987 1801 1040 homini'3

251 1051 411 1090 datiuus
451 1051 588 1092 eodem
625 1052 743 1091 modo
780 1051 1073 1104 intellegendus
1111 1064 1190 1102 quo
1228 1051 1382 1090 Ennius
1424 1052 1586 1102 scripsit
1631 1048 1802 1091 ‘hostem

252 1112 323 1161 qui
353 1111 471 1151 feriet
501 1112 603 1151 mihi
634 1113 712 1151 erit
742 1108 1095 1164 Kartaginiensis’.
1141 1112 1298 1151 ambitio
1331 1111 1483 1150 dictum
1514 1113 1561 1150 ut
1587 1124 1649 1162 ap.
1675 1111 1800 1150 Labe-

250 1172 357 1210 rium
385 1173 466 1211 101
485 1172 520 1211 R
553 1169 688 1223 ‘quem
718 1173 831 1212 nulla
862 1171 1049 1222 ambitio,
1079 1173 1192 1211 1111118
1222 1184 1415 1222 umquam
1446 1172 1629 1224 largitio,
1667 1172 1800 1211 nullus

251 1233 392 1282 timor,
429 1233 490 1272 uis
526 1233 656 1282 nulla,
694 1233 806 1272 nulla
843 1234 1064 1272 auctoritas
1102 1245 1261 1272 mouere
1298 1233 1434 1283 potuit
1469 1233 1511 1270 in
1549 1234 1715 1271 iuuenta
1753 1232 1801 1271 de

251 1289 367 1332 loco’.
429 1293 589 1332 tantum
613 1292 781 1332 habeas:
822 1295 1012 1342 quantum
1043 1293 1199 1342 Deusa,
1239 1306 1317 1343 quo
1349 1292 1553 1343 prouerbii
1584 1292 1801 1331 dictionem

250 1353 457 1403 propriam
493 1354 613 1392 tollit.
675 1353 788 1393 Idem
825 1354 1041 1404 adscripsit
1071 1353 1211 1392 Horat.
1239 1365 1354 1392 serm.
1381 1353 1402 1391 I
1430 1355 1467 1403 1,
1495 1353 1549 1391 62
1591 1349 1665 1391 ‘nil
1702 1354 1801 1392 satis

251 1409 339 1463 est’,
364 1414 510 1464 inquit,
538 1410 649 1464 ‘quia
673 1415 780 1453 tanti
804 1416 1001 1465 quantum
1019 1413 1168 1453 habeas
1188 1411 1257 1453 sis’
1278 1413 1438 1464 Apulei.
1459 1414 1616 1465 apolog.
1637 1426 1722 1464 cap.
1745 1414 1799 1452 23

254 1470 314 1512 ‘tu
349 1486 460 1524 uero,
498 1474 742 1524 Aemiliane,
782 1476 822 1514 et
858 1474 901 1513 id
937 1487 1062 1526 genus
1100 1475 1280 1513 homines
1318 1475 1380 1512 uti
1416 1475 1463 1512 tu
1501 1486 1541 1513 es
1578 1474 1724 1512 inculti
1762 1475 1802 1512 et

253 1535 447 1586 agrestes,
478 1535 586 1573 tanti
616 1548 659 1574 re
690 1547 787 1574 uera
819 1536 932 1584 estis,
966 1535 1161 1584 quantum
1192 1531 1377 1573 habetis'.
1440 1533 1609 1584 Propius
1648 1534 1803 1573 accedit

252 1593 432 1632 Petronii
462 1594 565 1633 illud
596 1607 682 1645 cap.
712 1596 765 1633 77
801 1591 945 1634 ‘assem
975 1594 1123 1633 habeas
1156 1607 1285 1633 assem
1309 1595 1464 1645 ualeas,
1503 1593 1644 1643 habes,
1682 1593 1800 1632 habe-

252 1651 388 1693 beris'.
452 1654 483 1692 E
517 1654 712 1707 florilegio
749 1656 995 1707 tragicorum
1027 1653 1268 1694 Graecorum
1300 1653 1449 1694 Seneca
1475 1655 1590 1704 epist.
1620 1655 1718 1703 115,
1746 1655 1801 1692 14

253 1715 426 1764 sumpsit
452 1711 614 1764 ‘ubique
639 1716 747 1754 tanti
771 1716 940 1765 quisque
967 1717 1163 1766 quantum
1188 1715 1331 1753 habuit
1358 1710 1452 1753 fuit?
1479 1708 1672 1768 (Nauckii
1698 1713 1801 1753 TGF

253 1787 291 1825 p.
321 1775 405 1813 929
440 1774 533 1814 edit.
559 1774 600 1813 H
633 1776 702 1825 qui
747 1775 878 1814 adfert
914 1775 1116 1814 Plutarch.
1156 1775 1204 1814 de
1242 1774 1372 1825 cupid.
1406 1774 1523 1813 diuit.
1554 1776 1575 1813 7
1603 1788 1640 1825 p.
1670 1775 1753 1813 526
1771 1773 1800 1813 G

253 1833 445 1874 τοσούτὸυ
476 1833 610 1886 νόμιζε
642 1834 789 1876 σαυτὸν
819 1832 933 1883 ἄξιον
972 1834 1067 1875 ὅσον
1105 1833 1158 1874 ἂν
1195 1829 1324 1891 ἔχῃς);
1362 1835 1459 1874 conf
1487 1833 1585 1875 Otto
1623 1835 1670 1874 de
1707 1847 1802 1885 pro-

253 1895 401 1934 uerbiis
427 1908 465 1945 p.
492 1895 537 1933 R.
563 1908 602 1945 p.
633 1896 729 1934 157.
786 1895 857 1935 Eis
895 1896 966 1947 qui
1003 1896 1124 1935 sicuti
1155 1895 1233 1934 duo
1265 1896 1328 1934 illi
1359 1895 1555 1934 Postumii
1587 1908 1731 1935 aurum
1762 1896 1803 1935 et

255 1954 514 1994 ambitionem
546 1956 745 2006 specimen
776 1955 940 1995 uirtutis
974 1968 1057 1995 esse
1089 1955 1279 1995 arbitrati
1308 1957 1402 1996 sunt
1429 1956 1667 2007 respondere
1692 1955 1802 1994 uide—

253 2017 322 2054 tur
352 2016 472 2066 poeta
502 2015 666 2056 uirtutis
696 2016 769 2055 illa
801 2015 1031 2055 definitione
1063 2017 1202 2055 incert.
1228 2029 1294 2055 uu.
1323 2017 1436 2055 1326
1453 2028 1562 2067 seqq.

377 2069 520 2116 1121.
552 2075 693 2115 Festus
722 2090 761 2127 p.
789 2077 887 2127 329,
915 2077 971 2115 30
997 2077 1205 2127 suppletus
1232 2090 1278 2115 ex
1304 2076 1431 2116 Paulo
1457 2090 1495 2126 p.
1523 2077 1608 2115 328
1637 2067 1802 2127 ‘Squar-

253 2147 363 2175 rosos
402 2131 480 2187 <ab
519 2136 657 2175 eadem
694 2133 982 2188 squamarum>
1022 2136 1285 2176 similitudine
1330 2137 1390 2175 ait
1432 2133 1588 2188 dic<tos
1633 2149 1802 2187 quorum

254 2197 357 2235 cutis
389 2191 606 2248 exsui->gat
637 2196 686 2236 ob
718 2196 929 2236 adsiduam
953 2193 1186 2249 inlu<uiem.
1248 2196 1428 2236 Lucilius
1460 2193 1717 2249 “uaro>num
1756 2210 1802 2236 ac

254 2257 439 2306 rupicum
470 2253 712 2308 squar<rosa
743 2253 978 2309 incondita>
1008 2253 1201 2296 rostra’'.’
1266 2256 1326 2296 De
1358 2257 1454 2296 baro
1485 2257 1551 2295 uel
1583 2258 1700 2296 barro
1732 2270 1800 2296 no-

254 2316 361 2354 mine
400 2315 492 2355 uide
523 2316 710 2355 Iahnium
747 2316 797 2355 ad
829 2316 937 2356 Pers.
964 2316 1000 2353 V
1029 2318 1111 2356 136
1145 2317 1433 2356 Buechelerum
1469 2317 1569 2356 Mus.
1597 2317 1721 2356 Rhen.
1748 2316 1802 2355 LI

258 2375 371 2414 1896
398 2389 435 2426 p.
465 2376 562 2415 640.
612 2388 738 2426 rupea:
768 2389 914 2417 nomen
946 2390 991 2416 ex
1023 2377 1136 2416 libris
1162 2378 1344 2416 ueterum
1368 2377 1625 2417 resuscitauit
1650 2376 1801 2416 Gellius

255 2435 354 2474 XIII
382 2436 420 2484 9,
447 2436 471 2474 5
506 2431 676 2486 ‘rupices
709 2437 749 2476 et
780 2433 984 2489 agrestes’,
1016 2450 1143 2488 neque
1169 2451 1217 2476 ex
1241 2449 1422 2477 sermone
1447 2437 1607 2490 uulgari
1632 2438 1803 2487 sumpsit

257 2495 547 2546 Tertullianus,
584 2498 654 2547 qui
691 2497 739 2536 de
772 2498 906 2537 anima
937 2510 1022 2547 cap.
1051 2498 1075 2536 6
1108 2511 1146 2548 p.
1175 2498 1273 2547 307,
1301 2498 1325 2536 5
1359 2497 1453 2537 edit.
1479 2494 1650 2537 Vindob.
1689 2494 1802 2547 ‘quid

258 2556 391 2594 autem
435 2556 584 2595 facient
622 2558 686 2596 tot
729 2570 775 2596 ac
817 2559 956 2597 tantae
1001 2558 1157 2597 animae
1199 2557 1386 2608 rupicum
1435 2559 1476 2597 et
1524 2553 1802 2596 barbarorum’

258 2610 472 2669 (baronum
506 2615 693 2656 Ouiacius
723 2617 905 2657 Pithoeus
945 2612 1131 2672 Vrsinus)
1165 2630 1283 2668 quem
1313 2618 1447 2657 locum
1483 2618 1624 2657 attulit
1654 2617 1800 2657 Dousa.

256 2674 368 2714 Idem
399 2675 447 2714 de
479 2675 604 2727 pallio
637 2689 722 2727 cap.
749 2678 775 2716 4
789 2678 876 2718 init.
906 2674 1030 2728 ‘apud
1053 2679 1231 2728 rupicem
1257 2679 1298 2717 et
1323 2674 1576 2727 siluicolam’,
1603 2678 1801 2729 apologet.

258 2747 344 2785 cap.
372 2736 424 2774 21
442 2737 539 2775 extr.
572 2732 743 2787 ‘rupices
775 2738 815 2775 et
847 2737 976 2776 adhuc
1006 2738 1111 2777 feros
1136 2734 1346 2787 homines',
1377 2738 1525 2788 ubique
1552 2738 1658 2776 enim
1684 2738 1803 2777 sicuti

260 2794 412 2834 Gellius
437 2807 458 2834 e
480 2808 523 2834 re
543 2808 627 2835 esse
647 2796 868 2848 arbitratus
888 2798 948 2836 est
968 2809 1167 2847 apponere
1185 2798 1605 2847 interpretamentum:
1632 2797 1801 2846 denique

259 2855 354 2894 conf
387 2854 492 2894 Fest.
518 2869 556 2905 p.
584 2856 688 2904 206,
717 2856 770 2894 23
804 2869 832 2895 s.
865 2869 903 2894 u.
935 2858 1131 2906 petrones.
1187 2860 1358 2895 rostrum
1393 2856 1633 2895 uocabulum
1670 2856 1738 2895 lib.
1764 2856 1802 2894 V

259 2927 296 2953 u.
319 2915 405 2953 210
431 2913 627 2964 adhibuit,
651 2914 716 2954 hic
739 2916 838 2954 item
862 2917 1031 2955 rusticos
1058 2916 1214 2966 aliquos
1239 2915 1483 2967 significauit
1509 2916 1641 2965 qualis
1666 2918 1803 2966 pretor

198 3025 200 3028 y
259 2974 339 3013 fuit
369 2973 539 3013 Cecilius
570 2974 650 3013 ille.
700 2974 907 3014 Vocabulo
938 2983 1153 3023 squarrosa
1185 2975 1454 3027 depetiginem
1485 2977 1608 3014 rostri
1642 2975 1803 3015 barbati

260 3034 432 3074 hominis
462 3034 604 3074 rustici
635 3034 795 3074 uidetur
824 3034 1001 3074 indicare
1033 3048 1151 3085 quam
1191 3031 1454 3086 ‘squalentem
1491 3032 1672 3074 barbam'
1705 3036 1803 3075 Ver-

1444 3102 1513 3137 23*
