2060 3444
303 266 390 309 286
874 263 992 300 XXIX
1017 276 1054 299 u.
1081 267 1280 303 817-823.

426 373 535 418 817.
567 377 719 416 Nonius
745 391 781 428 p.
811 378 908 426 360,
936 377 990 415 28
1025 374 1256 426 ‘Obducere,
1289 377 1452 427 aperire.
1485 372 1546 431 (5³)
1571 377 1748 417 Lucilius
1772 377 1840 417 lib.

304 437 496 477 XXVIIII
530 434 632 476 “uos
663 438 816 475 interea
847 437 981 475 lumen
1014 437 1166 474 auferte
1201 430 1278 489 (ita
1304 437 1341 474 L
1367 449 1415 475 m.
1443 438 1491 476 2:
1529 437 1699 476 autferte
1723 449 1776 476 m.
1803 439 1841 485 1,

305 497 442 541 afferte
458 492 512 551 G)
536 529 543 535 .
565 528 571 535 .
595 528 602 535 .
623 497 738 535 aulea
764 493 1007 535 obducite'’.'
1042 496 1163 534 Recte
1193 497 1362 543 auferte:
1381 496 1482 535 Plin.
1502 497 1616 547 epist.
1632 496 1711 535 VII
1733 497 1799 546 21,
1815 497 1839 534 2

306 554 502 596 ‘cubicula
533 556 712 595 obductis
743 556 843 595 uelis
875 568 998 606 opaca
1029 568 1100 595 nec
1136 557 1270 594 tamen
1307 556 1472 594 obscura
1509 556 1624 595 facio.
1684 557 1842 606 crypto—

304 617 478 667 porticus
515 629 671 667 quoque
708 616 910 666 adopertis
949 614 1201 654 inferioribus
1243 616 1426 655 fenestris
1452 617 1627 664 ¹tantum
1670 615 1840 654 umbrae

305 678 498 726 quantum
535 676 695 715 luminis
739 672 872 714 habet’
907 675 947 713 II
976 676 1042 724 17,
1070 676 1119 713 21
1170 671 1286 725 ‘quae
1325 670 1521 728 (zotheca)
1567 675 1841 726 specularibus

305 738 345 775 et
399 736 499 775 uelis
555 735 733 774 obductis
789 734 1010 773 reductisue
1066 734 1182 773 modo
1237 734 1409 773 adicitur
1465 735 1662 785 cubiculo,
1724 735 1840 774 modo

305 792 509 834 aufertur'.

425 849 536 895 818.
570 855 722 894 Nonius
755 869 791 905 p.
822 855 918 903 196,
946 856 997 892 12
1040 851 1310 893 ‘Consortium
1347 855 1479 893 neutri
1520 855 1687 906 generis.
1750 866 1841 894 con-

258 921 261 923 ’
306 912 576 966 sortione<m>
619 914 800 953 feminini
835 913 1012 952 Lucilius
1056 913 1124 952 lib.
1151 913 1344 952 XXVIIII
1388 909 1465 968 (sic
1507 910 1841 964 Guelferbytanus

306 974 432 1013 altero
461 974 498 1012 X
526 975 779 1024 compuncto:
805 975 926 1012 ceteri
948 968 1159 1026 XVIIII)
1195 970 1379 1012 “deierat
1404 975 1509 1012 enim
1535 974 1737 1024 scripsisse
1763 970 1841 1027 (ita

308 1034 525 1082 Guelferb.:
561 1033 762 1072 scribsisse
788 1033 825 1071 L
851 1046 901 1073 m.
927 1035 973 1082 2,
1011 1033 1157 1072 scribse
1184 1033 1221 1071 L
1247 1046 1296 1072 m.
1325 1029 1370 1086 1)
1402 1035 1442 1072 et
1476 1035 1568 1084 post
1604 1046 1682 1072 non
1719 1032 1841 1073 scrib-

306 1096 438 1132 turum
478 1089 555 1146 (ita
583 1093 639 1132 G:
682 1093 907 1132 scrbturum
931 1088 989 1146 L)
1027 1093 1111 1131 redi
1156 1092 1197 1130 in
1242 1090 1590 1132 consortionem''.’
1654 1105 1694 1132 sc
1735 1095 1841 1133 recte

307 1152 419 1191 addit
456 1153 733 1191 Lachmannus
772 1153 860 1201 alii,
903 1153 1045 1191 scribse
1087 1153 1257 1192 formam
1301 1155 1478 1191 seruauit
1515 1153 1728 1192 Muellerus
1773 1154 1842 1204 qui

307 1213 451 1251 deierat
483 1213 671 1251 creticum
703 1212 896 1262 producta
926 1213 1070 1251 ultima
1097 1212 1314 1250 arbitratur
1339 1225 1422 1251 esse
1447 1213 1682 1263 perfectum:
1714 1225 1842 1263 neque

306 1272 379 1310 hoc
427 1271 630 1322 probabile
674 1285 800 1321 neque
844 1273 972 1322 magis
1015 1271 1151 1310 Plauti
1193 1284 1301 1310 more
1345 1273 1564 1322 praesentis
1605 1272 1773 1312 formam
1815 1284 1842 1311 a

307 1330 500 1382 producta
525 1333 702 1381 posuisse
727 1333 897 1381 poetam.
949 1331 1145 1370 Hortatur
1170 1332 1391 1382 nescioquis
1419 1332 1615 1382 quendam
1642 1332 1841 1371 hominem

308 1404 424 1441 quem
450 1391 595 1430 saturis
621 1392 702 1429 suis
726 1391 899 1430 laeserat
923 1390 1099 1430 Lucilius
1125 1393 1170 1429 ut
1196 1404 1283 1430 cum
1311 1404 1355 1430 eo
1381 1392 1422 1429 in
1449 1391 1667 1430 amicitiam
1687 1391 1840 1431 redeat:

308 1451 401 1490 conf
422 1450 573 1489 Pallad.
594 1450 664 1490 ΑΡ
681 1450 738 1488 ΧΙ
759 1451 845 1489 340
870 1447 1004 1501 ὤμοσα
1031 1449 1214 1502 μυριάκις
1238 1449 1510 1503 ἐπιγράμματα
1536 1449 1669 1502 μηκέτι
1699 1454 1842 1503 ποιεῖν,

306 1512 462 1549 πολλῶν
493 1508 567 1562 γὰρ
598 1515 742 1562 μωρῶν
773 1508 922 1562 ἔχθραν
954 1507 1235 1561 ἕπεσπασάμην
1265 1512 1343 1549 κτλ.

1051 1667 1088 1703 2.

427 1744 536 1788 820.
567 1748 720 1787 Nonius
746 1762 783 1799 p.
812 1749 909 1798 418,
940 1751 960 1788 7
997 1746 1160 1800 ‘Vrgere
1189 1752 1250 1788 est
1274 1762 1462 1800 premere,
1494 1762 1644 1801 cogere.
1672 1782 1681 1789 .
1702 1781 1710 1789 .
1732 1781 1739 1789 .
1763 1750 1843 1790 Lu-

309 1808 422 1847 cilius
453 1808 520 1847 lib.
547 1807 740 1847 XXVIIII
773 1805 921 1860 “urget
947 1840 954 1847 .
977 1840 984 1848 .
1007 1839 1014 1847 .
1040 1805 1171 1847 tua”.’
1226 1808 1324 1848 Cels.
1350 1809 1370 1848 I
1396 1811 1420 1848 2
1457 1806 1527 1848 ‘At
1557 1809 1766 1850 imbecillis
1786 1831 1840 1838 -

308 1881 385 1919 quo
417 1869 460 1907 in
490 1880 652 1907 numero
684 1880 830 1919 magna
867 1880 960 1918 pars
1000 1869 1241 1907 urbanorum
1285 1881 1497 1920 omnesque
1541 1882 1665 1920 paene
1709 1869 1842 1920 cupidi

308 1928 534 1966 litterarum
577 1929 671 1966 sunt
701 1948 759 1954 —
791 1927 1016 1966 obseruatio
1059 1928 1188 1966 maior
1228 1929 1451 1968 necessaria
1495 1931 1555 1968 est
1586 1960 1596 1968 .
1623 1960 1631 1968 .
1661 1961 1668 1968 .
1701 1942 1842 1969 cauere

308 1986 573 2025 meridianum
617 1987 759 2036 solem,
801 1988 1044 2025 matutinum
1087 1989 1127 2025 et
1170 1987 1440 2038 uespertinum
1481 1989 1625 2040 frigus,
1668 1990 1843 2039 itemque

310 2058 428 2085 auras
464 2046 671 2084 fluminum
709 2047 831 2095 atque
863 2047 1110 2097 stagnorum,
1149 2047 1389 2096 minimeque
1428 2047 1564 2086 nubilo
1603 2049 1731 2097 caelo,
1767 2049 1842 2088 soli

311 2106 507 2156 aperienti
531 2117 572 2143 se
598 2104 856 2155 committere,
881 2118 930 2143 ne
956 2105 1072 2144 modo
1098 2106 1237 2157 frigus,
1262 2106 1378 2145 modo
1404 2107 1513 2146 calor
1535 2109 1713 2146 moueat:
1740 2121 1841 2158 quae

311 2176 372 2203 res
403 2165 574 2203 maxime
606 2164 841 2216 grauedines
873 2165 1239 2216 destillationesque
1278 2163 1478 2205 concitat'.
1504 2167 1694 2215 yram'do
1732 2167 1843 2217 codd,

311 2224 405 2262 conf
431 2223 606 2275 prolegg.
632 2237 669 2274 p.
697 2222 840 2263 CXIV:
877 2224 1063 2263 similiter
1099 2224 1274 2264 traditur
1305 2225 1447 2264 Catull.
1475 2227 1544 2276 44,
1573 2228 1638 2276 13,
1675 2226 1783 2266 locos
1821 2240 1842 2266 e

311 2282 434 2321 Plinii
458 2284 539 2322 nat.
565 2283 655 2322 hist.
683 2283 844 2335 collegit
862 2284 1110 2335 Mayhoffius·
1129 2285 1180 2323 ad
1198 2285 1371 2324 XXVIII
1393 2286 1460 2335 57,
1486 2286 1586 2325 alios
1607 2285 1842 2339 Georgesius

309 2344 352 2381 in
382 2343 600 2382 formarum
630 2343 755 2382 lexico
788 2342 929 2393 quibus
962 2343 1084 2383 addas
1117 2344 1249 2383 Front.
1276 2358 1313 2395 p.
1342 2345 1410 2395 80,
1437 2346 1491 2384 25
1506 2345 1554 2384 N.

430 2397 539 2442 821.
576 2402 731 2441 Nonius
765 2416 802 2452 p.
832 2404 904 2453 74,
932 2405 987 2443 10
1033 2401 1273 2443 ‘Aduocasse
1316 2417 1389 2454 pro
1431 2417 1604 2444 uocasse.
1665 2405 1842 2445 Lucilius

311 2461 377 2499 lib.
403 2461 597 2501 XXVIIII
630 2459 809 2502 “amicos
837 2494 843 2501 .
866 2494 874 2501 .
896 2494 903 2501 .
930 2460 1205 2503 aduocasse”.'
1258 2464 1413 2503 Terent.
1439 2464 1595 2504 Phorm.
1623 2466 1707 2504 312
1737 2462 1842 2504 ‘inde

310 2521 375 2559 ibo
407 2521 458 2560 ad
488 2522 618 2560 forum
650 2523 769 2571 atque
801 2522 957 2572 aliquos
987 2523 1087 2561 mibi
1118 2524 1265 2562 amicos
1297 2523 1499 2563 aduocabo
1533 2525 1585 2563 ad
1620 2525 1723 2564 hanc
1754 2537 1842 2564 rem

311 2581 381 2630 qui
406 2578 575 2619 adsient’
604 2576 670 2619 GL
696 2581 754 2620 VI
777 2595 815 2631 p.
843 2582 941 2630 616,
968 2583 992 2620 5
1007 2582 1044 2620 Κ
1069 2577 1209 2636 (ΤΒἙ3
1232 2597 1270 2634 p.
1299 2584 1382 2622 315
1397 2578 1452 2637 R)
1480 2581 1641 2623 ‘amicos
1667 2584 1717 2623 ad
1741 2585 1842 2623 hanc

311 2652 396 2678 rem
428 2641 464 2679 si
493 2640 603 2679 uoles
635 2637 813 2679 aduoca'.
877 2640 1032 2680 Saturis
1064 2643 1146 2681 suis
1179 2639 1366 2693 ‘inprobi’
1400 2644 1606 2694 epitheton
1637 2643 1715 2683 sibi
1751 2656 1842 2683 con-

312 2699 518 2738 ciliauerat
560 2701 680 2750 poeta
723 2702 860 2739 contra
905 2701 1010 2750 quod
1051 2703 1206 2752 pugnat
1247 2704 1387 2752 postea
1430 2703 1498 2741 lib.
1524 2703 1634 2742 XXX
1657 2717 1695 2742 u.
1727 2704 1840 2743 1026

313 2755 462 2798 ‘omnes
493 2759 695 2808 formonsi,
726 2760 849 2799 fortes
880 2759 967 2808 tibi,
999 2773 1072 2812 ego
1103 2759 1322 2812 inprobus’.

432 2813 542 2857 823.
574 2818 728 2857 Nonius
759 2833 797 2870 p.
825 2820 893 2869 97,
919 2821 945 2857 4
979 2816 1162 2859 ‘Deletio.
1217 2821 1395 2861 Lucilius
1425 2822 1492 2860 lib.
1518 2822 1712 2861 XXVIIII
1745 2819 1841 2862 “de-

312 2877 499 2916 letionem
527 2908 533 2915 .
556 2909 563 2916 .
585 2909 592 2916 .
620 2875 872 2917 exercitus’'.’
935 2879 1082 2930 Agitur
1111 2880 1186 2919 hoc
1217 2882 1258 2919 et
1288 2881 1543 2931 sequentibus
1573 2895 1638 2920 uu.
1669 2882 1841 2932 quinque

314 2935 361 2974 de
394 2936 496 2974 bello
526 2936 803 2976 Hannibalico.
868 2937 1028 2977 cladem
1061 2938 1311 2979 Cannensem·
1329 2942 1478 2992 tangit:
1507 2941 1603 2979 conf
1622 2941 1710 2980 Liu.
1727 2940 1841 2980 XXII

317 2995 384 3043 54,
407 2997 428 3033 7
458 2992 638 3034 ‘Romam
664 3009 712 3034 ne
737 2997 808 3035 has
835 2997 994 3046 quidem
1019 2998 1207 3048 reliquias
1234 3012 1436 3049 superesse
1462 3001 1610 3039 ciuium
1629 3001 1841 3040 sociorum-
