2060 3444
698 275 784 313 XIV
810 289 844 313 u.
871 279 952 313 478.
1005 274 1072 312 XV
1097 288 1132 312 u.
1160 276 1360 311 480—483.
1715 271 1800 315 179

250 406 313 446 ap.
335 392 413 433 Cic.
441 405 500 444 ep.
521 392 578 431 XI
599 392 667 443 28,
698 394 718 431 1
755 391 834 431 Cic.
862 392 976 431 Tusc.
1003 391 1044 430 II
1071 392 1116 441 4,
1146 392 1200 430 10
1239 389 1406 436 Quintil.
1432 388 1510 427 XII
1539 390 1606 438 11,
1633 388 1658 427 8
1693 384 1800 427 ‘con-

249 455 355 494 scius
380 467 469 493 sum
493 452 595 492 mihi
621 483 628 491 .
652 483 658 491 .
681 483 688 490 .
715 465 778 491 me
806 483 812 490 .
836 483 843 490 .
866 483 872 490 .
899 448 1140 503 protulisse’.
1191 450 1318 490 Vetus
1343 450 1413 488 ille
1439 448 1552 499 Cato,
1577 449 1602 487 i.
1625 461 1656 488 e.
1683 460 1800 488 senex

249 514 317 554 ille
367 515 414 553 ut
457 512 535 553 Cic.
571 525 644 564 pro
688 512 808 555 Arch.
842 513 895 551 16
941 508 1008 550 εΜ.
1039 511 1232 551 Catonem
1285 511 1401 549 illum
1452 506 1612 549 senem'.
1694 508 1800 547 Ante

248 575 448 614 lacessisse
484 573 727 613 uocabulum
767 573 1016 612 trochaicum
1054 571 1246 611 excidisse
1283 570 1388 609 uidit
1428 567 1698 609 Baehrensius
1730 568 1799 619 qui

247 635 339 674 inde
369 635 554 674 inseruit:
591 634 690 673 mihi
721 634 794 672 illa
826 633 960 684 aptius
990 634 1125 671 uisum
1157 634 1227 671 est.
1272 632 1326 671 ad
1356 631 1502 670 scelera
1527 630 1656 678 ‘inquit
1682 629 1800 679 posui

250 696 346 745 quia
377 696 553 734 conscius
590 695 671 733 tale
711 693 950 733 uocabulum
988 705 1149 744 poscere
1187 691 1401 731 uidebatur
1432 703 1561 741 neque
1594 690 1800 729 meliorem

250 757 492 806 scripturam
524 754 654 794 adhuc
686 753 772 793 uidi
807 754 1018 805 prolatam.

965 1070 1080 1128 XV.

369 1177 430 1217 De
462 1177 854 1230 argumentohuius
885 1176 980 1215 libri
1011 1176 1103 1215 uide
1137 1176 1188 1215 ad
1219 1189 1256 1214 u.
1286 1176 1383 1214 515.
1412 1198 1468 1202 —
1496 1170 1607 1216 480.
1643 1176 1800 1215 Nonius

249 1252 288 1289 p.
310 1239 409 1288 533,
437 1239 492 1276 14
526 1234 707 1277 ‘Gorbita
738 1239 798 1276 est
830 1249 954 1288 genus
986 1237 1139 1288 nauigii
1171 1237 1333 1275 tardum
1365 1239 1405 1275 et
1432 1237 1594 1288 grande.
1722 1235 1800 1275 Lu-

250 1299 366 1338 cilius
410 1299 640 1349 satyrarum
682 1297 750 1336 lib.
778 1297 851 1336 XV
890 1294 1052 1336 “multa
1184 1299 1292 1336 uersi
1329 1298 1423 1345 ficta
1460 1291 1540 1351 (ita
1577 1297 1800 1336 Leidensis:

248 1360 476 1407 uersifieata
508 1352 727 1413 Guelferb.)
756 1390 763 1396 .
786 1389 793 1396 .
816 1389 823 1396 .
851 1358 1082 1398 bacchillum
1109 1389 1115 1396 .
1140 1388 1146 1395 .
1170 1388 1176 1395 .
1202 1359 1323 1396 nauis
1352 1358 1395 1396 in
1424 1358 1578 1396 corbita
1604 1357 1801 1396 maximus

249 1416 394 1458 unffi?
472 1417 583 1469 Opus
634 1419 835 1457 musiuum
884 1418 1013 1457 Musei
1062 1418 1279 1456 Tunesiani
1332 1417 1509 1456 nondum
1553 1418 1705 1457 editum
1750 1417 1801 1455 ad

250 1479 427 1519 corbitae
471 1480 671 1530 picturam
708 1478 867 1517 exhibet
903 1490 1063 1517 uersum
1102 1475 1238 1528 ‘quam
1281 1478 1411 1517 malus
1455 1478 1552 1516 naui
1589 1491 1610 1517 e
1648 1478 1802 1516 corbita

250 1541 447 1579 maximus
475 1536 628 1579 ullast'.
691 1538 863 1577 Videtur
893 1540 1053 1577 saturae
1085 1538 1209 1577 fuisse
1241 1537 1458 1576 exordium.
1524 1536 1581 1576 Τὰ
1611 1535 1700 1589 περὶ
1732 1536 1801 1577 τὸν

252 1599 456 1639 Κύκλωπα
493 1600 719 1650 uituperari
757 1598 936 1638 concedit
974 1597 1142 1650 Longin.
1175 1598 1223 1637 de
1251 1597 1417 1637 sublim.
1444 1598 1501 1636 IX
1530 1599 1596 1636 14.
1660 1596 1800 1648 Odyss.

252 1675 266 1698 ι
295 1660 380 1698 190
411 1657 478 1698 καὶ
507 1657 583 1713 γὰρ
614 1653 742 1710 θαῦμ’
777 1656 953 1698 ἐτέτυκτο
985 1657 1191 1711 πελώριον,
1223 1655 1316 1698 οὐδὲ
1347 1655 1460 1712 ἐῴκει
1491 1655 1612 1710 ἀνδρί
1634 1672 1675 1711 γε
1701 1669 1801 1697 σιτο-

253 1718 383 1776 φάγῳ,
415 1717 511 1758 ἀλλὰ
543 1718 615 1776 ῥίῳ
647 1717 806 1770 ὑλήεντι
836 1717 1008 1770 ὑψηλῶν
1034 1715 1176 1771 ὄρέωντ
1209 1718 1260 1757 ad
1289 1720 1370 1758 187
1400 1718 1616 1758 Scholiasta
1642 1717 1802 1766 εἰκότως

251 1779 538 1832 προσυνίστησι
579 1777 623 1818 τὸ
668 1776 850 1832 μέγεθος,
894 1778 960 1818 ἴνα
1003 1777 1229 1826 ἀξιόπιστος
1270 1785 1382 1834 φανῇ
1422 1777 1468 1818 τὰ
1513 1777 1588 1818 δύο
1639 1778 1800 1830 σώματα

253 1838 495 1891 σιτούμενος.
527 1839 709 1888 πλείστας
740 1836 783 1878 δὲ
814 1837 1043 1892 παραβολὰς
1068 1842 1236 1878 ποιεῖται
1261 1843 1332 1878 τοῦ
1357 1836 1555 1892 μεγέθους
1579 1838 1703 1878 αὐτοῦ
1732 1871 1740 1877 .
1762 1870 1770 1878 .
1792 1870 1800 1878 .

251 1905 368 1940 τοῦτο
394 1897 438 1938 δέ
462 1897 568 1939 ἐστιν
593 1897 795 1952 ὑπερβολὴ
821 1898 1055 1951 ὑπερβολῆς.
1106 1899 1291 1951 Longum
1316 1899 1507 1939 ducentos
1531 1899 1652 1950 pedes
1678 1900 1800 1938 fuisse

252 1960 544 2011 Polyphemum
574 1961 695 2010 poeta
725 1960 928 1998 Romanus
966 1959 1123 1999 addidit
1160 1973 1205 1999 eo
1237 1973 1402 1999 numero
1433 1972 1528 1999 usus
1561 1973 1640 2010 quo
1672 1960 1802 1999 solent

252 2021 314 2059 uti
350 2019 522 2059 Romani
559 2016 708 2075 (Plaut.
741 2020 852 2058 Asin.
887 2018 971 2058 276
1010 2020 1106 2059 Hor.
1140 2033 1254 2059 serm.
1281 2020 1301 2058 I
1329 2020 1373 2070 6,
1405 2021 1474 2058 42.
1510 2021 1554 2069 3,
1589 2022 1655 2059 11.
1690 2021 1734 2070 4,
1763 2022 1799 2059 9.

256 2081 322 2131 10,
351 2081 406 2120 60
438 2080 613 2119 Martial.
638 2080 701 2119 III
729 2081 797 2130 93,
827 2075 912 2134 18).
969 2080 1029 2118 De
1059 2080 1218 2130 bacillo,
1252 2080 1358 2130 quod
1390 2081 1520 2119 iocum
1551 2082 1599 2119 ut
1622 2082 1803 2119 moueret

253 2140 547 2179 deminutiuum
595 2141 732 2191 posuit
780 2142 918 2190 poeta,
962 2155 976 2179 ι
1010 2141 1095 2179 319
1141 2140 1362 2187 Κύκλωπος
1405 2138 1479 2194 γὰρ
1530 2138 1653 2179 ἔκειτο
1704 2138 1801 2193 μέγα

252 2199 428 2254 ῥόπαλον
459 2199 566 2252 παρὰ
597 2202 706 2255 σηκῷ
835 2199 877 2240 τὸ
917 2198 988 2252 μὲν
1026 2197 1151 2251 ἄμμες
1182 2199 1364 2252 ἐίσκομεν
1395 2199 1648 2253 εἰσορόωντες
1681 2199 1802 2240 ὅσσον

253 2255 299 2298 θ’
329 2260 438 2300 ἱστὸν
469 2258 568 2311 νηὸς
606 2258 843 2313 ἐεικοσόροιο
882 2259 1068 2312 μελαίνης
1105 2260 1294 2313 φορτίδος
1332 2259 1501 2313 εὐρείης,
1533 2256 1593 2312 ἤτ’
1629 2258 1800 2315 ἕκπεραᾷ

254 2318 351 2373 μέγα
382 2322 533 2372 λαῖτμα.
594 2320 642 2358 V.
669 2321 755 2359 480
794 2320 940 2360 codicis
971 2320 1176 2359 Leidensis
1217 2322 1507 2371 praestantiam
1545 2321 1640 2359 licet
1678 2333 1801 2373 agno-

253 2393 371 2419 scere.
404 2401 463 2407 —-
495 2381 593 2419 481.
624 2383 801 2420 monstra
830 2381 995 2431 putant,
1026 2382 1073 2419 ut
1105 2379 1184 2420 Cic.
1212 2380 1263 2420 ad
1293 2380 1379 2419 Att.
1406 2380 1464 2419 IV
1493 2382 1530 2430 7,
1561 2384 1580 2419 1
1619 2378 1801 2419 ‘uenerat

254 2440 363 2478 horis
394 2439 548 2479 duabus
580 2443 673 2479 ante
705 2440 964 2492 Chaerippus,
996 2453 1104 2480 mera
1135 2442 1315 2480 monstra
1346 2438 1569 2479 nuntiarat'
1603 2441 1716 2479 Tusc.
1743 2441 1801 2478 IV

257 2500 312 2538 54
339 2496 436 2538 ‘iam
462 2499 705 2540 uidebuntur
728 2502 906 2540 monstra
933 2498 1091 2550 dicere',
1116 2501 1158 2540 id
1184 2502 1244 2540 est
1269 2500 1441 2539 absurda
1466 2503 1507 2539 et
1531 2500 1801 2539 incredibilia:

256 2560 351 2598 conf
377 2559 552 2599 Martial.
578 2560 637 2599 IV
664 2562 732 2610 63,
760 2562 785 2599 3
812 2561 848 2599 Χ
875 2562 914 2611 4,
942 2563 978 2600 2.
1041 2561 1156 2600 Dixit
1187 2562 1306 2612 poeta
1337 2560 1517 2600 homines
1549 2563 1729 2600 monstra
1761 2563 1802 2599 et

255 2620 393 2670 inepta
435 2622 622 2670 portenta
662 2621 737 2659 illa
780 2621 829 2660 ab
873 2621 1047 2660 Homero
1086 2622 1312 2672 excogitata
1350 2624 1390 2660 et
1426 2621 1521 2659 ficta
1551 2623 1713 2671 putare:
1758 2623 1801 2660 at

256 2679 419 2718 deorum
451 2679 566 2731 signa
596 2693 621 2719 a
651 2680 855 2720 fictoribus
887 2680 1020 2720 efficta
1045 2683 1181 2720 uiuere
1208 2684 1248 2721 et
1273 2693 1356 2720 esse
1382 2681 1520 2720 ualida
1547 2694 1592 2720 ac
1617 2682 1802 2731 potentia

257 2734 313 2792 (u.
336 2734 454 2792 487).
494 2762 549 2767 —
589 2741 686 2779 482.
719 2742 760 2779 et
796 2753 915 2790 porro
946 2741 1040 2780 huic
1071 2742 1200 2780 maius
1231 2737 1442 2793 bacillum]
1475 2743 1516 2779 et
1545 2753 1664 2790 porro
1696 2741 1801 2779 male

258 2798 465 2850 legebatur
501 2799 598 2838 olim
637 2799 715 2839 Cic.
747 2799 795 2838 de
832 2799 896 2838 fin.
923 2799 960 2837 V
989 2801 1042 2839 78
1085 2800 1155 2839 ubiv
1192 2801 1286 2839 uide
1326 2800 1526 2853 Maduigii
1566 2800 1700 2839 adnot.
1742 2821 1801 2826 —

259 2859 357 2897 483.
395 2871 514 2907 quam
548 2859 679 2898 malms
714 2861 834 2899 nau-is
870 2861 913 2898 in
950 2861 1096 2899 corbiia
1132 2861 1329 2899 mctm‘mus
1369 2861 1454 2898 ulla
1483 2860 1651 2909 Nonius,
1682 2872 1801 2908 quam

257 2918 388 2957 malus
423 2920 524 2958 nawi
560 2931 579 2958 e
615 2920 764 2958 corbita·
797 2920 993 2958 ‘maximus
1023 2920 1143 2958 ullast
1174 2920 1380 2970 inscriptio
1413 2919 1615 2958 Africana.
1678 2919 1802 2958 Nonii

216 2979 218 2981 ’
259 2977 439 3017 codicum
457 2979 697 3029 scripturam
716 2979 894 3018 seruauit
913 2978 1222 3030 christophorus
1241 2979 1408 3018 Waseus
1427 2980 1470 3018 in
1489 2979 1591 3018 libro
1612 2979 1800 3018 Senarius

259 3050 286 3076 s.
308 3037 357 3077 de
375 3038 538 3077 licentia
558 3041 635 3077 uet.
656 3041 760 3089 poet.
782 3037 852 3077 Ox.
877 3039 989 3079 1687
1011 3053 1047 3089 p.
1074 3040 1154 3078 185
1177 3052 1262 3090 cap.
1283 3039 1389 3089 XIV,
1409 3052 1529 3090 quam
1550 3040 1802 3078 commendat

1446 3107 1510 3142 12*
