2060 3444
687 301 754 337 xx
778 313 813 337 u.
842 303 1042 337 ὁΤι-578.
1094 299 1197 335 XXII
1222 312 1258 335 u.
1286 302 1367 336 5⁷9.
1711 298 1799 341 215

253 418 423 458 diximus
455 417 506 457 ad
533 415 600 456 lib.
626 415 756 455 XXIX
782 429 818 454 u.
848 416 945 455 868.
990 414 1160 454 Videtur
1183 414 1321 464 itaque
1347 413 1493 453 dixisse
1519 413 1650 453 faceta
1674 425 1798 452 mere·

252 480 331 519 trix
358 475 476 518 ‘hunc
501 477 644 517 merito
670 476 835 515 exclusi:
862 476 953 515 nolo
980 474 1163 526 equidem
1187 475 1363 526 nugator
1388 473 1452 513 cui
1477 473 1567 513 dem
1587 485 1634 513 ac
1653 472 1797 513 nebulo

253 539 308 580 sit
337 539 535 578 maximus
565 533 721 576 multo'.

373 592 483 639 578.
514 596 669 636 Nonius
694 610 731 647 p.
760 596 859 646 490,
886 596 937 634 31
975 591 1176 634 ‘Guberna
1201 606 1274 645 pro
1300 593 1581 646 gubernacula.
1619 592 1796 633 Lucilius

252 660 479 711 satyrarum
504 657 572 697 lib.
598 657 671 696 XX
698 653 869 707 “proras
891 687 898 694 .
921 687 928 694 .
951 686 958 694 .
978 655 1174 695 detwndite
1199 650 1438 706 guberna”.'
1482 653 1635 693 Marius
1660 653 1797 693 Victo-

253 719 366 759 rinus
397 717 465 758 GL
490 717 548 757 VI
572 731 610 769 p.
639 717 707 765 56,
735 715 812 755 6Κ
845 712 954 755 ‘Pari
984 715 1140 755 ratione
1171 713 1214 753 in
1246 727 1363 753 uersu
1396 716 1436 754 et
1469 726 1646 765 apocope
1683 726 1797 764 prae-

251 780 367 830 cepta
400 772 570 834 (recepta
600 773 897 830 Lachmannus)
933 777 1010 825 est,
1047 774 1089 814 id
1121 776 1181 814 est
1213 774 1433 814 subtractio
1465 773 1643 824 syllabae
1676 773 1796 824 sylla-

250 839 440 879 barumue
472 837 684 878 cuiuslibet
714 832 904 889 (partis)
935 835 1140 885 orationis,
1174 836 1302 874 metro
1335 836 1501 887 cogente
1534 834 1661 883 facta3
1694 846 1796 884 quae

249 898 333 940 siue
363 899 407 938 in
431 898 553 938 uerbo
579 899 663 937 siue
688 898 731 936 in
757 897 916 936 nomine
943 895 1144 945 acciderit,
1175 908 1248 946 pro
1274 896 1434 947 integra
1460 895 1575 946 parte
1601 894 1797 933 orationis

250 959 484 1012 accipietur;
515 960 589 997 ut.
612 989 619 997 .
641 989 649 997 .
669 957 855 998 similiter
887 953 1059 1007 “proras
1091 955 1280 995 detendite
1312 957 1346 994 et
1374 955 1538 1004 spoliate
1568 949 1792 1006 guberna’'‚

248 1019 291 1059 id
321 1020 383 1060 est
412 1018 694 1072 gubernacula,
725 1017 844 1057 sicuti
869 1017 1053 1067 diximus,
1083 1016 1203 1055 metri
1233 1011 1497 1055 necessitate’.
1550 1011 1671 1054 ‘Oues
1704 1015 1795 1053 tun-

249 1076 469 1131 dunt<ur>'
495 1079 645 1131 legitur
667 1079 709 1117 in
735 1076 974 1128 Menologiis
999 1077 1160 1116 rusticis
1180 1074 1264 1115 CIL
1285 1070 1324 1115 1²
1346 1077 1366 1115 1
1389 1089 1428 1126 p.
1451 1075 1537 1115 280
1563 1074 1636 1115 sub
1660 1075 1796 1114 tauro:

249 1139 386 1190 itaque
420 1135 650 1179 ‘detwndete'
683 1137 854 1178 formam
885 1149 956 1177 nos
988 1138 1199 1177 restituere
1231 1135 1369 1175 licebit
1393 1134 1568 1184 Lucilio,
1607 1135 1678 1186 qui
1707 1135 1795 1183 fur-

248 1200 413 1240 uae-ibus
443 1199 510 1238 lib.
538 1198 617 1238 VII
641 1212 678 1237 u.
709 1199 804 1237 291.
855 1197 996 1236 Posuit
1025 1197 1132 1236 idem
1163 1196 1403 1236 uocabulum
1431 1196 1611 1245 yuberna
1638 1196 1682 1234 in
1707 1208 1794 1234 uer-

248 1272 314 1300 sus
346 1260 456 1299 exitu
486 1258 695 1298 Lucretius
720 1258 763 1297 II
789 1258 874 1297 553
907 1257 966 1296 IV
993 1258 1092 1306 439,
1123 1258 1193 1307 qui
1225 1256 1486 1309 singulariter
1513 1256 1796 1306 gubernaclum

248 1322 375 1371 ponat
399 1318 457 1359 IV
486 1320 590 1359 904:
622 1319 787 1369 uterque
819 1320 940 1369 poeta
971 1316 1154 1357 imitatus
1186 1329 1270 1356 esse
1300 1316 1463 1356 uidetur
1492 1315 1686 1366 Ennium,
1725 1316 1795 1366 qui

249 1379 444 1420 eiusmodi
480 1391 576 1419 usus
614 1379 668 1419 sit
707 1377 920 1418 uerborum
964 1376 1362 1427 commutationibus,
1406 1376 1534 1415 ueluti
1578 1377 1660 1416 cael
1692 1388 1795 1426 yau:

245 1440 443 1493 pluralem
486 1439 673 1479 uocabuli
712 1438 952 1491 yubernacla
995 1438 1080 1478 sine
1124 1437 1290 1478 elisione
1333 1437 1506 1476 metrum
1549 1449 1630 1475 non
1673 1436 1792 1487 capit.

246 1499 509 1540 Prouerbium
558 1499 717 1539 uidetur
759 1498 938 1539 Lucilius
989 1497 1176 1538 adhibere
1227 1496 1418 1537 Graecum
1473 1495 1579 1547 quod
1629 1495 1794 1535 adhibet

246 1559 433 1601 Philostr.
458 1560 604 1600 heroic.
629 1559 671 1599 Π
695 1574 733 1611 p.
762 1560 861 1609 140,
888 1558 1049 1610 2Kays.
1088 1556 1155 1597 καὶ
1192 1555 1239 1597 τὰ
1269 1555 1313 1597 ἐκ
1349 1556 1530 1611 πρώρας,
1570 1556 1688 1608 φασί,
1725 1554 1794 1596 καὶ

246 1619 294 1660 τὰ
335 1618 380 1660 ἐκ
421 1619 606 1673 πρύμνης
649 1617 849 1660 ἀπολεῖται
880 1617 959 1659 Cic.
993 1619 1108 1670 epist.
1134 1617 1230 1657 XVI
1258 1618 1325 1668 24,
1354 1619 1374 1656 1
1427 1613 1543 1656 ‘mihi
1585 1629 1706 1668 prora
1750 1618 1792 1656 et

245 1681 404 1732 puppis,
435 1681 481 1719 ut
511 1678 752 1720 Graecorum
782 1679 1036 1730 prouerbium
1071 1680 1148 1728 est,
1180 1678 1259 1717 fuit
1290 1691 1314 1718 a
1344 1690 1407 1717 me
1432 1678 1495 1717 tui
1531 1673 1789 1716 dimittendi’.

927 1934 1105 1990 XXII.

368 2036 478 2081 579.
510 2040 694 2081 Donatus
734 2040 785 2079 ad
823 2040 1104 2080 Phormionem
1142 2039 1321 2078 Terentii
1344 2038 1385 2078 H
1414 2040 1451 2088 1,
1479 2039 1534 2077 57
1581 2034 1790 2078 ‘Columen

249 2115 340 2141 uero
377 2100 567 2141 familiae.
629 2100 840 2150 Columen,
884 2101 1051 2139 culmen.
1115 2112 1166 2139 an
1203 2099 1385 2139 columen
1424 2097 1637 2138 columna?
1686 2099 1789 2138 unde

245 2161 478 2201 columellae
505 2161 611 2212 apud
635 2162 789 2202 ueteres
815 2161 914 2200 dicti
939 2159 1044 2199 serui
1070 2160 1240 2199 maiores
1266 2159 1418 2199 domus.
1470 2158 1649 2199 Lucilius
1675 2159 1789 2198 XXII

245 2217 416 2262 “seruus
444 2252 451 2259 .
473 2253 480 2261 .
504 2252 511 2260 .
537 2233 764 2271 quemquam
796 2216 913 2276 (olim
937 2220 1122 2271 impressi
1153 2213 1370 2274 quaquam)
1398 2249 1404 2256 .
1428 2249 1436 2257 .
1458 2249 1465 2257 .
1492 2219 1688 2258 columellc
1724 2219 1788 2258 hic

245 2277 410 2322 situs’'.'
457 2280 658 2322 Martialis
690 2280 792 2322 libro
817 2281 874 2321 XI
903 2282 959 2320 90
992 2277 1196 2319 ‘Carmina
1226 2280 1340 2319 nulla
1370 2279 1516 2330 probas
1547 2279 1661 2318 molli
1686 2292 1788 2330 quae

244 2341 373 2381 limite
405 2342 589 2391 currunt,
631 2340 709 2380 Sed
739 2355 841 2393 quae
872 2355 944 2393 per
981 2339 1157 2381 salebras
1196 2340 1359 2390 altaque
1397 2352 1494 2380 saxa
1530 2339 1696 2390 cadunt,
1735 2340 1790 2379 Et

246 2397 515 2455 (scribendum
552 2395 626 2455 est)
663 2401 740 2440 tibi
776 2401 960 2441 Maeonio
1004 2400 1111 2451 quod
1149 2394 1448 2454 (Lachmannus
1492 2394 1657 2453 quoque)
1703 2412 1787 2454 car-

245 2462 351 2500 mine
387 2461 517 2501 maius
553 2460 724 2501 habetur
760 2462 908 2502 Lucilli
945 2460 1174 2509 columella,
1211 2459 1276 2499 hic
1314 2459 1433 2509 situs,
1476 2456 1786 2511 Metrophanes’.

248 2520 438 2560 Columen
469 2521 648 2561 familiae
681 2521 890 2562 Terentius
916 2522 941 2560 1.
969 2534 1011 2570 s.,
1044 2520 1173 2560 senati
1212 2520 1393 2559 columen
1424 2519 1555 2558 Plaut.
1583 2518 1671 2558 Cas.
1700 2519 1784 2558 536

246 2581 382 2632 Eurip.
409 2581 538 2633 Iphig.
565 2581 682 2620 Taur.
711 2583 765 2622 57
811 2583 945 2622 στῦλοι
987 2579 1060 2634 γὰρ
1105 2579 1227 2620 οἴκων
1276 2577 1415 2628 παῖδές
1461 2578 1561 2619 εἰσιν
1606 2576 1786 2632 ἅρσενεςε

246 2640 456 2681 columella
493 2640 593 2681 abiit
628 2641 670 2680 in
701 2641 899 2694 Hispania
936 2642 977 2680 in
1015 2653 1233 2693 cognomen
1271 2653 1349 2691 quo
1381 2639 1521 2679 Iunius
1555 2639 1785 2679 Moderatus

247 2700 469 2741 Gaditanus
513 2702 740 2753 appellatus
784 2703 854 2742 est.
882 2724 939 2729 —
964 2713 1092 2752 neque
1135 2700 1280 2740 infidus
1324 2713 1451 2751 neque
1494 2699 1669 2739 inutilis:
1710 2699 1784 2738 Iul.

246 2761 416 2812 Exuper.
443 2760 536 2812 epit.
565 2763 589 2801 2
624 2755 791 2815 (archiu.
817 2761 929 2801 lexic.
956 2760 1043 2802 Lat.
1070 2760 1149 2800 XII
1177 2762 1290 2801 1902
1317 2774 1355 2811 p.
1377 2754 1483 2814 564)
1516 2755 1665 2811 ‘capite
1697 2772 1784 2799 cen-

246 2833 309 2861 sos
329 2820 435 2861 ciues
453 2820 674 2872 infidosque
693 2823 815 2872 atque
833 2818 1025 2861 inutiles'.
1068 2819 1216 2860 Seruus
1235 2820 1342 2869 fidus
1360 2820 1492 2859 Plaut.
1511 2819 1682 2859 Mostell.
1700 2820 1782 2859 785

245 2881 460 2920 secundum
484 2880 694 2920 Bitschelii
718 2880 1044 2930 emendationem,
1076 2881 1225 2927 infidus
1252 2879 1363 2920 Asin.
1392 2880 1476 2919 568
1504 2901 1560 2906 —
1588 2878 1693 2919 serui
1723 2879 1782 2918 in-

246 2940 364 2981 utiles
394 2939 524 2980 Lucas
549 2939 666 2980 XVII
693 2942 748 2980 10
786 2940 922 2980 δοῦλοι
962 2938 1112 2993 ἀχρεῖοί
1145 2938 1272 2991 ἔσμεν.
1335 2938 1502 2980 Constat
1545 2951 1680 2979 seruos
1725 2939 1782 2978 in-

244 3000 384 3051 primis
414 3002 457 3040 in
489 2999 616 3052 cippis
640 2999 787 3040 Atticis
819 2999 1012 3054 χρηστούς
1036 2998 1233 3051 appellari
1260 2994 1327 3053 (K.
1347 2998 1502 3039 Keilius
1528 2999 1660 3039 annal.
1686 2999 1781 3051 phil.

245 3061 373 3113 suppl.
400 3060 459 3100 IV
490 3074 527 3112 p.
557 3054 673 3115 628).
749 3059 854 3100 Conf
897 3061 1103 3112 praeterea
1153 3060 1201 3099 de
1250 3059 1450 3099 locutione
1499 3071 1578 3098 uon
1635 3060 1783 3100 inutilis
