2060 3444
902 244 951 279 IX
978 256 1013 280 u.
1042 247 1242 280 342—348.
1759 243 1839 287 131

296 362 462 410 ποιῆσαι
492 354 559 397 καὶ
593 356 796 410 Πίνδαρος
834 352 883 397 δι’
922 356 1016 398 ὅλου
1049 355 1167 398 θέσιν
1198 357 1240 398 τὸ
1272 357 1427 411 ποίημα
1455 356 1556 412 λέγει
1588 353 1766 413 (Olymp.
1786 359 1849 399 m

300 412 375 473 14)
405 432 444 470 p.
466 419 565 467 319,
593 418 649 457 30
675 416 798 470 ἔθηκε
826 449 834 457 .
857 449 864 457 .
886 449 893 456 .
922 417 1108 471 ἐποίησεν
1136 450 1143 458 .
1165 449 1174 458 .
1195 451 1203 459 .
1230 413 1297 470 ἀφ’
1327 413 1375 458 οὗ
1401 417 1467 459 καὶ
1492 417 1606 467 θέσις
1631 415 1657 471 ἡ
1684 418 1845 472 ποίησις

296 476 403 531 παρὰ
429 472 609 534 Ἀλκαίῳ.
649 499 705 504 -
746 479 844 518 343.
883 490 980 528 opus
1017 492 1141 518 unum
1179 479 1338 530 scripsi,
1383 492 1463 530 quo
1506 480 1704 519 referatur
1741 480 1848 531 quod

208 530 214 536 ⁵
264 554 266 556 >
295 538 445 590 legitur
475 552 513 577 u.
537 539 622 578 344
654 540 807 578 maius:
836 541 916 578 stoc
946 539 1059 589 codd,
1090 539 1133 578 in
1165 539 1309 590 quibus
1342 552 1363 579 c
1395 541 1436 579 et
1466 553 1492 590 p
1525 539 1683 590 saepius
1709 540 1847 592 legun-

295 599 364 637 tur
393 599 579 638 confusa:
616 598 708 637 uide
748 599 797 638 ad
839 599 907 638 lib.
927 599 1060 638 XXVI
1090 613 1128 638 u.
1156 600 1253 638 663.
1316 599 1458 650 Neque
1495 600 1575 639 huc
1605 601 1706 640 facit
1736 599 1847 649 ἔπος

295 671 421 698 unum
459 658 565 710 quod
601 660 738 710 posuit
776 659 1074 699 Lachmannus:
1123 660 1218 699 conf
1253 658 1413 699 Sueten.
1445 674 1484 711 p.
1508 662 1581 710 17,
1616 661 1640 699 5
1662 660 1697 699 R
1737 658 1847 711 ‘epos

294 718 486 758 Latinum
517 720 671 770 primus
704 719 822 772 digne
850 720 1012 771 scripsit
1037 720 1191 759 Ennius
1223 720 1293 771 qui
1323 733 1386 760 res
1413 720 1685 760 Romanorum
1710 721 1847 760 decem

296 782 336 818 et
380 781 469 819 octo
514 779 743 830 complexus
788 781 849 819 est
885 777 1013 820 libris'
1054 793 1085 820 e.
1106 794 1143 832 q.
1165 793 1195 820 s.
1227 780 1297 819 ubi
1341 779 1471 820 editor
1515 780 1684 820 adnotat
1725 781 1846 821 schol.

294 839 461 892 Dionys.
482 840 623 879 Thrac.
652 841 756 890 173,
784 842 840 880 20
859 840 899 879 Η
931 853 1058 891 seqq.:
1098 838 1124 893 ἢ
1158 839 1252 888 ἔπος
1288 839 1332 881 τὸ
1369 839 1597 894 ἑξάμετρον·
1639 838 1770 893 ἐκείνη
1803 839 1846 881 δὲ

294 897 320 952 ἡ
358 900 519 952 ποίησις
561 899 655 948 ἔπος
697 898 865 954 λέγεται,
904 899 965 940 ὅτε
1008 899 1052 940 τὸ
1097 900 1297 953 σωμάτιον
1341 899 1435 940 ὅλον
1482 899 1525 940 ἐκ
1562 906 1633 941 τοῦ
1671 898 1847 954 ἡρωϊκοῦ

294 960 428 1013 στίχου
478 959 687 1016 σύγκειται.
737 982 796 987 -
845 962 943 1000 345.
992 974 1108 1001 nemo
1155 957 1227 1012 qui
1275 961 1414 1012 culpat
1462 958 1702 1014 Homerum]
1755 963 1851 1001 conf

295 1019 464 1073 Longin.
491 1021 539 1060 de
571 1021 728 1060 sublim.
751 1022 826 1072 33,
853 1023 892 1060 4.
931 1043 987 1049 —
1019 1024 1209 1071 perpetuo
1240 1021 1446 1074 διηνεκῶς.
1502 1023 1663 1078 culpare
1688 1022 1846 1073 saepius

293 1080 491 1121 Lucilius:
516 1094 611 1120 nam
629 1083 855 1131 uituperare
874 1082 1041 1121 uerbum
1059 1082 1203 1122 herous
1223 1095 1303 1122 non
1323 1082 1443 1133 capit.
1465 1104 1521 1109 —
1545 1083 1642 1122 347.
1665 1083 1846 1133 uerbum,

294 1137 540 1195 entymema]
572 1142 647 1181 hoc
678 1155 759 1181 non
789 1142 1006 1182 secundum
1037 1142 1270 1182 Aristotelis
1302 1143 1527 1182 doctrinam
1566 1144 1627 1182 est
1657 1145 1846 1194 positum,

293 1201 362 1241 sed
394 1202 610 1242 secundum
648 1202 837 1242 Isocratis
875 1215 994 1242 usum
1033 1204 1103 1254 qui
1141 1202 1230 1242 adu.
1263 1203 1430 1255 sophist.
1460 1204 1513 1243 16
1546 1203 1710 1255 scripsit
1747 1201 1844 1243 ἀλλὰ

293 1260 360 1302 καὶ
397 1265 479 1310 τοῖς
516 1261 773 1314 ἐνθυμήμασι
809 1261 1039 1316 πρεπόντως
1077 1262 1171 1303 ὅλον
1212 1261 1282 1303 τὸν
1313 1263 1433 1317 λόγον
1464 1265 1748 1303 καταποικΐλαι
1779 1261 1846 1303 καὶ

292 1324 376 1370 τοῖς
414 1319 608 1374 ὀνόμασιν
645 1321 860 1376 εὐρύθμως
898 1322 963 1363 καὶ
1006 1329 1207 1376 μουσικῶς
1237 1323 1363 1363 εἰπεῖν
1405 1337 1520 1374 quem
1560 1337 1679 1364 usum
1711 1326 1847 1364 seruat

292 1383 459 1434 Dionys.
478 1382 609 1422 Halic.
634 1383 678 1421 in
704 1383 864 1435 scriptis
890 1384 1119 1424 rhetoricis:
1144 1384 1252 1424 locos
1272 1385 1476 1436 congessit
1496 1383 1536 1424 G.
1553 1383 1598 1425 G.
1617 1385 1846 1437 Kruegerus

292 1443 458 1495 Dionys.
484 1443 614 1483 Halic.
645 1444 1011 1496 historiographica
1048 1458 1086 1495 p.
1117 1445 1216 1485 476.
1266 1467 1322 1472 —
1369 1445 1429 1484 De
1473 1444 1596 1484 Ennii
1640 1445 1846 1484 annalium

293 1503 422 1556 gloria
452 1516 591 1543 uersus
621 1503 771 1543 Lucilii
800 1506 1078 1544 testimonium
1110 1507 1204 1545 sunt
1236 1507 1276 1544 et
1308 1506 1513 1557 egregium
1544 1507 1585 1544 et
1616 1506 1845 1556 antiquum:

293 1564 415 1603 Ennii
450 1564 747 1604 hemistichium
787 1559 938 1619 (annal.
967 1557 1053 1606 500
1072 1560 1129 1619 V)
1169 1558 1364 1605 ‘moribus
1404 1562 1599 1616 antiquis'
1638 1567 1845 1606 mutuatus

294 1626 355 1664 est
378 1624 423 1664 L.
442 1624 659 1664 Mummius
688 1624 816 1664 Carni.
843 1625 933 1664 Lat.
959 1626 1097 1677 Epigr.
1116 1626 1138 1664 I
1164 1627 1264 1675 248,
1291 1627 1315 1665 2
1337 1640 1375 1676 p.
1399 1626 1482 1665 116
1506 1626 1667 1676 Buech.,
1688 1628 1846 1666 saturas

294 1685 417 1723 Ennii
457 1684 558 1724 bene
600 1686 716 1724 nouit
759 1685 980 1725 Terentius.
1026 1707 1084 1712 —
1129 1682 1271 1738 [Recte
1314 1686 1392 1725 duo
1430 1686 1578 1726 Lucilii
1615 1687 1845 1739 fragmenta

295 1745 506 1784 constituit
537 1744 660 1784 etiam
691 1745 815 1784 Nonii
846 1745 977 1785 editor
1007 1746 1250 1786 nouissimus
1282 1745 1510 1797 Lindsayus
1541 1746 1567 1785 l.
1588 1759 1617 1786 s.
1640 1743 1688 1799 s.]

416 1799 526 1845 348.
560 1804 671 1851 Quae
697 1805 860 1845 Horatii
884 1806 1083 1856 interpres
1109 1806 1134 1845 l.
1155 1818 1184 1845 s.
1212 1805 1392 1856 adnotat,
1421 1820 1467 1845 ea
1492 1805 1693 1857 pertinere
1718 1805 1844 1846 mani-

292 1866 443 1904 festum
475 1866 536 1904 est
567 1865 619 1904 ad
651 1866 963 1917 orthographiae
994 1868 1210 1917 praecepta
1241 1866 1355 1906 Accii
1381 1879 1405 1905 a
1429 1866 1588 1906 Lucilio
1614 1866 1845 1918 uituperata

294 1938 342 1965 ea
385 1927 523 1966 satura
565 1925 660 1964 libri
684 1925 742 1964 IX
786 1926 898 1966 cuius
942 1926 1171 1979 fragmenta
1214 1927 1359 1966 abhinc
1403 1927 1588 1978 deinceps
1628 1929 1844 1978 composui.

292 1986 434 2026 Priora
461 1987 567 2024 enim
592 1986 819 2038 fragmenta
845 1987 896 2025 ad
921 1988 1187 2038 grammatica
1217 1989 1434 2039 praecepta
1458 1987 1571 2027 Accii
1603 1988 1669 2026 uel
1698 1988 1845 2027 Lucilii

292 2047 491 2097 pertinere
523 2045 630 2097 quod
659 2047 864 2086 nonnullis
896 2047 1068 2098 placuit,
1100 2047 1143 2085 id
1174 2048 1285 2086 nullo
1318 2049 1401 2087 stat
1433 2050 1670 2099 argumento
1701 2049 1844 2099 proba-

292 2106 365 2146 bili
407 2119 536 2157 neque
579 2109 686 2146 recte
731 2106 917 2146 arbitrati
962 2109 1056 2147 sunt
1098 2108 1245 2147 Lucilii
1295 2108 1467 2147 editores
1512 2109 1639 2159 egisse
1683 2110 1845 2160 poetam

291 2166 394 2206 libro
407 2167 464 2206 IX
484 2167 565 2206 alia
592 2166 640 2206 de
664 2180 713 2206 re
731 2167 816 2206 ulla
842 2169 1109 2219 grammatica
1127 2170 1288 2219 praeter
1307 2169 1647 2221 orthographiam.
1699 2168 1844 2215 Qualia

292 2227 517 2279 fragmenta
548 2227 644 2266 libri
666 2227 723 2266 IX
755 2240 840 2267 esse
872 2230 980 2267 certo
1013 2230 1182 2279 constat,
1215 2241 1262 2268 ea
1288 2230 1423 2268 omnia
1448 2229 1495 2267 de
1523 2229 1844 2280 orthographicis

292 2288 410 2327 rebus
429 2289 636 2327 continent
653 2289 869 2339 praecepta
889 2290 1040 2340 scripta
1058 2290 1165 2328 inter
1185 2302 1334 2328 annum
1356 2290 1440 2329 638
1445 2285 1466 2342 s
1477 2290 1553 2328 116
1577 2290 1617 2328 et
1642 2291 1843 2342 644s110.

292 2347 427 2398 Atque
473 2349 604 2398 primo
654 2347 703 2387 de
752 2348 959 2388 uocalibus
1010 2361 1033 2388 a
1084 2343 1141 2403 (u.
1170 2350 1252 2388 351
1289 2343 1436 2404 seqq.),
1469 2361 1507 2388 .e
1552 2344 1672 2404 (356.
1725 2345 1843 2404 357),

292 2409 308 2446 i
347 2402 642 2462 (358—370),
687 2421 733 2447 ae
779 2404 897 2462 (371.
945 2404 1068 2462 372),
1122 2409 1264 2449 deinde
1314 2409 1362 2448 de
1412 2411 1758 2461 praepositionum
1800 2411 1843 2449 in

293 2467 427 2507 uerbis
460 2469 692 2519 compositis
722 2469 1018 2508 mutationibus
1044 2471 1182 2521 egerat
1205 2469 1388 2508 Lucilius
1421 2464 1718 2523 (373—381):
1749 2483 1844 2508 nam

294 2529 416 2567 etiam
459 2529 642 2568 ablucilio
692 2522 818 2583 (373)
857 2529 1099 2568 uocabulum
1137 2543 1262 2568 unum
1300 2530 1359 2569 est
1396 2530 1480 2569 illis
1516 2529 1765 2581 temporibus
1804 2531 1844 2571 et

295 2589 575 2640 compositum,
591 2590 712 2628 sicuti
742 2589 869 2628 abluo.
924 2590 1067 2640 Itaque
1093 2591 1224 2641 primo
1251 2590 1313 2636 ab,
1338 2589 1431 2629 dein
1456 2589 1521 2638 ad,
1545 2601 1622 2638 per
1645 2591 1844 2629 tractarat

294 2649 627 2699 praepositiones:
665 2648 714 2688 de
753 2662 780 2700 q
817 2650 955 2688 littera.
992 2652 1252 2702 praeceptum
1290 2643 1418 2704 (382)
1463 2662 1544 2700 quo
1588 2650 1675 2689 loco
1719 2650 1844 2689 fuerit

293 2709 470 2759 positum
508 2721 588 2748 non
625 2710 749 2760 patet.
813 2708 979 2749 Secutus
1018 2712 1079 2750 est
1118 2712 1237 2762 poeta
1274 2711 1489 2762 praecepta
1528 2722 1630 2760 quae
1662 2711 1706 2748 in
1736 2710 1842 2749 ludis

294 2767 427 2807 doceri
445 2769 565 2808 solita
584 2771 680 2808 sunt
701 2769 890 2821 uulgaria
916 2771 1037 2809 sicuti
1062 2770 1342 2810 adnotauimus
1369 2770 1419 2809 ad
1444 2770 1553 2809 istud
1579 2769 1626 2808 de
1653 2783 1679 2820 q
1704 2770 1842 2809 littera

294 2828 566 2880 fragmentum
599 2829 682 2868 382
717 2830 758 2867 et
789 2829 841 2867 ad
871 2842 910 2868 u.
939 2830 1025 2868 364
1052 2842 1160 2881 seqq.
1221 2830 1392 2870 Accium
1431 2830 1504 2869 illo
1542 2831 1723 2881 tempore
1762 2843 1842 2881 quo

294 2888 474 2927 Lucilius
513 2890 598 2928 eius
635 2888 860 2928 doctrinam
903 2891 1161 2941 impugnauit
1197 2903 1278 2930 non
1318 2891 1493 2941 primum
1536 2892 1750 2941 praecepta
1793 2891 1841 2929 de

294 2948 544 3000 geminandis
574 2949 722 2988 litteris
754 2949 835 2989 alia
865 2949 1081 3000 protulisse
1113 2964 1159 2989 eo
1188 2950 1362 2990 efficitur
1386 2950 1493 3000 quod
1518 2951 1600 2988 iam
1625 2951 1668 2988 in
1692 2949 1843 3002 Popilii

294 3008 469 3047 miliario
516 3007 599 3048 CIL
631 3009 652 3048 I
685 3009 767 3048 551
816 3010 912 3048 anni
957 3005 1155 3063 622s‘132
1200 3011 1352 3062 legitur
1388 3012 1615 3059 paastores:
1658 3010 1748 3049 uide
1793 3011 1842 3050 de

1504 3077 1554 3113 9*
