2060 3444
254 233 354 268 XXII
597 236 982 269 SUPPLEMENTUM
1011 238 1193 270 (⁴Al‘1'rls
1219 239 1284 271 DF.
1311 240 1476 273 NONlo.

466 361 503 397 p.
538 348 606 396 37,
634 349 657 385 7
703 348 849 387 Maltas
892 349 1048 388 ueteres
1092 349 1231 389 molles
1275 350 1471 401 appellari
1516 352 1728 391 uoluerunt
1765 366 1788 392 a

341 406 508 454 Graeco,
552 407 667 457 quasi
712 408 900 447 malacus.
968 411 1178 448 Lucilius
1219 411 1298 449 lib.
1330 412 1507 450 XXVII
1544 406 1672 465 (732)
1705 409 1788 451 ...’

341 466 450 505 Idem
476 467 653 506 scholion
680 467 838 506 exhibet
863 467 1086 519 Porphyrio
1113 469 1165 508 ad
1183 469 1277 508 Hor.
1298 482 1411 509 serm.
1431 470 1451 509 I
1473 472 1511 520 2,
1533 472 1586 510 25
1615 467 1790 512 ‘maltha

342 527 447 564 enim
479 526 654 566 malacos
686 524 865 566 dicitur’.

466 600 502 636 p.
532 587 599 635 37,
622 589 671 625 11
702 582 833 640 (locus
860 601 888 626 s.
909 599 938 626 s.
961 582 1006 641 2)
1033 584 1344 641 ‘Monogrammi
1369 590 1467 629 dicti
1492 592 1586 629 sunt
1610 591 1789 631 homines
1859 629 1862 632 ,

340 645 465 684 macie
497 650 708 697 pertenues
740 660 784 686 ac
817 647 1034 687 decolores:
1066 646 1239 687 tractum
1259 656 1296 688 ‘a
1325 649 1496 700 pictura,
1527 663 1629 701 quae
1661 652 1787 701 prius-

340 718 459 756 quam
499 707 697 745 coloribus
736 709 988 758 corpora-tur,
1027 707 1168 747 umbra
1199 708 1376 760 fingitur.
1438 709 1617 750 Lucilius
1655 710 1723 750 lib.
1750 710 1788 750 11

340 760 438 818 (59)
459 761 563 804 “uix
585 767 678 805 uiuo
698 767 851 806 homini
872 780 916 806 ac
936 764 1285 819 monogrammo''.
1310 772 1369 808 nt
1385 765 1702 825 xxvn(725)
1717 801 1724 809 .
1742 802 1748 809 .
1765 767 1788 808 .’

463 839 501 876 p.
530 826 605 874 38,
639 827 692 865 26
738 821 868 879 (locus
901 839 928 866 s.
956 840 984 866 s.
1013 822 1059 881 3)
1099 825 1308 879 ‘Expirare
1353 828 1504 868 dictum
1541 831 1602 868 est
1637 830 1701 869 uel
1739 830 1789 870 ab

339 885 483 959 spiritu
528 886 672 954 effuso·
695 887 760 926 uel
804 886 1192 986 ablspirzminibus‘
1260 888 1438 987 Lulciltigs
1476 889 1544 989 1ἑὲ
1569 889 1630 928 111
1638 884 1790 990 Q

372 958 417 983 ex
469 958 577 984 irans
610 959 782 986 ammam
841 960 867 985 u
886 960 993 986 mom
1022 960 1069 986 us
1095 961 1142 986 ae
1172 961 1214 987 ei·
1238 961 1263 987 a
1292 961 1312 987 e
1341 961 1365 988 a
1420 979 1427 986 .
1542 961 1614 989 em

341 957 467 1059 (διὲξ)
490 1035 498 1043 .
519 1036 528 1044 .
550 1002 574 1043 .’
637 1005 739 1045 Vide
777 960 909 1046 loldum
948 1020 976 1046 s.
1004 1020 1033 1046 s.
1101 961 1325 1047 Sclioliasgta
1361 1008 1462 1060 legit
1498 1008 1590 1048 libri
1622 1009 1684 1048 III
1715 1009 1739 1048 1.
1760 1022 1789 1049 s.

339 1068 444 1104 recte
482 1066 704 1115 περῆν-αντε,
742 1067 784 1105 in
821 1067 943 1105 Nonii
976 1067 1129 1106 Lucilio
1168 1070 1254 1107 erat
1292 1069 1464 1108 exulans.
1526 1068 1640 1108 Vnde
1677 1070 1790 1120 patet

338 1125 540 1176 exemplar
557 1125 657 1164 illud
677 1126 784 1177 quod
805 1125 927 1166 libros
941 1127 1135 1166 I—XXII
1154 1128 1384 1167 continebat
1402 1129 1527 1168 fuisse
1547 1128 1712 1182 originis
1732 1129 1788 1168 di-

340 1197 475 1224 uersae
496 1187 616 1236 atque
637 1186 710 1225 hoc
730 1199 808 1237 quo
828 1186 1044 1226 scholiasta
1065 1187 1116 1226 ad
1135 1187 1258 1227 libros
1273 1188 1573 1227 XXVI—XXX
1589 1188 1789 1228 utebatur.

464 1259 501 1296 p.
523 1247 620 1294 394,
650 1247 702 1285 22
738 1241 866 1299 (locus
898 1259 926 1285 s.
954 1261 972 1286 s
1013 1242 1088 1300 73)
1128 1244 1339 1298 ‘Spurcum
1378 1249 1500 1287 etiam
1532 1248 1757 1288 fetidum..
1782 1280 1788 1286 .

339 1305 517 1343 Lucilius
549 1306 614 1345 lib.
637 1306 690 1344 XI
718 1301 845 1359 (398)
873 1336 881 1345 .
903 1337 911 1344 .
933 1337 941 1345 .
967 1310 1091 1347 idem
1121 1309 1199 1347 lib.
1225 1310 1427 1348 XXVIII
1459 1302 1586 1362 (798)
1607 1339 1614 1347 .
1636 1339 1644 1347 .
1667 1338 1674 1346 .

368 1364 476 1404 Haec
508 1366 635 1418 igitur
666 1379 713 1405 ex
745 1366 903 1406 scholiis
934 1366 1127 1406 librorum
1154 1367 1454 1407 XXVI—XXX
1486 1368 1676 1407 uidentur
1707 1381 1790 1408 csse

248 1425 394 1474 petita:
427 1425 572 1476 ubique
605 1426 846 1465 antecedunt
876 1439 1016 1466 uersus
1048 1428 1166 1477 petiti
1198 1440 1243 1466 ex
1276 1427 1388 1467 libris
1419 1428 1625 1467 I—XXII.
1637 1423 1668 1482 ¹)

368 1485 586 1524 Duodecim
612 1485 709 1525 locis
736 1481 794 1539 (1.
823 1487 860 1525 5.
889 1488 925 1525 9.
957 1489 1022 1526 13.
1053 1489 1118 1525 19.
1147 1488 1215 1526 34.
1243 1487 1310 1526 38.
1339 1489 1406 1527 39.
1434 1489 1502 1527 41.
1529 1489 1596 1527 44.
1625 1490 1692 1527 58.
1715 1483 1789 1543 71)

249 1544 372 1583 uerba
409 1543 556 1584 Lucilii
594 1547 805 1585 coniuncta
842 1549 936 1585 sunt
972 1560 1062 1586 cum
1100 1547 1334 1599 fragmentis
1372 1550 1599 1587 saturarum
1637 1547 1788 1600 Menip-

248 1617 410 1655 pearum
452 1604 663 1654 Varronis,
704 1605 806 1644 unde
845 1607 1020 1657 suspicio
1058 1607 1188 1645 oritur
1224 1619 1307 1646 esse
1346 1620 1392 1646 ea
1430 1610 1591 1658 sumpta
1627 1622 1648 1647 e
1686 1621 1787 1648 com-

248 1666 443 1703 mentm-io
471 1666 711 1705 enarratoris
730 1666 875 1705 similis
901 1667 985 1706 eius
1011 1680 1129 1717 quem
1155 1669 1348 1706 memorat
1370 1666 1523 1707 Gellius
1543 1667 1640 1706 XIII
1662 1670 1729 1717 31,
1753 1670 1788 1707 1.

250 1725 408 1764 Etenim
456 1726 552 1764 'loco
607 1728 626 1764 1
681 1728 970 1766 commentator
1019 1726 1181 1766 uidetur
1229 1726 1519 1767 demonstrasse
1568 1727 1789 1768 Varronem

248 1784 450 1823 imitatum
495 1798 580 1825 esse
617 1785 834 1836 Lucilium3
879 1787 917 1825 5.
953 1788 1018 1826 19.
1052 1787 1119 1826 39.
1154 1788 1221 1826 41.
1257 1788 1308 1826 71
1331 1787 1401 1826 ad
1438 1787 1561 1826 uerba
1597 1787 1790 1827 Varronis

249 1844 486 1895 explicanda
529 1846 752 1885 afferuntur
794 1846 940 1885 similia
978 1846 1141 1895 Lucilii,
1184 1859 1262 1885 non
1307 1847 1464 1886 eadem:
1507 1846 1701 1886 infantior
1734 1869 1787 1874 -—

248 1905 364 1955 pueri
395 1906 580 1954 infantes,
612 1905 762 1944 difficul
796 1928 853 1933 —-
886 1906 1004 1955 facul,
1036 1906 1182 1957 popino
1216 1928 1270 1933 —
1304 1907 1466 1959 popina,
1499 1908 1705 1959 rapinator

248 1966 436 2015 rapister,
479 1968 605 2004 meret
635 1987 693 1993 -—
726 1965 1038 2005 mercedimerus.
1107 1966 1289 2018 Denique
1333 1980 1381 2006 ne
1426 1967 1535 2019 longi
1580 1967 1701 2007 simus
1740 1967 1788 2006 de

247 2025 462 2064 scholiasta
489 2025 740 2065 Varroniano
772 2028 954 2066 constare
987 2026 1229 2066 arbitramur
1261 2027 1329 2076 eis,
1362 2040 1463 2077 quae
1495 2027 1545 2066 ad
1580 2029 1634 2067 24
1667 2039 1789 2078 supra

248 2085 428 2135 exposita
460 2088 563 2124 sunt.
624 2086 682 2124 De
715 2085 882 2138 Vergilii
916 2086 1199 2126 commentario
1231 2085 1299 2137 eis,
1332 2099 1436 2137 quae
1468 2086 1518 2125 ad
1552 2089 1606 2126 22
1638 2087 1787 2126 indica-

248 2134 393 2194 uimus,
420 2145 538 2196 plura
564 2145 655 2184 addi
683 2148 865 2196 oportere
892 2148 1203 2186 consentaneum
1227 2148 1298 2185 est.
1349 2146 1486 2185 Veluti
1511 2146 1615 2197 quod
1641 2146 1789 2199 legitur

248 2218 285 2254 p.
309 2206 405 2254 143,
432 2206 485 2244 31
529 2202 688 2245 ‘numen
726 2218 799 2257 pro
830 2209 984 2245 ornatu.
1045 2205 1247 2258 Vergilius
1278 2206 1476 2246 Aeneidos
1506 2206 1574 2245 lib.
1594 2205 1635 2245 II
1661 2200 1786 2260 (396)

248 2260 465 2304 “uadimus
503 2265 662 2305 inmixti
694 2265 845 2305 Danais
881 2266 987 2305 haud
1023 2265 1185 2305 numine
1217 2262 1385 2306 nostro”
1402 2263 1414 2281 ’
1446 2278 1526 2306 non
1558 2267 1788 2317 corruptum

248 2327 308 2364 est
338 2328 479 2364 ornatu
505 2347 562 2352 -
590 2328 882 2376 proposuerunt
911 2329 1026 2366 oram
1055 2327 1218 2375 fortuna
1248 2329 1347 2365 meta
1377 2348 1445 2375 —,
1476 2326 1544 2366 sed
1576 2325 1787 2365 deductum

247 2398 293 2422 ex
327 2384 585 2424 adnot-atione
619 2386 778 2436 qualem
806 2385 968 2425 Seruius
1001 2386 1051 2424 ad
1083 2385 1108 2424 l.
1129 2398 1158 2424 s.
1179 2398 1208 2426 s.
1242 2386 1422 2425 seruauit
1454 2383 1565 2437 ‘quia
1596 2386 1637 2425 in
1663 2387 1786 2426 scutis

248 2443 486 2483 Graecorum
531 2445 760 2496 Neptunus,
804 2445 846 2485 in
890 2445 1151 2485 Troianorum
1197 2446 1330 2485 fuerat
1368 2445 1552 2485 Minerua
1594 2442 1787 2497 depicta’:

247 2504 460 2543 induerant
502 2504 692 2544 uidelicet
735 2506 898 2544 Troiani
941 2508 1056 2544 scuta
1099 2505 1340 2545 Graecorum
1385 2501 1503 2559 (392.
1537 2500 1654 2559 412).
1723 2505 1787 2545 Ad

247 2564 416 2616 Vergilii
456 2566 783 2604 commentarium
819 2567 1017 2616 pertinere
1049 2566 1158 2605 dicas
1189 2566 1319 2605 locum
1353 2566 1427 2604 69:
1464 2565 1622 2616 reliqua
1653 2567 1787 2606 omnia

247 2626 342 2663 sunt
371 2623 533 2664 incerta.

370 2751 402 2795 1)
423 2750 745 2806 ‘Vbicumque-in
782 2751 915 2786 tabula
953 2751 1148 2807 proposi-ta
1184 2750 1352 2807 prolegg.
1385 2764 1420 2797 p.
1450 2751 1667 2807 1325xxvln
1681 2763 1782 2797 seqq.

248 2798 322 2832 duo
348 2809 368 2833 e
394 2797 542 2834 diuerso
563 2798 697 2834 Lucilu
724 2810 877 2845 corpore
902 2799 976 2835 loci
1000 2801 1112 2854 petiti
1138 2799 1198 2854 ad.
1214 2799 1311 2854 iden]
1340 2801 1504 2854 appositi
1530 2800 1618 2835 sunt
1636 2799 1784 2855 lemma,

249 2847 408 2891 apparet
431 2846 530 2882 hanc
555 2846 855 2883 coniunctionem
881 2846 961 2882 fieri
987 2849 1054 2882 aut
1078 2859 1117 2882 m
1142 2858 1329 2893 principio
1355 2848 1527 2883 ordinum
1551 2849 1618 2883 aut
1636 2859 1676 2883 m
1695 2847 1784 2883 fine:

248 2893 1075 2989 {sss-..3232-133.1.i³1}.·m¹².⁵...3‚‘33..{‘313‚·
1097 2898 1403 2979 {affixe
1423 2899 1502 2931 ³⁶²·
1530 2898 1617 2939 ‘¹⁹⁷³
1648 2907 1684 2941 Ρ·
1706 2899 1784 2931 ¹⁸¹·
