2060 3444
267 290 353 334 266
878 286 1030 323 XXVIII
1054 298 1090 322 u.
1119 289 1197 322 742.

906 450 1158 507 XXVIII.

383 558 500 597 Noua
530 559 658 596 metra
690 558 848 596 saturae
886 557 1050 595 conatus
1088 556 1149 594 est
1184 556 1304 605 poeta
1339 553 1563 606 iniungere,
1599 552 1799 592 senarium

266 618 479 658 iambicum
511 619 550 656 et
581 618 852 655 hexametrum
884 616 1132 666 dactylicum.
1184 615 1326 653 Tribus
1358 614 1505 654 saturis
1535 613 1683 652 librum
1707 625 1798 651 con-

268 679 416 718 stitisse
454 678 705 727 exposuimus
746 676 922 727 prolegg.
953 689 990 726 p.
1019 674 1116 714 CXI.
1186 674 1374 713 Saturam
1416 673 1651 723 septenariis
1694 685 1807 711 com-

265 739 439 788 positam
465 738 719 776 antecessisse
745 737 919 775 senarios
944 735 1137 786 probatur
1156 734 1292 773 ordine
1311 747 1376 772 uu.
1400 734 1496 772 747.
1518 734 1541 772 7
1548 734 1614 772 62
1645 731 1798 771 Heroos

266 798 408 836 ultimo
439 797 524 836 loco
556 798 673 846 posui
703 809 812 835 mera
843 796 1070 834 coniectura
1100 807 1205 833 usus.
1267 794 1418 833 Tamen
1447 793 1553 832 idem
1585 793 1671 831 erat
1701 790 1798 831 ordo

265 859 307 896 in
337 858 440 896 libro
466 857 612 905 XXIX,
647 858 690 894 in
723 869 800 906 quo
831 857 959 894 metra
989 855 1063 894 hoc
1093 854 1230 894 ordine
1272 855 1386 892 erant
1423 853 1634 903 disposita·
1671 852 1797 902 septe·

262 918 373 956 narii
404 916 548 956 senarii
578 917 815 965 hexametri,
853 915 1070 965 septenarii
1101 914 1247 953 senarii
1281 926 1379 964 quos
1415 914 1562 952 iterum
1599 912 1800 962 excipiant

265 977 486 1016 hexametri
516 976 609 1014 libri
635 976 754 1014 XXX.
821 974 955 1025 Atque
986 975 1138 1025 primae
1171 975 1329 1012 saturae
1367 968 1531 1026 (742—
1481 966 1643 1024 —750)
1682 984 1799 1022 argu-

267 1038 446 1075 mentum
478 1036 595 1087 quale
626 1035 760 1084 fuen't,
791 1048 870 1074 non
901 1035 1028 1073 uideo.
1077 1034 1124 1072 In
1157 1034 1336 1083 sequenti
1361 1035 1498 1072 satura
1524 1025 1798 1086 (751-793)

266 1097 394 1147 primo
419 1090 694 1149 (751—756)
727 1094 958 1134 conuiuium
988 1093 1224 1134 describitur
1253 1094 1405 1132 factum
1435 1092 1615 1140 Athenis,
1646 1091 1688 1129 in
1720 1103 1798 1140 quo

268 1156 315 1194 de
346 1156 600 1206 philosophia
632 1156 746 1193 erant
775 1166 973 1194 sermones
1006 1155 1046 1192 et
1077 1154 1124 1192 de
1156 1152 1402 1203 philosophis
1433 1151 1593 1200 Atticis,
1624 1151 1671 1190 de
1697 1150 1798 1190 Aca·

267 1216 419 1254 demiae
457 1215 682 1254 doctoribus
720 1216 760 1253 et
797 1214 844 1252 de
881 1214 1064 1263 Epicuro.
1134 1212 1280 1252 Satura
1324 1213 1517 1263 epistulae
1560 1212 1704 1250 missae
1748 1210 1799 1249 ad

267 1275 438 1314 amicum
475 1276 598 1313 fuisse
635 1274 795 1312 uidetur
831 1273 974 1313 similis
1012 1266 1297 1327 (757—763).
1368 1272 1469 1310 Tum
1512 1271 1554 1309 in
1598 1272 1653 1309 eis
1697 1283 1798 1321 quae

268 1336 447 1385 proxima
480 1336 572 1373 sunt
604 1328 879 1387 (773—793)
913 1334 1045 1385 agitur
1082 1333 1128 1371 de
1166 1333 1304 1371 domus
1343 1331 1634 1383 expugnatione
1671 1329 1800 1369 cuius-

267 1394 378 1443 dam,
422 1394 468 1433 de
505 1394 653 1432 iudicio
692 1394 739 1432 de
776 1394 819 1431 ui
857 1393 962 1443 quod
998 1392 1205 1431 immineat
1241 1392 1284 1430 ni
1319 1391 1501 1430 fallimur
1535 1392 1677 1441 poetae
1719 1390 1799 1457 ipsi

269 1455 432 1504 eiusque
470 1455 642 1502 asseclis,
680 1453 728 1492 de
753 1453 785 1491 L
769 1453 858 1503 lupi
884 1453 1119 1502 quaesitoris
1145 1451 1323 1491 saeuitia.
1375 1450 1452 1497 Qui
1475 1451 1629 1489 restant
1653 1449 1800 1489 senarii

267 1508 559 1568 (764—772)‚
597 1513 760 1552 dubium
799 1513 859 1552 est
896 1526 975 1563 quo
1013 1513 1250 1563 pertineant.
1320 1510 1467 1550 Satura
1502 1509 1626 1549 tertia
1667 1509 1798 1548 herois

266 1573 444 1613 uersibus
477 1586 578 1624 quae
610 1574 696 1612 erat
727 1573 948 1624 composita
979 1567 1252 1626 (794—801)
1284 1570 1430 1610 Accius
1461 1569 1709 1621 carpebatur.

1010 1705 1046 1742 1.

389 1771 497 1817 742.
528 1777 682 1816 Nonius
713 1790 751 1827 p.
780 1777 877 1826 237,
904 1775 927 1814 6
969 1772 1204 1814 ‘Autumare
1245 1775 1306 1814 est
1347 1774 1476 1814 dicere
1509 1804 1516 1812 .
1545 1803 1552 1811 .
1581 1803 1588 1811 .
1621 1772 1799 1812 Lucilius

266 1836 333 1875 lib.
353 1836 526 1875 XXVIII
552 1833 794 1876 “socratium
818 1835 912 1885 quid
931 1838 1019 1874 ante
1039 1829 1117 1888 (ita
1137 1834 1170 1874 G
1189 1849 1240 1874 m.
1263 1837 1301 1883 1,
1326 1835 1421 1883 quid
1439 1835 1556 1873 dante
1574 1833 1606 1872 L
1627 1831 1661 1872 G
1679 1847 1730 1871 m.
1753 1827 1798 1887 2)

267 1898 437 1947 tyranno
483 1898 635 1936 misisse
685 1890 877 1949 (mississe
905 1890 960 1949 G)
997 1894 1249 1946 Aristippum
1298 1889 1568 1933 autumant''.'
1630 1892 1799 1932 Versum

268 1957 434 2006 apparet
483 1968 566 1995 esse
610 1955 866 2006 quadratum:
910 1955 1083 1994 senarios
1126 1954 1403 1993 Lachmannus
1447 1954 1543 1993 fecit
1592 1953 1798 1991 comment.

267 2016 420 2054 Lucret.
447 2029 484 2066 p.
515 2016 610 2054 170.
671 2014 911 2054 Socraticum
952 2015 1057 2053 recte
1099 2013 1255 2052 Iunius:
1298 2013 1374 2051 hoc
1418 2013 1523 2051 enim
1567 2013 1799 2062 cognomine

268 2076 402 2114 ornari
445 2075 546 2113 solet
588 2073 819 2124 Aristippus
862 2074 991 2112 ueluti
1030 2071 1107 2111 Cic.
1140 2073 1254 2112 Tusc.
1279 2072 1321 2111 Π
1349 2073 1401 2111 15
1442 2073 1555 2122 epist.
1581 2071 1638 2109 IX
1665 2072 1733 2120 26,
1761 2073 1797 2109 2.

267 2136 382 2173 misse
414 2133 596 2172 Guietus:
628 2133 695 2172 lib.
721 2133 763 2172 H
787 2147 823 2171 11.
853 2134 906 2171 57
939 2134 1107 2171 inuasse.
1165 2131 1312 2171 Contra
1342 2131 1532 2170 traditam
1561 2131 1799 2182 scripturam

269 2192 446 2232 defendit
484 2192 716 2232 Skutschius
752 2193 851 2232 Mus.
878 2193 1001 2231 Rhen.
1028 2192 1198 2231 XLVIII
1226 2193 1338 2231 1893
1371 2206 1407 2242 p.
1437 2185 1520 2231 305
1567 2203 1657 2230 cum
1699 2190 1799 2242 legit

268 2240 519 2301 Aristippwm
550 2254 732 2303 correpta
763 2253 906 2291 azltera
939 2252 1006 2291 sed
1036 2253 1136 2291 talia
1167 2252 1347 2302 exempla
1378 2264 1524 2303 augere
1554 2250 1676 2289 nolim
1709 2262 1799 2289 cum

268 2312 479 2351 admodum
512 2314 591 2352 sint
621 2325 713 2352 rara
740 2325 811 2351 nec
836 2313 920 2351 ulla
944 2313 1009 2351 hic
1034 2302 1208 2351 adfuerit
1231 2312 1373 2363 poetae
1398 2311 1515 2351 huius
1541 2310 1798 2361 correptionis

268 2373 492 2421 necessitas,
522 2373 644 2411 fuerit
675 2372 801 2411 omnis
832 2372 1002 2411 facultas
1032 2371 1198 2411 uitandi.
1250 2370 1353 2417 Quid
1383 2370 1614 2425 Aristippus
1645 2369 1799 2409 miserit

268 2433 438 2482 tyranno
463 2432 635 2471 traditur
659 2431 775 2484 Diog.
800 2432 933 2471 Laert.
955 2431 997 2470 II
1024 2432 1077 2471 83
1110 2433 1188 2470 Τοῦ
1220 2428 1262 2470 δὲ
1286 2432 1546 2484 Κυρηναικοῦ
1572 2427 1798 2481 φιλοσόφου

269 2489 425 2544 φέρεται
461 2491 606 2543 βυβλία
641 2491 728 2544 τρία
765 2489 836 2543 μὲν
875 2491 1046 2544 ἱστορίας
1081 2496 1159 2530 τῶν
1195 2489 1292 2529 κατὰ
1329 2489 1493 2542 Λιβύην
1530 2486 1798 2540 ἀπεσταλμένα

268 2550 482 2606 Διονυσίῳ,
507 2551 556 2590 ἲν
588 2549 630 2590 δὲ
655 2554 749 2590 κτλ.ε
779 2564 898 2601 porro
929 2552 1172 2590 memoratur
1202 2549 1308 2602 χρεία
1332 2548 1430 2603 πρὸς
1455 2548 1671 2589 Διονύσιον
1696 2549 1797 2588 eius-

269 2610 358 2649 dem
387 2611 613 2661 philosophi
637 2611 662 2649 1.
689 2623 717 2650 s.
746 2611 812 2649 84.
881 2610 1071 2650 Attamen
1113 2609 1325 2649 uerborum
1367 2608 1586 2649 similitudo
1630 2612 1797 2659 tyranno

268 2671 417 2709 misisse
454 2672 494 2709 et
530 2668 796 2722 ἀπεσταλμένα
827 2670 1027 2726 Διονυσίῳ
1067 2671 1279 2720 utrumque
1311 2669 1543 2720 scriptorem
1576 2669 1623 2708 de
1660 2668 1797 2708 eadem

268 2743 309 2767 re
341 2729 508 2768 eundem
538 2731 650 2780 sequi
681 2731 882 2769 auctorem
912 2730 1072 2769 indicat.
1134 2730 1275 2780 Itaque
1313 2729 1360 2767 de
1396 2728 1574 2768 historiis
1610 2727 1692 2767 illis
1730 2729 1797 2779 agi

226 2787 232 2791 ’
268 2788 524 2839 probabilius.
584 2789 643 2828 De
677 2789 818 2840 quibus
850 2790 955 2840 quod
991 2789 1170 2828 Lucilius
1209 2789 1347 2828 scribit
1383 2789 1543 2838 quidam
1580 2789 1796 2833 autumant,

268 2848 309 2885 id
339 2861 423 2887 rem
448 2848 609 2887 dubiam
635 2851 675 2888 et
700 2850 929 2900 ambiguam
953 2849 1128 2888 indicare
1153 2849 1328 2888 uidetur:
1360 2850 1401 2887 et
1423 2861 1562 2888 reuera
1587 2848 1655 2886 ille
1680 2860 1797 2897 quem

269 2907 465 2958 Diogenes
490 2909 515 2947 l.
542 2921 569 2947 s.
598 2909 652 2947 85
690 2909 816 2948 tradit
851 2909 970 2948 index
1006 2907 1104 2948 κατὰ
1142 2906 1183 2947 δὲ
1221 2908 1412 2947 Σωτίωνα
1449 2906 1491 2947 ἐν
1528 2904 1693 2962 δευτέρῳ
1730 2904 1797 2945 καὶ

271 2966 489 3006 Παναίτιον
521 2966 623 3006 ἔστιν
655 2967 760 3007 αὐτῶ
793 2967 1072 3022 συγγράμματα
1097 2967 1186 3007 τάδε
1211 2970 1289 3007 κτλ.
1322 2967 1475 3006 omittit
1498 2967 1698 3016 historias,
1729 2965 1797 3004 sed

271 3025 427 3067 exhibet
451 3032 588 3080 χρειῶν
612 3027 699 3081 τρία
726 3009 906 3082 <Panaet.
926 3028 1067 3079 fragm.
1090 3028 1142 3066 51
1164 3027 1353 3067 Fowleri:
1379 3027 1474 3066 conf
1489 3026 1633 3065 Zelleri
1654 3025 1796 3077 philos.
