2060 3444
774 310 903 350 incert.
932 309 1009 351 sed.
1035 324 1070 349 u.
1100 316 1204 349 1215.
1675 307 1763 356 385

195 422 325 466 ’8111113
360 422 532 481 (Probus
564 426 638 466 GL
664 426 722 465 IV
753 441 791 478 p.
815 428 912 477 155,
941 427 1047 466 19Κ
1081 427 1292 467 Cledonius
1326 426 1400 466 GL
1420 427 1457 465 V
1483 440 1519 478 p.
1543 428 1612 477 21,
1641 428 1693 466 19
1708 421 1764 480 Κ)

217 487 316 527 Mar.
342 486 443 526 Plot.
472 485 629 526 Sacerd.
657 485 730 526 GL
757 487 815 526 VI
846 501 884 538 p.
906 488 1005 537 450,
1034 488 1086 527 16
1103 487 1139 526 Κ
1172 484 1260 539 ‘per
1285 487 1487 536 aduerbia,
1520 499 1566 527 ac
1597 488 1631 526 si
1656 486 1765 527 dicas

218 543 305 586 “ite
342 542 482 586 intus'’
521 559 594 598 pro
631 548 756 597 intro,
794 548 859 587 uel
899 544 1057 587 “estote
1095 544 1234 587 intro''
1276 560 1349 598 pro
1386 548 1513 586 intus:
1550 560 1622 597 per
1653 560 1765 598 prae-

216 606 434 659 positiones
465 619 512 647 ac
537 609 572 647 si
598 605 706 647 dicas
740 604 880 659 “apud
905 607 1020 646 illum
1046 604 1184 648 uado'’
1203 604 1229 646 ’:
1261 607 1357 647 conf
1378 606 1501 658 Capri
1526 608 1595 657 qui
1621 606 1768 646 dicitur

216 667 518 707 antibarbarum
556 666 631 707 GL
657 667 736 707 VH
767 682 805 720 p.
829 669 902 717 92,
930 668 967 707 5.
1003 670 1106 717 110,
1135 667 1221 707 7K.
1291 666 1486 707 Similiter
1529 667 1766 706 Ammonius

216 725 334 767 ἔνδον
365 725 432 767 καὶ
464 725 538 768 ἔσω
570 725 759 779 διαφέρει·
798 726 916 768 ἔνδον
954 725 1026 779 μὲν
1057 726 1132 781 γὰρ
1167 726 1210 768 τὸ
1247 726 1290 767 ἐν
1320 726 1427 783 τόπῳ
1460 727 1659 780 σημαίνει,
1690 726 1765 767 ἔσω

216 784 258 827 δὲ
296 786 338 827 τὸ
376 786 432 835 εἰς
468 786 590 828 τόπον
628 790 706 827 κτλ.
746 783 802 843 (p.
838 788 894 828 50
925 783 1217 842 Valckenaer.).
1280 786 1450 828 Graecos
1482 800 1766 839 saepenumero

218 847 409 887 aduersus
440 847 543 887 hanc
574 848 756 901 regulam
787 848 1030 888 commisisse
1062 848 1258 888 adnotant
1296 848 1485 887 editores:
1518 848 1615 888 conf
1641 847 1767 899 Phry-

217 907 357 947 nichus
395 921 433 959 p.
463 909 546 947 127
592 907 782 948 Lobeckii
820 909 904 948 206
944 908 1238 960 Rutherfordii,
1282 909 1378 948 item
1418 907 1586 947 Latinos
1628 908 1767 948 fecisse

214 967 396 1008 indicant
431 968 577 1007 lexica:
617 965 713 1008 ‘iam
751 969 911 1008 ducitur
940 965 1064 1008 intus’
1099 967 1214 1008 Ouid.
1240 970 1334 1008 met.
1366 969 1397 1006 X
1423 969 1520 1008 457.
1585 967 1767 1007 Adnotat

216 1028 264 1068 de
304 1027 451 1068 Lucilii
488 1028 669 1068 uersibus
707 1029 843 1068 Dousa
881 1029 933 1068 ad
963 1029 1023 1068 IX
1050 1031 1124 1068 12:
1163 1026 1232 1068 ‘Et
1268 1029 1340 1068 hos
1379 1029 1695 1068 absolutissimos
1727 1031 1768 1067 et

217 1089 557 1141 elegantissimos.
578 1102 734 1140 uersus,
778 1092 826 1128 ut
867 1089 1018 1130 multas
1061 1089 1164 1129 alias
1207 1089 1325 1129 huius
1371 1089 1518 1129 Poetae
1564 1089 1767 1139 reliquias,

216 1149 403 1188 debemus
440 1150 587 1189 ueteris
625 1149 770 1189 codicis
810 1148 982 1189 Charisii
1017 1149 1271 1202 benignitati.
1335 1161 1434 1200 quos
1471 1151 1608 1188 tamen
1644 1148 1768 1188 Pater

215 1222 288 1260 pro
330 1209 479 1248 iudicio
520 1222 591 1249 suo
628 1209 787 1250 refinxit
812 1241 821 1249 .
844 1242 880 1249 ..
908 1210 959 1250 ad
996 1210 1102 1249 hunc
1147 1212 1282 1249 autem
1325 1209 1474 1248 librum
1514 1209 1766 1260 pertinuisse,

215 1282 279 1308 res
309 1270 398 1320 ipsa
434 1269 584 1309 indicio
621 1271 681 1309 est
718 1267 861 1309 nobis'.
924 1270 1045 1309 Libro
1077 1270 1134 1308 IX
1174 1271 1294 1309 multi
1323 1271 1416 1321 post
1446 1269 1625 1309 Dousam
1657 1270 1765 1322 frag—

215 1331 394 1368 mentum
436 1330 681 1380 tribuerunt,
724 1329 890 1380 iniuria,
933 1343 1027 1369 nam
1071 1330 1119 1369 de
1158 1330 1446 1382 orthographia
1483 1330 1586 1369 nihil
1623 1330 1665 1368 in
1702 1329 1765 1368 his

215 1389 395 1429 uersibus
446 1391 598 1442 agitur,
648 1390 717 1430 sed
769 1390 817 1430 de
861 1390 1092 1431 soloecismo
1137 1385 1249 1445 (uide
1279 1390 1344 1429 ad
1387 1390 1525 1430 incert.
1552 1404 1589 1429 11,
1620 1384 1766 1443 1100).

216 1450 352 1489 Etiam
377 1451 420 1488 in
445 1450 643 1501 scriptura
669 1463 804 1490 omnes
830 1450 1010 1491 Dousam
1035 1452 1161 1490 secuti
1187 1452 1280 1490 sunt
1300 1451 1371 1502 qui
1393 1450 1553 1490 exhibet
1573 1446 1648 1505 (IX
1672 1445 1766 1504 12):

218 1507 335 1549 ‘Nam
373 1511 487 1550 uelut
523 1511 630 1550 intro
669 1511 779 1551 aliud
816 1511 934 1564 longe
972 1524 1056 1551 esse
1094 1513 1216 1562 atque
1253 1507 1359 1551 intu'
1401 1510 1600 1560 uidemus,
1646 1510 1702 1550 sic
1735 1512 1769 1549 et

216 1566 359 1622 “apud
378 1567 450 1610 te”
471 1571 590 1623 longe
610 1571 694 1611 alid
713 1574 767 1611 est
785 1584 914 1622 neque
932 1572 1035 1611 idem
1060 1572 1170 1611 ualet
1197 1568 1281 1610 “ad
1306 1568 1394 1611 te'':
1418 1571 1526 1610 intro
1552 1583 1624 1610 nos
1649 1572 1767 1609 uocat

218 1629 268 1670 ad
301 1643 397 1681 sese,
427 1632 539 1670 tenet
569 1631 677 1670 intus
709 1633 818 1680 apud
847 1628 915 1671 se'.
979 1632 1131 1671 Tamen
1163 1631 1260 1682 quid
1290 1631 1332 1670 in
1372 1631 1506 1671 codice
1539 1629 1768 1670 Coloniensi

216 1691 356 1740 fuerit,
388 1691 414 1730 l.
434 1703 463 1730 s.
484 1704 512 1731 s.
545 1692 709 1730 minime
746 1691 899 1731 indicat
941 1691 1095 1732 Dousa:
1126 1691 1280 1731 indicat
1322 1693 1480 1742 patrem
1517 1702 1657 1730 uersus
1695 1703 1766 1730 suo

216 1750 364 1790 iudicio
430 1750 642 1791 refluxisse.
704 1751 847 1803 Itaque
899 1752 1047 1791 rectius
1104 1753 1181 1791 erit
1236 1751 1314 1790 niti
1368 1751 1599 1790 testimonio
1649 1752 1767 1789 unius

216 1810 475 1862 Neapolitani
511 1811 554 1850 in
594 1811 773 1851 uersibus
811 1813 1019 1862 corruptis.
1088 1811 1136 1851 V.
1166 1813 1278 1852 1216
1312 1812 1403 1851 item
1447 1810 1603 1850 addidit
1639 1809 1766 1850 Lach-

219 1883 401 1921 mannus,
433 1874 469 1911 et
497 1871 644 1911 Dousa.
700 1871 812 1911 Idem
843 1872 981 1911 Dousa
1012 1872 1121 1922 apud
1152 1875 1186 1912 te
1216 1873 1326 1922 lonjqe
1358 1872 1442 1911 alid
1474 1874 1539 1917 est,
1571 1883 1643 1910 sua
1676 1883 1766 1910 con-

216 1932 369 1971 iectura
399 1931 448 1978 ,in
485 1932 569 1972 alid
605 1933 735 1973 forma
772 1945 866 1972 usus
904 1934 950 1971 ut
986 1932 1158 1972 uidetur.
1226 1932 1536 1983 Neapolitanus:
1580 1931 1691 1980 apud
1727 1943 1768 1970 se

218 1992 328 2042 lon-92
359 1993 471 2032 aliud
503 2004 593 2031 esse.
649 1992 736 2044 Ego
768 1993 878 2042 apud
909 1995 943 2031 te
975 2005 1064 2032 cum
1095 1992 1244 2043 Dousa,
1275 1994 1484 2044 praeterea
1515 1992 1627 2030 aliud
1658 1992 1767 2040 lonye

219 2054 274 2091 est
304 2051 457 2102 scripsi,
489 2052 609 2092 sicuti
641 2052 856 2092 collocauit
887 2064 1008 2092 uersu
1032 2053 1164 2104 priore
1189 2052 1312 2092 uerba
1341 2054 1381 2091 et
1405 2052 1474 2091 lib.
1494 2051 1589 2090 XVI
1608 2065 1645 2090 u.
1669 2051 1766 2091 531.

216 2123 340 2161 neque
370 2112 473 2151 idem
502 2112 609 2152 ualet
638 2113 692 2152 ad
721 2124 762 2152 se
793 2112 1073 2153 Lachmannus
1102 2113 1185 2162 alii,
1218 2113 1355 2152 eodem
1380 2112 1498 2151 modo
1524 2112 1606 2150 fere
1631 2111 1767 2150 Dousa

221 2171 435 2222 scripserat
466 2172 544 2212 nisi
577 2173 683 2223 quod
713 2172 860 2212 rectius
886 2174 940 2213 ad
965 2176 999 2213 tc
1023 2173 1177 2224 posuit:
1208 2185 1303 2212 nam
1328 2174 1451 2212 etiam
1475 2171 1768 2223 Neapolitanus

219 2243 302 2281 neq.
335 2233 468 2272 eadem
492 2233 599 2272 ualet
621 2234 675 2272 ad
699 2235 734 2272 te
759 2246 850 2272 cum
874 2233 1077 2284 praebeat,
1103 2232 1379 2272 Coloniensem
1404 2232 1571 2271 eandem
1596 2233 1766 2282 scriptu-

218 2303 304 2330 ram
350 2291 536 2332 habuisse
587 2294 708 2343 atque
759 2293 1075 2344 Neapolitanum
1125 2293 1308 2333 conicias.
1382 2292 1430 2332 In
1480 2305 1599 2332 uersu
1652 2293 1765 2331 1217

220 2353 378 2391 secutus
410 2364 496 2391 sum
529 2352 704 2392 codicem
734 2353 793 2392 N:
831 2352 938 2404 quod
968 2353 1106 2393 Dousa
1141 2353 1262 2393 habet
1301 2350 1423 2392 ‘intro
1461 2365 1534 2392 nos
1565 2354 1686 2391 uocat
1717 2351 1767 2391 ad

220 2423 316 2462 sese,
347 2413 458 2451 tenet
488 2412 596 2453 intus
628 2412 735 2464 apud
767 2409 824 2452 se'
851 2414 1008 2464 patrem
1038 2414 1123 2452 eius
1149 2412 1369 2464 scripturae
1394 2412 1581 2452 habuisse
1607 2412 1768 2450 uidetur

219 2473 441 2522 auctorem,
481 2485 560 2512 non
603 2472 777 2512 codicem
822 2471 1106 2513 Coloniensem.
1175 2485 1294 2512 uocas
1336 2472 1628 2523 pyrrhichium,
1674 2471 1769 2510 licet

219 2531 379 2571 Persius
405 2531 442 2569 V
471 2533 555 2572 134
594 2533 655 2572 ita
692 2533 872 2584 posuerit
908 2545 1042 2583 royas,
1066 2546 1147 2573 non
1178 2532 1445 2573 seruabimus:
1475 2531 1631 2582 reliqua
1662 2533 1767 2571 recte

219 2592 263 2630 in
299 2591 568 2643 Neapolitano
604 2593 810 2645 leguntur:
849 2589 970 2632 ‘intro
1008 2606 1081 2633 nos
1118 2594 1255 2643 uocat,
1294 2595 1337 2632 at
1375 2604 1458 2632 sese
1489 2594 1599 2631 tenet
1630 2588 1768 2641 intus',

219 2663 314 2690 nam
350 2653 421 2691 ὑπ’
456 2652 536 2692 fuit
571 2652 614 2691 in
651 2653 880 2704 archetypo.
946 2653 1006 2692 De
1044 2653 1099 2693 ad
1136 2656 1176 2692 et
1214 2654 1337 2702 apud>
1359 2652 1426 2704 agi
1462 2652 1598 2702 potuit
1637 2652 1679 2690 in
1711 2652 1767 2690 eis

222 2723 326 2761 quae
357 2712 626 2763 sequebantur
656 2713 764 2764 apud
788 2712 1005 2752 Lucilium:
1038 2726 1140 2764 quae
1166 2713 1385 2753 exscribere
1409 2713 1573 2751 minime
1599 2711 1769 2751 debebat

223 2769 444 2822 Charisius,
484 2784 574 2812 cum
611 2772 658 2811 de
701 2773 796 2813 solis
828 2773 934 2813 intro
961 2774 1001 2812 et
1030 2773 1140 2813 intus
1173 2773 1373 2812 aduerbiis
1406 2772 1483 2812 sibi
1514 2774 1617 2811 esset
1649 2784 1766 2823 agen-

213 2829 328 2870 .dum.
389 2831 467 2870 Vix
511 2832 724 2871 credideris
767 2832 967 2872 Lucilium
1009 2835 1149 2884 postea
1168 2853 1170 2856 >
1192 2833 1306 2872 libris
1349 2831 1525 2871 I—-XXI
1566 2832 1666 2870 haec
1708 2832 1768 2869 ita

224 2889 402 2930 docuisse
435 2891 504 2941 qui
534 2891 637 2930 libro
669 2892 779 2930 XXX
804 2906 841 2930 u.
864 2893 949 2932 994
982 2895 1122 2932 contra
1149 2892 1251 2931 hanc
1275 2893 1458 2943 regulam
1481 2891 1567 2941 ipse
1592 2890 1768 2941 peccarit

222 2961 401 2989 sermone
431 2962 526 2990 usus
557 2951 717 3002 uulgari
749 2953 789 2990 et
819 2952 1029 2991 castrensi:
1066 2953 1188 2990 immo
1225 2950 1386 2990 uidetur
1416 2952 1535 3000 poeta
1565 2950 1767 2989 induxisse

222 3009 492 3060 magistellum
512 3009 712 3060 quendam
731 3011 971 3061 loquentem.
1016 3010 1230 3050 Sallustius
1249 3011 1388 3050 histor.
1402 3010 1422 3048 I
1439 3011 1522 3049 119
1543 3009 1766 3048 Maurenbr.

224 3068 385 3120 scripsit
441 3066 524 3109 ‘ille
575 3069 843 3122 Conisturgim
901 3070 1007 3121 apud
1064 3070 1241 3122 legiones
1290 3067 1417 3109 uenit'
1469 3083 1587 3121 quem
1636 3069 1774 3108 locum'

294 3142 411 3169 Lucilii
429 3143 495 3169 rell.
515 3143 560 3170 ed.
580 3143 690 3169 Maxu.
726 3143 768 3169 Π.
1434 3141 1479 3172 25
