2060 3444
295 259 354 301 44
805 257 839 293 Π
863 269 898 293 u.
926 260 1078 295 93—95.
1126 257 1178 294 HI
1201 270 1236 294 u.
1264 261 1319 294 96.
1398 227 1400 229 >

296 372 437 423 uagari
468 368 631 422 passim’
666 384 697 409 e.
718 384 754 421 q.
775 383 803 410 s.
838 364 952 424 (conf
972 371 1238 410 Mommsenus
1269 371 1317 411 de
1347 372 1433 411 iure
1463 372 1570 423 publ.
1596 386 1633 424 p.
1653 372 1699 411 R.
1718 372 1782 412 ΠΙ
1803 373 1826 412 1

296 425 453 485 (1887)
483 444 522 481 p.
544 431 642 480 541,
668 424 726 484 2).
780 431 922 481 Itaque
952 443 1032 470 non
1063 443 1164 482 opus
1189 432 1251 471 est
1274 431 1380 482 quod
1405 431 1447 471 P.
1467 432 1670 472 Manutius
1695 433 1832 483 posuit

295 503 368 541 pro
399 491 630 539 chorusque:
665 490 871 540 cohorsque
878 500 892 538 ;
930 490 1071 530 chorus
1109 492 1170 530 est
1205 502 1350 531 corona
1385 490 1542 542 reliqua
1571 491 1637 530 uel
1668 493 1829 532 caterua
1880 537 1882 539 ,

297 549 551 600 pertinetque
576 550 704 589 omnis
729 551 770 588 et
799 549 849 589 ad
881 552 1015 590 turma
1040 551 1082 590 et
1107 550 1157 590 ad
1178 550 1337 590 chorus:
1366 550 1515 604 Vergil.
1537 550 1677 604 Georg.
1696 551 1717 591 I
1744 552 1827 592 345

298 607 461 650 ‘circum
475 610 569 649 felix
583 611 649 649 eat
661 609 793 649 hostia
811 611 945 661 fruges
965 611 1092 650 omnis
1112 623 1232 660 quam
1251 611 1394 650 chorus
1414 612 1453 650 et-
1472 611 1568 651 socii
1589 612 1828 651 comitentur

296 667 477 709 ouantes'
512 668 589 708 Cic.
617 670 716 708 Mur.
738 671 793 709 49
834 666 1067 710 ‘Catilinam
1102 671 1256 710 interea
1292 670 1463 710 alacrem
1506 672 1627 722 atque
1668 671 1830 721 laetum,

295 730 489 780 stipatum
514 729 632 769 choro
657 729 891 780 iuuentutis,
915 730 1111 768 uallatum
1136 729 1330 770 indicibus
1356 731 1476 781 atque
1502 727 1668 770 sicariis’
1691 744 1722 770 e.
1742 744 1778 782 q.
1799 742 1829 771 s.

297 789 389 829 uide
419 789 499 828 ind.
526 802 691 841 gramm.
718 801 746 828 s.
774 803 809 828 u.
842 789 1122 840 hendiadyoin.
1154 811 1212 816 —

421 850 487 889 94.
525 849 651 889 hostis
671 879 679 887 .
702 879 708 886 .
732 881 738 887 .
765 844 968 902 inimicus]
1000 849 1195 901 pedestris
1221 849 1412 889 sermonis
1437 851 1648 900 scriptores
1672 849 1829 890 inuerso

297 909 433 948 ordine
465 904 564 963 (Cic.
591 908 639 947 de
670 908 820 948 inuent.
844 909 865 948 I
896 909 976 948 105
1008 909 1051 948 in
1081 908 1192 948 Verr.
1220 910 1294 949 act.
1320 909 1362 949 H
1385 909 1427 949 H
1454 909 1508 949 58
1541 909 1589 949 de
1620 907 1684 948 fin.
1704 908 1742 946 V
1773 909 1828 949 29

295 969 381 1008 Liu.
401 968 568 1008 XXXIX
590 969 659 1018 28,
687 969 740 1008 13
775 967 882 1008 Suet.
908 968 1010 1020 Aug.
1039 962 1132 1022 69),
1170 968 1261 1008 uide
1298 969 1349 1008 ad
1386 969 1523 1008 incert.
1549 982 1585 1009 u.
1615 969 1739 1008 1334.
1773 990 1828 997 —

268 1027 426 1068 ¹Simili
465 1028 551 1068 ioco
588 1041 682 1067 usus
716 1025 775 1074 Ὦ.
796 1028 991 1067 Lucienus
1028 1030 1205 1079 senator,
1247 1029 1365 1069 homo
1411 1030 1597 1079 quamuis
1633 1028 1832 1068 humanus

296 1101 342 1128 ac
372 1090 538 1138 iocosus,
569 1088 779 1138 introiens,
810 1088 1022 1128 familiaris
1054 1088 1231 1128 omnium
1261 1090 1460 1138 nostrum,
1492 1085 1832 1139 “Synepirotae”,

295 1149 428 1199 inquit
460 1145 704 1188 “chaerete”
723 1145 733 1162 ’
768 1160 829 1199 ap.
851 1147 965 1188 Varr.
991 1161 1064 1187 rer.
1090 1149 1186 1188 rust.
1206 1148 1248 1188 H
1275 1149 1313 1198 5,
1341 1150 1378 1187 1.

414 1203 493 1249 95.
537 1208 652 1248 Iocus
695 1208 755 1247 ita
797 1207 972 1248 breuiter
1008 1209 1050 1247 et
1086 1208 1242 1248 exiliter
1277 1210 1464 1248 narratur
1501 1221 1526 1248 a
1563 1206 1749 1248 Cicerone
1786 1209 1832 1248 ut

294 1269 459 1308 lectores
509 1280 644 1307 omnes
688 1266 888 1308 Ciceronis
932 1268 1117 1319 aequales
1160 1280 1306 1321 gnaros
1349 1268 1470 1308 fuisse
1514 1268 1673 1307 fabulae
1721 1268 1832 1308 illius

293 1328 515 1379 putandum
553 1328 607 1366 sit
643 1340 747 1378 quae
784 1328 850 1366 uix
892 1327 1055 1367 aliunde
1085 1328 1219 1379 potuit
1248 1329 1493 1368 innotescere
1523 1328 1601 1367 nisi
1633 1341 1653 1366 e
1685 1327 1829 1368 Lucilii

295 1388 452 1427 saturis.
508 1388 606 1427 Rem
637 1387 766 1438 ipsam
791 1387 851 1426 ita
876 1389 1036 1427 enarrat
1059 1387 1284 1427 Ellendtius
1309 1389 1351 1426 in
1377 1389 1659 1427 commentario
1684 1401 1722 1439 p.
1744 1388 1830 1427 310

297 1445 503 1487 ‘Albucius
536 1446 768 1487 Scaeuolam
809 1447 856 1486 de
893 1447 1123 1498 repetundis
1161 1448 1380 1498 accusauit,
1418 1447 1469 1486 ad
1499 1447 1706 1499 probanda
1735 1459 1830 1487 uero

295 1520 342 1546 ea
385 1520 486 1558 quae
528 1507 743 1547 Scaeuolae
787 1506 985 1546 obiecerat
1028 1506 1137 1547 Albii
1181 1507 1341 1547 tabulas
1383 1507 1563 1558 protulit.
1639 1506 1831 1546 Scaeuola

293 1567 469 1607 iudicum
501 1566 708 1606 sententiis
740 1566 945 1607 absolutus
977 1568 1054 1606 est:
1086 1566 1196 1606 Albii
1226 1567 1351 1619 igitur
1375 1567 1535 1607 tabulas
1560 1566 1682 1606 falsas
1707 1566 1830 1607 fuisse

293 1627 436 1667 iisdem
474 1627 680 1666 sententiis
716 1626 939 1666 iudicatum
977 1629 1046 1666 est.
1110 1625 1282 1667 Granius
1318 1626 1460 1678 igitur,
1498 1626 1660 1677 quidam
1697 1637 1744 1666 ex
1779 1627 1830 1667 iis

296 1687 363 1737 qui
409 1686 592 1735 aderant,
643 1686 873 1738 obiurgauit
920 1686 1103 1736 Albium,
1153 1687 1223 1736 qui
1271 1687 1311 1726 et
1359 1686 1551 1738 gauderet
1600 1685 1831 1726 Scaeuolam

295 1746 521 1786 absolutum
566 1758 650 1786 esse
694 1748 734 1786 et
776 1759 855 1786 non
899 1745 1054 1785 uideret
1096 1748 1235 1786 contra
1277 1758 1368 1786 suas
1411 1746 1569 1785 tabulas
1611 1745 1831 1787 iudicatum

295 1804 406 1846 esse’.
478 1805 649 1845 Granius
687 1805 820 1845 Crassi
863 1807 950 1845 erat
993 1805 1202 1846 familiaris
1248 1800 1345 1859 (Cic.
1366 1806 1478 1845 Brut.
1500 1806 1574 1855 43,
1613 1799 1717 1860 160)
1762 1805 1831 1856 qui

295 1879 416 1918 gener
452 1867 540 1906 erat
576 1865 810 1914 Scaeuolae,
846 1865 988 1905 Albius
1025 1867 1184 1917 ineptus
1221 1865 1384 1905 fauebat
1421 1865 1583 1915 uictori,
1619 1863 1831 1904 Albucium

295 1926 467 1966 amicum
498 1928 545 1965 ut
575 1927 728 1966 uictum
760 1927 1009 1977 contempsit.
1072 1924 1211 1965 Granii
1241 1925 1285 1964 in
1315 1924 1478 1964 Albium
1510 1925 1673 1976 aliquod
1702 1925 1831 1965 facete

296 1985 447 2026 dictum
471 1987 514 2025 in
539 1998 678 2026 uersus
703 1987 926 2026 coniecerat
949 1986 1069 2037 poeta
1093 1981 1204 2040 (uide
1229 1985 1295 2025 lib.
1316 1985 1373 2025 XI
1391 1998 1427 2024 u.
1444 1978 1549 2038 411)
1574 1986 1645 2036 qui
1667 1986 1830 2036 periere.

1021 2297 1116 2354 III.

415 2398 494 2444 96.
525 2403 749 2454 Porphyrio
788 2403 839 2443 ad
868 2402 965 2443 Hor.
984 2403 1139 2444 serm.·I
1166 2404 1204 2452 5,
1233 2405 1275 2442 1:
1314 2399 1485 2442 ‘Lucilio
1525 2397 1663 2456 ha[e]c
1693 2404 1831 2453 satyra

296 2463 521 2504 aemulatur
539 2463 731 2503 Horatius
757 2464 835 2502 iter
853 2475 969 2503 suum
988 2476 1013 2503 a
1030 2462 1159 2502 Roma
1177 2462 1444 2502 Brundesium
1462 2474 1587 2513 usque
1607 2461 1830 2502 describens

297 2523 403 2574 quod
433 2525 474 2562 et
503 2523 572 2562 ille
603 2524 646 2562 in
676 2523 796 2562 tertio
828 2523 931 2562 libro
961 2523 1069 2571 fecit,
1110 2523 1239 2573 primo
1272 2535 1295 2560 a
1325 2522 1453 2561 Roma
1485 2521 1662 2572 Capuam
1693 2534 1831 2573 usque,

296 2585 337 2622 et
378 2583 470 2622 inde
514 2583 659 2621 fletum
713 2579 946 2623 Siciliense?
1019 2582 1165 2622 Lucilii
1206 2594 1365 2633 poema,
1408 2581 1478 2632 qui
1514 2581 1830 2633 geographorum

297 2642 537 2682 Graecorum
563 2642 722 2690 uidetur
747 2655 830 2682 esse
856 2643 1012 2682 secutus
1038 2643 1273 2692 exemplum,
1299 2643 1390 2681 ante
1409 2641 1622 2681 Horatium
1646 2641 1828 2680 imitatus

297 2703 359 2743 est
388 2701 535 2742 Caesar
571 2703 752 2753 poemate
792 2698 914 2753 ‘quod
950 2702 1185 2742 inscribitur
1220 2701 1303 2741 Iter
1435 2700 1530 2740 dum
1567 2699 1617 2740 ab
1654 2700 1751 2740 urbe
1786 2701 1851 2739 in,

295 2761 535 2813 Hispaniam
579 2762 809 2801 ulteriorem
851 2762 994 2812 quarto
1038 2763 1079 2801 et
1120 2761 1310 2801 uicesimo
1353 2760 1416 2799 die
1458 2757 1655 2812 peruenit’
1701 2754 1828 2813 (Suet.

298 2821 407 2862 Caes.
429 2816 523 2875 56),
560 2821 888 2874 singulorumque
925 2821 1080 2860 dierum
1116 2820 1247 2860 mv
1279 2820 1410 2873 spatia
1449 2821 1490 2860 et
1528 2832 1650 2871 opera
1686 2818 1830 2861 Caesar

212 2887 217 2891 '
297 2882 381 2932 ipse
405 2881 544 2920 eodem
567 2880 685 2920 modo
709 2880 891 2921 uersibus
917 2882 1122 2921 exsecutus
1145 2881 1232 2920 erat
1257 2892 1336 2931 quo
1355 2879 1547 2920 Horatius
1565 2878 1638 2918 XV
1663 2878 1828 2919 dierum.

297 2940 448 2980 Eodem
483 2942 662 2991 tempore
693 2940 860 2992 Valgius
891 2940 933 2979 in
964 2940 1101 2992 elegiis
1134 2934 1267 2993 (FPR
1297 2953 1334 2990 p.
1363 2940 1462 2989 343,
1488 2939 1514 2978 4
1546 2932 1709 2991 Baehr.)
1752 2937 1830 2978 iter

298 3000 549 3051 descripsisse
586 3000 749 3039 uidetur
785 3000 938 3040 factum
974 3001 1018 3039 in
1049 2999 1182 3039 Gallia
1218 2998 1423 3049 cisalpina.
1484 2998 1581 3038 Post
1616 2997 1829 3038 Horatium
