2060 3444
745 284 875 322 incert.
903 283 979 322 sed.
1006 297 1042 321 u.
1070 287 1317 322 1249—1253.
1716 283 1803 328 397

259 399 395 440 XVIII
424 400 537 440 1896
564 413 601 450 p.
631 400 734 450 308,
784 400 902 439 facile
950 399 1137 450 potuerit.
1211 398 1292 437 Vbi
1341 398 1566 438 diuerbium
1615 399 1805 439 constitui

260 473 412 500 memor
442 460 579 500 Plauti
604 459 734 499 Casin.
764 461 817 499 99
853 456 973 505 ‘Quid
1003 460 1044 498 in
1077 459 1173 498 urbe
1205 460 1352 509 reptas,
1384 458 1501 498 uilice
1527 459 1637 497 haud
1668 459 1803 511 magni

258 518 390 571 preti?
436 522 470 565 ,tt
511 517 654 559 Lubet'
689 519 805 571 Epid.
833 520 916 558 697
960 516 1063 565 ‘Qua
1100 518 1245 558 fiducia
1278 531 1396 558 ausus
1518 518 1643 558 filiam
1674 531 1804 558 meam

257 579 387 620 dicere
418 579 530 620 esse?
576 583 610 625 tt
649 579 806 628 Libuit,
844 591 891 619 ea
921 575 1082 619 fiducia’
1150 580 1235 618 710
1275 575 1400 624 ‘Quor
1440 578 1533 618 dare
1566 577 1713 619 ausus?
1754 582 1795 625 ᾗ

257 639 361 687 Quia
391 640 492 679 mihi
521 639 683 679 libitum
723 635 798 679 est’
861 639 1020 679 Trucul.
1049 640 1134 678 604
1175 635 1260 678 ‘cur
1297 651 1417 678 ausus
1453 640 1510 677 mi
1546 639 1804 679 inclementer

258 698 418 740 dicere?
455 704 490 745 4ss
525 699 718 740 Lubitum
749 702 810 739 est
841 694 991 754 (lubido
1023 702 1079 739 est
1109 699 1220 749 codd,
1253 712 1351 738 corr.
1378 694 1597 752 Bothius)’.
1653 699 1802 739 Locum

255 759 410 800 lacunis
450 762 490 800 et
527 760 681 800 mendis
719 761 949 811 corruptum
991 759 1066 799 hoc
1108 759 1226 799 modo
1268 760 1477 798 restituas:
1523 756 1698 810 ‘Pipatio
1743 762 1804 799 est

257 820 406 860 clamor
424 821 621 871 plorantis
651 820 794 860 acerba
812 832 921 859 uoce.
971 819 1149 859 Lucilius
1177 816 1361 871 “(quare
1386 833 1448 858 me
1474 817 1660 871 insidiis>
1686 821 1803 870 petis,

257 879 403 932 pipas‘?
446 880 506 920 da.
569 880 686 920 Libet
729 877 942 932 <inquit>”
987 879 1030 918 id
1073 882 1133 919 est
1176 881 1281 930 petis
1324 878 1503 919 clamas?
1545 879 1607 918 da.
1669 879 1802 929 quat,

255 937 404 991 inquit’
446 954 492 980 ex
530 953 608 991 quo
653 941 812 991 antiqui
853 941 1066 979 clamorem
1112 939 1297 979 acerbum
1340 936 1582 991 (pipulum)
1625 940 1802 990 appella-

256 996 379 1040 runt':
416 1001 664 1052 pipationem
701 1000 871 1040 inseruit
903 999 1088 1039 Goetzius
1121 1000 1220 1039 Mus.
1246 1000 1371 1039 Rhen.
1398 999 1466 1038 XL
1497 1000 1610 1039 1885
1637 1013 1675 1050 p.
1704 1001 1801 1039 326.

381 1055 523 1101 1250.
555 1061 696 1101 Festus
721 1075 759 1112 p.
790 1062 886 1110 142,
914 1062 939 1099 4
974 1058 1224 1111 ‘Mamphula
1250 1060 1480 1111 appellatur
1503 1061 1620 1110 panis
1647 1059 1803 1111 Syriaci

257 1133 398 1173 genus,
438 1121 563 1172 quod,
600 1123 646 1160 ut
678 1122 736 1160 ait
767 1120 951 1166 Verrius,
989 1120 1031 1159 in
1063 1121 1220 1161 clibano
1253 1122 1346 1160 ante
1378 1133 1499 1171 quam
1535 1123 1803 1171 percoquatur

257 1180 407 1220 decidit
437 1181 478 1220 in
510 1181 699 1221 carbones
732 1181 994 1231 cineremque.
1049 1181 1162 1220 cuius
1193 1182 1379 1220 meminit
1408 1179 1600 1231 Lucilius,
1634 1177 1802 1231 “pistri-

258 1253 342 1280 cem
378 1242 519 1281 ualida
546 1273 554 1280 .
582 1273 590 1281 .
618 1273 626 1280 .
652 1237 842 1281 omnis'’.'
905 1240 1034 1280 Varro
1075 1241 1123 1280 de
1161 1241 1301 1292 lingua
1337 1240 1484 1279 Latina
1522 1240 1625 1280 libro
1651 1240 1689 1278 V
1717 1242 1800 1280 138

258 1297 370 1340 ‘Inde
402 1303 494 1353 post
524 1302 568 1340 in
594 1301 691 1341 urbe
715 1301 846 1341 Lucili
871 1301 1042 1352 pistrina
1068 1295 1182 1356 (XVI
1210 1295 1315 1355 521)
1343 1302 1383 1340 et
1407 1297 1579 1351 pistrix’.
1622 1301 1803 1341 ualidam

258 1361 445 1414 Scaliger.
521 1362 744 1411 empleuron
793 1362 1039 1401 adiectiuum
1086 1375 1106 1400 e
1156 1361 1319 1413 uulgari
1368 1363 1573 1412 sumptum
1622 1374 1801 1400 sermone

257 1420 408 1461 Graeco
441 1423 620 1461 seruauit
650 1423 810 1473 praeter
840 1421 1042 1461 Lucilium
1075 1423 1215 1461 auctor
1240 1420 1416 1472 Geopon.
1442 1421 1580 1460 XVIII
1607 1424 1644 1471 9,
1672 1422 1696 1461 6
1723 1427 1802 1460 τῶν

258 1479 300 1522 δὲ
325 1481 480 1535 τράγων
505 1480 730 1535 ἐγκρίνουσι
754 1480 848 1530 τοὺς
873 1481 1065 1535 μεγάλους
1090 1480 1155 1521 καὶ
1181 1480 1424 1535 ἑμπλεύρους
1450 1480 1553 1534 ἰσχία
1578 1495 1617 1521 τε
1643 1481 1802 1533 μείζονα

255 1540 426 1594 ἔχοντας.
439 1538 779 1595 —mamphulasJ
800 1542 911 1581 aliud
928 1555 1072 1581 nomen
1091 1542 1207 1592 panis
1229 1541 1385 1592 Syriaci
1404 1541 1563 1581 exhibet
1581 1541 1725 1581 Athen.
1739 1542 1802 1581 ΠΙ

256 1615 294 1652 p.
325 1603 407 1641 113
425 1601 454 1641 C
485 1601 555 1642 τὸν
586 1599 629 1641 δὲ
659 1607 840 1642 τοιοῦτον
870 1599 991 1655 ἄρτον
1023 1601 1066 1641 οἰ
1093 1601 1222 1655 Σύροι
1261 1599 1412 1654 λαχμὰν
1449 1601 1801 1655 προσαγορεύουσι.
1833 1612 1836 1613 ’

255 1661 377 1702 Panis
408 1675 532 1714 genus
566 1659 689 1712 ‘quod
719 1662 762 1701 in
794 1662 983 1701 carbones
1015 1663 1264 1712 cineremque
1291 1658 1454 1701 decidit'
1481 1660 1628 1701 Graece
1655 1661 1802 1701 dicitur

255 1719 502 1774 ἐπανθρακίς
545 1721 734 1774 σποδίτης
782 1720 1008 1775 ἀποπυρίας
1057 1720 1274 1775 ἐγκρυφίας
1321 1719 1481 1773 (Athen.
1507 1721 1570 1760 Π]
1599 1735 1637 1773 p.
1668 1722 1799 1762 110B

258 1783 339 1821 111
357 1776 467 1836 DE).
528 1782 715 1822 Imitatus
761 1784 822 1822 est
862 1783 982 1833 poeta
1031 1782 1335 1821 Archestratum
1385 1782 1470 1821 siue
1524 1783 1658 1833 ipsum
1713 1782 1800 1822 siue

254 1841 536 1882 Archestratea
579 1842 717 1882 Ennii:
768 1843 863 1882 conf
902 1842 1207 1882 Archestratum
1251 1855 1315 1892 ap.
1349 1841 1493 1881 Athen.
1519 1842 1582 1881 HI
1611 1856 1650 1893 p.
1679 1844 1763 1882 112
1780 1855 1800 1882 c

257 1899 354 1942 ἔστω
385 1896 436 1954 δή
468 1914 530 1942 σοι
561 1900 664 1976 ἀνὴὲ)
699 1902 840 1950 Φοῖνιξ
873 1899 900 1955 ’ἢ
932 1900 1072 1950 Λυδὸς
1103 1900 1147 1942 ἐν
1179 1901 1274 1959 οἴκῳ
1308 1901 1413 1950 ὅστις
1444 1900 1669 1954 ἐπιστήμων
1694 1901 1800 1942 ἔσται

256 1958 455 2014 σ<ίτ>οιο,
498 1957 584 2002 κατ’
631 1978 736 2015 ημαρ
776 1962 967 2012 παντοίοις
1012 1960 1118 2010 ἰδέας
1162 1961 1308 2015 τεύχων
1351 1959 1405 2010 ὡς
1448 1960 1499 2001 ἂν
1543 1961 1592 2002 σὺ
1636 1962 1799 2018 κελεύῃς

257 2016 313 2076 (V
338 2017 561 2076 Brandtii):
593 2022 766 2073 optimos
797 2024 967 2073 pistores
1000 2021 1255 2073 Cappadoces
1286 2035 1370 2062 esse
1403 2023 1518 2062 docet
1545 2022 1690 2062 Athen.
1717 2023 1742 2061 l.
1769 2036 1798 2062 s.

257 2081 350 2133 Syri
381 2084 421 2121 et
453 2081 706 2134 Cappadoces
739 2083 862 2123 etiam
892 2085 1056 2134 propter
1086 2082 1208 2122 robur
1238 2082 1278 2122 et
1309 2083 1486 2133 corporis
1518 2084 1623 2122 uires
1661 2082 1798 2122 lauda—

254 2141 401 2181 bantur
445 2137 623 2197 (Petron.
651 2144 705 2182 63
745 2143 919 2182 Martial.
945 2143 1003 2182 IX
1030 2144 1103 2192 22,
1132 2144 1155 2182 9
1189 2143 1248 2181 VI
1275 2144 1343 2192 77,
1370 2144 1396 2181 4
1440 2142 1576 2182 quen.
1602 2143 1662 2182 VI
1691 2138 1797 2197 351)

257 2201 399 2252 quibus
430 2202 583 2243 uiribus
615 2216 713 2254 opus
745 2215 828 2243 esse
860 2202 911 2242 ad
942 2215 1040 2253 opus
1072 2204 1286 2253 pistorium
1317 2205 1452 2242 monet
1482 2202 1660 2243 Lucilius
1689 2205 1797 2242 utra-

256 2275 332 2312 que
356 2262 507 2314 lingua.
552 2260 753 2302 ‘Mulieres
779 2276 882 2314 quae
905 2276 1046 2313 panem
1067 2264 1243 2313 coquant
1261 2276 1442 2313 quaeque
1462 2263 1603 2302 uillam
1623 2260 1797 2303 seruent'

256 2324 527 2362 memorantur
569 2335 594 2361 a
635 2323 823 2362 Trebatio
862 2323 1015 2375 Digest.
1041 2323 1214 2362 XXXHI
1242 2324 1285 2372 7,
1314 2324 1386 2372 12,
1414 2323 1459 2373 5,
1502 2324 1688 2363 mulieres
1733 2324 1797 2362 de-

254 2383 414 2432 psentes
458 2382 604 2434 argilla
641 2382 793 2422 effictas
831 2382 989 2422 exhibet
1020 2384 1119 2422 artis
1150 2384 1452 2422 monumentum
1489 2382 1715 2423 Parisinum
1756 2385 1797 2422 in

255 2441 395 2481 tabula
419 2444 692 2493 praepositum
716 2443 820 2482 libro
842 2441 882 2482 C.
896 2443 1092 2482 Buecheri
1110 2442 1251 2482 Arbeit
1276 2442 1358 2482 und
1376 2442 1603 2493 Rhythmus
1629 2442 1722 2482 edit.
1736 2443 1798 2482 ΠΙ

255 2501 363 2552 Lips.
393 2503 519 2542 1902.
1547 2526 1550 2529 -

379 2556 521 2603 1252.
554 2561 654 2602 CGL
679 2562 717 2600 V
742 2576 780 2613 p.
808 2563 906 2612 234,
935 2565 955 2601 1
993 2559 1146 2613 ‘pistris
1178 2562 1297 2602 belua
1327 2564 1468 2602 maris:
1500 2564 1626 2602 lucius
1661 2558 1796 2617 (Luci-

242 2616 332 2661 'lius
375 2621 565 2662 Loeweus
607 2622 806 2673 prodrom.
832 2636 870 2673 p.
896 2622 984 2661 VII.
1011 2618 1130 2676 VIII)
1174 2624 1357 2673 pistrices
1407 2623 1509 2662 dixit
1558 2620 1796 2673 pluraliter'.

257 2680 421 2732 Spectat
451 2682 585 2734 glossa
620 2683 752 2722 locum
782 2682 954 2735 Vergilii
985 2682 1083 2721 Aen.
1109 2682 1172 2721 ΙΠ
1198 2684 1283 2722 427
1324 2679 1550 2733 ‘Neptunus
1588 2683 1795 2733 pistricum

256 2741 441 2781 dominus
473 2744 514 2781 et
544 2739 792 2782 maenarum’
825 2742 974 2781 Arnob.
1000 2742 1062 2781 III
1089 2744 1156 2782 31.
1213 2741 1374 2782 Glossas
1411 2743 1587 2793 reliquas
1624 2743 1716 2782 uide
1755 2745 1797 2782 in

257 2800 445 2840 Thesaur.
471 2802 588 2853 gloss.
615 2802 765 2841 emend.
792 2815 822 2842 s.
848 2816 885 2841 u.
904 2803 1051 2851 pistrino
1083 2804 1138 2841 et*
1155 2802 1278 2842 belua.

379 2855 521 2901 1253.
548 2860 752 2901 Charisius
771 2861 844 2901 GL
864 2861 885 2899 I
904 2875 940 2912 p.
965 2863 1062 2911 109,
1087 2862 1184 2901 10K
1205 2859 1338 2900 ‘Plure
1358 2863 1430 2901 aut
1447 2863 1599 2900 minore
1619 2864 1797 2912 emptum

257 2920 415 2970 antiqui
445 2920 641 2960 dicebant.
691 2920 827 2960 Cicero
860 2918 1006 2971 “pluro
1036 2918 1192 2959 uenit”.
1243 2924 1284 2959 et
1308 2921 1486 2960 Lucilius
1513 2917 1664 2969 “plura
1688 2922 1796 2961 foras

256 2976 406 3019 uenti''.
456 2979 525 3019 sed
556 2980 798 3020 consuetudo
823 2980 949 3031 pluris
975 2982 1015 3019 et
1039 2980 1204 3020 minoris
1230 2976 1354 3019 dicit’.
1408 2979 1518 3019 Idem
1544 2993 1591 3018 ex
1615 2981 1796 3020 Romano

256 3053 293 3090 p.
322 3041 425 3090 211,
453 3041 506 3079 27
554 3036 698 3079 ‘Plura
771 3040 939 3079 Plautus
1066 3038 1202 3079 Cicero
1247 3051 1406 3090 quoque
1450 3036 1596 3090 “plure
1641 3037 1795 3080 uenit”.
