2060 3444
942 254 958 291 1
982 268 1020 294 u.
1045 257 1102 292 26.
1747 254 1800 299 15

248 383 386 412 uersus
418 370 693 423 prohoemium
725 370 789 410 dei
821 370 1092 411 contionantis
1125 371 1312 410 alicuius:
1344 370 1533 422 Neptuno
1565 369 1736 420 tribuas,
1768 371 1800 410 si

249 445 297 472 ea
327 445 430 484 quae
462 432 513 471 ad
539 445 604 470 uu.
634 432 687 470 27
698 444 807 482 seqq.
840 431 1035 470 adnotata
1066 433 1160 471 sunt
1184 430 1428 482 probaueris.
1479 430 1639 470 Fictum
1665 433 1800 470 autem

249 494 310 532 est
339 492 448 532 istud
481 492 685 531 exordium
718 492 769 530 ad
801 492 1026 543 exemplum
1051 492 1342 542 Thrasymachi
1371 492 1517 530 ueteris
1544 490 1801 531 Chalcedonii

249 553 367 604 quale
411 551 591 592 seruauit
633 551 853 602 Dionysius
894 551 1024 591 Halic.
1064 551 1269 591 Demosth.
1298 552 1322 590 3
1350 552 1370 590 I
1402 564 1439 602 p.
1471 552 1553 590 132
1587 551 1655 591 Vs.
1683 552 1800 591 Rad.:

249 611 476 666 ἐβουλόμην
509 610 601 664 μὲν,
634 606 664 651 ὦ
696 609 837 665 ἄνδρες
865 606 1096 664 Ἀθηναῖοι,
1135 614 1336 664 μετασχεῖν
1368 610 1521 650 ἐκείνου
1553 616 1623 650 τοῦ
1655 610 1801 664 χρόνου

247 675 342 725 mk,
385 672 523 711 eodem
566 672 684 711 modo
728 673 929 723 incipiunt
971 673 1013 710 in
1057 672 1379 722 prohoemiorum
1423 672 1656 711 collectione
1699 685 1800 721 quae

248 732 528 772 Demosthenis
561 745 643 772 esse
676 732 806 771 fertur
836 733 948 783 proh.
975 732 1070 770 XVI
1101 730 1326 783 ἐβουλόμην
1358 729 1409 770 ἂν
1446 730 1550 782 ὑμᾶς
1590 726 1620 770 ὦ
1658 729 1800 785 ἄνδρες

244 787 474 845 Ἀθηναῖοιτ
514 792 665 831 ΧΧΧΠ
702 789 936 844 ἠβουλόμην
974 789 1024 830 ἂν
1063 786 1093 830 ὦ
1131 789 1273 845 ἄνδρες
1310 794 1390 831 κτλ.
1459 790 1636 831 Lucilius
1675 792 1801 843 igitur

248 852 387 892 eodem
424 853 511 893 ioco
549 865 643 892 usus
682 854 743 892 est
786 864 864 902 quo
902 852 1192 903 Aristophanes
1231 852 1380 891 Eccles.
1410 852 1490 890 151
1532 851 1602 890 ubi
1638 853 1800 890 mulier:

248 911 474 965 ἐβουλόμην
506 909 578 965 μὲν
608 910 660 952 ἂν
691 910 822 966 ἕτερον
854 917 933 951 τῶν
965 909 1135 963 ἠθάδων
1167 909 1293 965 λέγειν
1318 909 1365 950 τὰ
1391 909 1569 964 βέλτιστα
1594 914 1687 964 mk,
1720 925 1799 963 quo

247 972 448 1013 Lucianus
480 974 522 1011 in
560 972 724 1012 deorum
762 972 931 1012 concilio
962 972 1047 1011 Iou.
1079 972 1257 1024 tragoed.
1288 974 1353 1011 14.
1384 972 1437 1011 15
1479 972 1548 1011 ubi
1579 971 1799 1011 Mercurius

246 1033 385 1073 Iouem
429 1033 595 1072 edocens
639 1031 688 1072 σὺ
733 1029 775 1072 δὲ
816 1038 896 1072 τῶν
940 1029 1232 1084 Δημοσθένους
1276 1031 1534 1086 δημηγοριῶν
1578 1037 1657 1071 τῶν
1702 1031 1800 1072 κατὰ

253 1093 458 1133 Φιλίππου
490 1092 542 1145 ἥν
572 1107 661 1132 τινα
692 1090 743 1131 ἂν
774 1090 917 1147 ἐθέλῃς
948 1091 1102 1145 σύνειρε
1135 1089 1246 1146 ὀλίγα
1278 1091 1531 1132 ἐναλλάττων.
1564 1091 1668 1132 οὕτω
1700 1098 1800 1146 γοῦν

248 1152 292 1193 οἷ
319 1151 458 1192 πολλοὶ
489 1158 566 1193 νῦν
597 1152 759 1207 ῥήτορες
790 1158 994 1192 ποιοῦσινε
1026 1153 1097 1192 ubi
1121 1152 1304 1203 Iuppiter
1334 1154 1394 1191 ita
1424 1153 1570 1204 incipit
1594 1150 1682 1192 ἀντὶ
1707 1155 1799 1192 πολ-

247 1216 327 1253 λῶν
367 1210 418 1252 ἂν
457 1207 488 1253 ὦ
525 1211 666 1266 ἄνδρες
703 1211 794 1252 θεοὶ
831 1212 1043 1266 χρημάτων
1080 1215 1158 1252 κτλ.
1199 1207 1275 1267 (=
1295 1213 1501 1253 Demosth.
1535 1211 1746 1264 Olynth.1
1776 1216 1796 1251 1

247 1272 455 1312 Prohoem.
480 1268 575 1327 HI).
624 1273 737 1313 Idem
768 1272 864 1312 deus
894 1273 1002 1324 apud
1026 1273 1244 1324 Apuleium
1276 1275 1368 1312 met.
1394 1273 1454 1312 V1
1481 1274 1534 1312 23
1568 1273 1611 1312 in
1637 1273 1800 1313 deorum

249 1333 417 1373 concilio
464 1330 556 1372 ‘Dei
596 1330 839 1384 conscripti'‚
882 1334 1033 1384 inquit,
1080 1330 1301 1373 ‘Musarum
1345 1333 1455 1383 albo,
1507 1333 1800 1373 adulescentem

246 1395 382 1443 istum,
408 1393 514 1444 quod
538 1394 722 1433 manibus
748 1395 847 1433 meis
867 1394 1096 1433 alumnatus
1116 1395 1203 1445 sim,
1229 1395 1408 1444 profecto
1429 1394 1539 1433 scitis
1559 1391 1709 1433 omnes’
1732 1394 1801 1432 ubi

248 1455 378 1493 utitur
402 1454 635 1505 prohoemio
654 1453 935 1494 Demosthenis
962 1454 1009 1493 de
1035 1454 1139 1493 falsa
1164 1455 1286 1506 legat.
1318 1455 1384 1493 uel
1408 1454 1610 1494 Midianae
1637 1455 1702 1493 uel
1726 1466 1799 1504 pro

248 1513 488 1554 Phormione
521 1509 657 1569 (Proh.
683 1508 771 1569 XI)
830 1513 968 1554 Simile
994 1517 1204 1565 praeterea
1228 1514 1507 1565 prohoemium
1533 1514 1801 1554 adhibuerunt

249 1576 372 1626 atque
420 1574 515 1614 deus
559 1573 792 1614 Lucilianus
835 1574 972 1614 Isaeus
1018 1588 1079 1624 ap.
1124 1574 1290 1625 Dionys.
1329 1574 1458 1614 Halic.
1504 1574 1552 1613 de
1595 1575 1709 1614 Isaeo
1745 1576 1800 1614 10

246 1633 270 1673 I
300 1647 338 1685 p.
368 1635 466 1684 105,
496 1634 599 1675 7Vs.
631 1635 730 1673 Rad.
771 1634 959 1674 Μάλιστα
997 1631 1068 1686 μὲν
1106 1633 1332 1687 ἐβουλόμην
1371 1629 1401 1674 ὦ
1439 1632 1582 1689 ἄνδρες
1619 1634 1803 1674 δικασταί

251 1689 366 1748 (conf
389 1694 414 1733 8
439 1694 462 1734 I
492 1708 530 1746 p.
559 1696 655 1744 101,
684 1695 739 1733 23
785 1696 827 1733 et
862 1694 967 1733 Isaei
1005 1695 1105 1733 orat.
1131 1694 1167 1732 X
1191 1694 1357 1745 Antiph.
1392 1707 1446 1734 or.
1472 1694 1510 1732 V
1546 1694 1800 1735 Antisthenis

249 1753 354 1794 Aiax
392 1753 470 1793 Cic.
502 1753 677 1805 Philipp.
703 1754 760 1792 IX
798 1754 964 1805 Dionys.
1009 1754 1100 1794 Hal.
1147 1755 1342 1794 archaeol.
1369 1755 1449 1793 VH
1475 1749 1571 1809 48),
1617 1754 1801 1795 Sallustii

252 1813 464 1865 Philippus
504 1809 662 1867 (histor.
688 1814 709 1853 I
740 1827 777 1865 p.
806 1815 861 1853 33
893 1809 1159 1868 Maurenbr.):
1211 1812 1398 1855 ‘Maxime
1448 1813 1620 1865 uellem,
1665 1817 1800 1865 patres

251 1875 478 1925 conscripti,
508 1887 594 1913 rem
618 1888 656 1926 p.
683 1876 863 1925 quietam
890 1872 1002 1925 esse’,
1034 1877 1170 1914 orator
1194 1888 1257 1926 ap.
1285 1871 1435 1928 [Caes]
1463 1875 1554 1914 bell.
1580 1875 1666 1914 Afr.
1689 1876 1797 1925 54,2

253 1931 442 1974 ‘Maxime
474 1935 618 1974 uellem
645 1966 653 1973 .
675 1966 682 1973 .
706 1966 712 1973 .
739 1935 919 1975 homines
946 1948 1042 1974 suae
1067 1936 1318 1986 petulantiae
1345 1967 1352 1973 .
1376 1967 1383 1974 .
1405 1966 1413 1974 .
1440 1935 1559 1974 finem
1586 1933 1800 1985 fecissent',

251 1993 388 2034 Cicero
437 1995 480 2034 in
530 1995 711 2034 oratione
766 2008 839 2045 pro
891 1995 1005 2034 Sulla
1062 1992 1250 2035 ‘Maxime
1306 1996 1469 2046 uellem,
1524 1995 1693 2045 iudices,
1755 1998 1801 2034 ut

250 2054 293 2093 P.
315 2054 429 2094 Sulla
562 2055 738 2094 fructum
770 2056 945 2106 aliquem
977 2057 1180 2107 percipere
1211 2053 1437 2106 potuisset’.
1470 2056 1621 2095 Fronto
1653 2070 1689 2107 p.
1715 2057 1799 2095 164

250 2109 350 2154 med.
370 2115 420 2155 N.
438 2112 515 2168 “Si
540 2116 699 2155 euenire
724 2118 870 2166 posset,
895 2116 1133 2166 Imperator,
1158 2118 1204 2155 ut
1230 2117 1350 2155 amici
1368 2129 1414 2156 ac
1433 2117 1653 2156 familiares
1673 2118 1801 2155 nostri

250 2177 398 2214 nostris
430 2175 607 2214 moribus
638 2178 782 2215 cuncta
814 2178 990 2228 agerent,
1028 2178 1200 2216 maxime
1237 2174 1410 2215 uellem’.
1474 2177 1602 2215 Metro
1641 2179 1800 2216 coactus

252 2236 414 2286 scripsit
444 2234 621 2275 Lucilius
654 2233 816 2275 ‘uellem
847 2234 1109 2287 cumprimis',
1147 2249 1225 2287 quo
1259 2236 1447 2276 adverbio
1483 2238 1524 2276 et
1556 2235 1722 2277 Crassus
1760 2239 1802 2275 et

253 2294 389 2336 Cicero
428 2297 607 2335 oratores
645 2297 814 2335 utuntur
845 2291 913 2351 (de
945 2309 1000 2336 or.
1026 2297 1068 2336 H
1095 2297 1180 2335 224
1219 2298 1262 2335 in
1292 2297 1405 2336 Vers.
1431 2297 1473 2335 H
1500 2297 1569 2347 28,
1597 2298 1670 2336 68:
1709 2298 1806 2336 conf

252 2354 352 2394 Gell.
378 2355 496 2394 XVII
523 2357 561 2406 2,
590 2351 676 2410 14).
726 2356 920 2396 Restituit
942 2359 1107 2406 potisset
1136 2356 1352 2396 Mercerus:
1376 2358 1536 2406 potis-sit
1566 2357 1639 2397 cod
1670 2357 1800 2397 Pisto—

251 2415 424 2455 riensem
442 2415 588 2455 habere
607 2417 782 2456 testatur
805 2417 970 2456 Asconii
996 2416 1118 2456 editio
1144 2416 1478 2457 Kiessl.-Schoell.
1504 2431 1542 2468 p.
1565 2418 1618 2457 89
1638 2419 1803 2467 petisset

252 2476 294 2514 in
325 2474 512 2516 Leidensi
542 2478 697 2516 exstare
729 2489 776 2515 ex
802 2477 1000 2516 editorum
1031 2477 1196 2517 Asconii
1227 2478 1388 2516 silentio
1420 2477 1609 2527 efficitur,
1639 2479 1801 2526 petisset

254 2535 377 2576 editio
421 2537 616 2587 princeps.
689 2537 974 2587 Imperfectum
1018 2537 1265 2576 coniunctiui
1308 2550 1466 2576 necesse
1509 2539 1570 2577 est
1610 2540 1800 2588 ponatur:

254 2595 392 2634 eadem
428 2596 559 2635 forma
602 2597 709 2647 apud
746 2596 948 2636 Lucilium
985 2597 1053 2636 lib.
1080 2597 1189 2636 XXX
1214 2611 1252 2635 u.
1283 2598 1397 2637 1050
1422 2597 1459 2636 V
1486 2611 1522 2638 u.
1551 2599 1635 2638 203
1662 2598 1683 2636 I
1710 2611 1746 2636 u.
1775 2599 1798 2636 5

253 2654 384 2694 Plaut.
411 2655 495 2694 Mil.
517 2656 602 2695 884
628 2656 781 2695 tradita
812 2659 874 2696 est
905 2652 1005 2710 (Leo
1030 2657 1206 2697 Plautin.
1233 2658 1392 2696 Forsch.
1419 2671 1457 2708 p.
1484 2652 1602 2711 267).
1643 2657 1800 2707 Itaque

255 2716 400 2766 incipit
430 2716 526 2756 deus
557 2717 633 2755 hac
664 2717 880 2756 sententia:
914 2714 1101 2756 ‘Maxime
1132 2718 1290 2768 uellem,
1321 2718 1355 2757 si
1387 2718 1491 2756 forte
1522 2717 1684 2757 fortuna
1714 2717 1802 2756 fieri

254 2778 406 2827 posset,
439 2806 447 2814 .
482 2807 489 2814 .
518 2773 542 2815 .’
594 2789 696 2826 quae
745 2776 1016 2827 sequebantur
1063 2777 1217 2816 incerta
1265 2780 1370 2817 sunt.
1450 2777 1661 2817 Artissime
1711 2790 1801 2816 cum

256 2847 322 2874 uu.
351 2836 404 2874 27
416 2847 524 2886 seqq.
562 2836 667 2875 hunc
697 2849 857 2875 uersum
889 2837 1095 2876 coniunxit
1126 2837 1305 2889 Scaliger
1340 2850 1458 2888 quem
1495 2839 1555 2877 ita
1593 2839 1803 2877 constituit

254 2894 394 2934 uellem
424 2897 652 2944 cumprimis
687 2897 776 2945 fieri
812 2898 849 2936 si
881 2897 966 2945 fors
998 2899 1205 2946 potuisset,
1244 2898 1339 2947 quia
1376 2897 1460 2936 illic
1492 2911 1529 2936 u.
1559 2898 1613 2936 28
1652 2897 1802 2949 legitur

255 2955 541 3035 adfuigsemus:
577 2955 664 3070 sed)
685 2958 792 2996 recte
830 2956 1111 3008 imperfectum
1142 2951 1357 3011 (Draegeri
1391 2959 1547 3008 syntax.
1579 2957 1671 2997 hist.
1701 2958 1800 3010 ling.

257 3014 343 3054 Lat.
389 3015 430 3054 Π
460 3028 498 3067 p.
527 3015 645 3055 722b
668 3046 676 3055 .
