2060 3444
713 330 843 369 incerta.
871 329 948 369 sed.
974 343 1010 367 u.
1038 332 1286 368 1219—1222.
1683 327 1769 373 387

189 444 191 446 ’
226 444 343 486 nudis
386 445 552 497 pedibus
594 447 637 484 in
680 442 844 485 cliuum’
890 459 921 485 e.
949 459 986 496 q.
1013 458 1042 485 s.
1111 445 1376 485 Baehrensius
1420 444 1521 484 libro
1548 445 1569 483 Ι
1611 457 1771 484 uersum

224 506 378 546 tribuit.

348 560 489 606 1220.
522 566 670 609 Festus.
708 566 874 617 p‚165,
902 568 954 604 11
1001 566 1041 605 et
1078 565 1227 605 Paulus
1265 579 1302 616 p.
1326 565 1430 614 164,
1458 566 1481 603 2
1526 561 1772 614 “‘Nequam

227 639 367 666 aurum
399 628 460 665 est
491 627 598 666 auris
631 626 739 676 quod
761 625 824 665 uis
849 626 1126 665 uehementius
1152 625 1280 665 ambit
1307 620 1479 679 (ambiat
1503 624 1613 664 Festi
1638 636 1770 675 amur.

224 681 367 740 duo)”.
411 686 497 726 Hoc
540 698 660 725 uersu
703 686 833 726 Lucili
865 685 1084 738 significari
1121 687 1180 725 ait
1217 685 1380 725 Sinnius
1420 684 1563 736 Capito
1601 697 1773 735 nequam

225 758 308 786 esse
359 759 516 798 aurum,
568 746 674 797 quod
723 747 831 786 auris
880 746 1033 792 laedat,
1083 746 1149 786 uel
1197 745 1372 797 pondere
1411 746 1634 794 inaurium,
1683 757 1774 784 cum

224 806 461 847 mollissima
498 819 591 858 pars
630 808 737 846 auris
774 806 984 846 inciditur:
1021 807 1087 846 uel
1124 819 1171 846 ex
1209 818 1306 846 auro
1340 805 1522 858 intellegi
1551 806 1773 856 pecuniam,

225 868 336 907 cuius
367 868 550 917 respectu
581 868 622 906 et
650 868 775 906 nimia
799 866 1022 918 cupiditate
1047 867 1227 906 homines
1253 866 1301 906 ad
1329 865 1575 917 peccandum
1601 862 1772 905 adduci'.

225 926 285 966 De
317 928 516 977 scriptura
547 939 686 966 uersus
717 940 767 966 ne
798 926 955 966 dubites
985 927 1103 966 Pauli
1134 929 1174 966 et
1205 927 1315 966 Festi
1344 926 1458 966 libris
1489 926 1556 965 uel
1587 926 1631 965 in
1661 927 1774 965 auris

225 986 445 1026 accusatiui
489 988 618 1027 forma
662 987 1019 1037 consentientibus,
1062 987 1110 1026 de
1147 987 1480 1038 interpretatione
1516 987 1598 1026 iam
1641 985 1775 1024 Verrii

225 1047 471 1098 temporibus
497 1060 577 1087 non
599 1048 819 1087 constabat.
869 1047 980 1088 Duas
1006 1047 1218 1099 proposuit
1236 1047 1378 1087 Festus
1404 1046 1774 1098 interpretationes:

227 1109 297 1146 aut
332 1107 438 1147 laedi
476 1120 591 1148 aures
637 1107 687 1147 ab
733 1120 829 1147 auro
872 1108 1047 1158 pondere
1089 1108 1291 1147 inaurium
1337 1120 1419 1147 esse
1461 1106 1775 1159 intellegendum

227 1169 298 1207 aut
348 1179 464 1207 aures
512 1167 719 1207 hominum
763 1169 851 1207 auri
893 1168 1253 1218 pollicitationibus
1296 1169 1480 1208 resistere
1523 1179 1605 1206 non
1647 1178 1774 1218 posse.

227 1227 407 1267 Priorem
442 1228 814 1279 interpretationem
850 1227 1030 1278 ineptam
1067 1240 1150 1268 esse
1188 1229 1318 1279 patet:
1357 1228 1619 1279 posteriorem
1649 1227 1777 1278 igitur

227 1300 440 1340 agnoscere
471 1288 658 1327 debemus
691 1289 732 1326 in
763 1302 800 1327 u.
826 1288 984 1327 Lucilii.
1047 1287 1123 1334 Qui
1155 1288 1274 1328 dixit:
1311 1300 1485 1338 nequam
1523 1300 1666 1327 aurum
1698 1288 1775 1336 est;

226 1362 319 1388 nam
357 1347 527 1399 quoduis
565 1360 724 1399 aurum,
762 1349 846 1388 siue
883 1348 1035 1388 factum
1072 1349 1157 1388 siue
1197 1350 1468 1398 numeratum,
1500 1347 1585 1386 siue
1615 1348 1775 1387 inaures

228 1408 371 1460 quibus
412 1408 681 1459 corrumpitur
716 1408 929 1447 mulierum
969 1409 1152 1458 castitas,
1185 1409 1270 1448 siue
1301 1408 1412 1448 aurei
1442 1421 1544 1459 quos
1574 1408 1777 1458 accipiunt

227 1469 326 1508 mali
368 1468 535 1518 iudices,
584 1470 703 1508 nimis
746 1469 1002 1508 uehementer
1044 1469 1177 1508 omnia
1219 1469 1300 1508 ista
1343 1469 1580 1520 oppugnant
1622 1468 1777 1507 ambitu

227 1529 435 1568 hominum
467 1541 592 1568 aures.
648 1529 797 1580 Agitur
827 1529 875 1568 de
900 1529 1072 1578 homine,
1105 1530 1175 1580 qui
1205 1541 1285 1568 non
1316 1530 1515 1568 monstrat
1539 1529 1677 1577 oculis,
1708 1527 1777 1567 sed

228 1589 442 1641 pollicetur
484 1589 646 1628 auribus
691 1590 776 1628 eius
821 1602 939 1639 quem
983 1589 1137 1629 ambitu
1185 1589 1368 1640 improbo
1412 1590 1670 1639 corrupturus
1714 1589 1776 1627 est

229 1662 370 1688 aurum
409 1661 541 1688 suum:
579 1649 683 1688 unde
721 1649 879 1688 aurium
916 1649 1156 1688 uocabulum
1194 1649 1301 1699 quod
1337 1650 1473 1699 posuit
1507 1650 1628 1699 poeta
1671 1650 1777 1687 recte

230 1709 412 1760 explices.
462 1709 617 1757 quomis
641 1708 937 1761 Lachmannus,
969 1711 1108 1758 quouis
1127 1709 1406 1758 Baehrensius,
1426 1709 1528 1758 quod
1551 1710 1596 1747 ui
1620 1708 1776 1748 Dousa:

229 1781 398 1818 nequam
448 1772 518 1819 est,
568 1781 713 1808 awrum
762 1771 874 1809 auris
923 1771 1061 1818 quoius
1109 1770 1370 1809 uehementius
1420 1770 1543 1808 ambit
1588 1768 1776 1820 Scaliger.

230 1829 411 1869 Pertinet
442 1829 494 1869 ad
523 1830 661 1869 incert.
687 1842 724 1869 u.
754 1831 866 1869 1119
895 1842 975 1880 seq.

354 1883 496 1929 1221.
534 1889 664 1929 Varro
709 1889 756 1929 de
796 1890 935 1942 lingua
972 1889 1120 1928 Latina
1156 1889 1259 1929 libro
1285 1889 1365 1928 VII
1392 1890 1446 1928 32
1493 1885 1628 1928 ‘Dicta
1673 1889 1778 1928 enim

232 1950 339 2001 apud
375 1951 529 1989 ueteres
569 1946 681 1989 “una
718 1946 880 1989 canes’'.
941 1951 1079 2000 itaque
1117 1950 1272 1989 Ennius
1309 1949 1448 1989 scribit
1475 1980 1482 1988 .
1505 1980 1512 1988 .
1534 1980 1561 2000 .,
1600 1947 1778 1988 Lucilius

235 2003 439 2060 “nequam
482 2012 522 2049 et
565 2022 734 2062 magnus
771 2010 907 2059 homo,
930 2010 1146 2064 *laniorum
1182 2011 1375 2050 immmes
1413 2022 1530 2049 canes
1569 2005 1673 2048 ut’'.’
1736 2011 1781 2048 ut

234 2083 324 2109 cum
356 2070 601 2120 anastropha
631 2070 767 2120 posuit
797 2071 977 2120 exemplo
1008 2069 1174 2109 Homeri
1206 2083 1323 2121 quem
1361 2069 1612 2121 comparauit
1643 2069 1779 2108 Dousa

234 2124 294 2184 (A
323 2131 375 2169 72
409 2128 521 2170 λύκοι
553 2129 606 2177 ὥς
646 2125 730 2169 172
769 2129 859 2182 βόες
891 2129 944 2178 ὥς
975 2131 1013 2168 Γ
1035 2131 1058 2168 2
1093 2127 1254 2182 ὄρνιθες
1291 2125 1364 2185 ὥς)
1402 2131 1445 2169 in
1481 2130 1633 2169 bestiae
1674 2142 1779 2168 com-

234 2189 455 2240 paratione,
486 2189 658 2241 Vergilii
688 2190 820 2229 locum
845 2191 1096 2240 comparauit
1120 2190 1336 2239 Muellerus
1366 2190 1464 2229 Aen.
1490 2190 1532 2228 Π
1559 2190 1643 2228 355
1672 2186 1778 2228 ‘inde

232 2250 320 2300 lupi
357 2262 428 2289 ceu
464 2247 660 2301 raptores’
706 2262 784 2301 quo
827 2249 915 2289 loco
956 2252 1090 2289 tamen
1133 2250 1394 2301 transpositio
1437 2250 1568 2289 minus
1609 2250 1781 2288 sentitur

235 2309 373 2349 addito
416 2309 593 2360 epitheto
636 2322 763 2360 neque
806 2310 883 2348 huc
925 2311 1101 2360 pertinet
1137 2323 1254 2360 quem
1293 2324 1331 2349 u.
1358 2309 1495 2350 Dousa
1531 2311 1781 2359 comparauit

235 2370 303 2409 lib.
329 2369 409 2408 VH
434 2383 470 2408 u.
494 2370 578 2408 284
606 2366 832 2420 ‘delphinus
856 2371 903 2409 ut
931 2367 1041 2409 olim’
1068 2383 1196 2420 neque
1222 2370 1291 2409 lib.
1310 2370 1410 2409 XIII
1434 2383 1471 2408 u.
1499 2370 1584 2408 445
1613 2367 1781 2420 ‘pauper

235 2426 324 2469 uti’.
379 2430 578 2469 laniorum
609 2442 726 2470 canes
757 2431 1042 2469 commemorat
1072 2429 1201 2470 Varro
1226 2443 1301 2469 rer.
1320 2432 1418 2469 rust.
1440 2429 1483 2468 H
1509 2431 1546 2479 9,
1574 2430 1598 2468 5
1627 2426 1779 2468 ‘uiden-

237 2489 332 2528 dum
363 2502 412 2529 ne
444 2502 468 2528 a
498 2489 757 2530 aenatoribus
790 2491 861 2529 aut
897 2490 1016 2529 laniis
1057 2502 1174 2530 canes
1212 2486 1347 2529 ema's’.
1410 2488 1595 2528 Hominis
1627 2488 1780 2540 effigies

237 2551 403 2589 notatur
432 2551 479 2588 ut
508 2549 576 2588 lib.
596 2549 654 2588 VI
680 2563 716 2588 u.
740 2551 822 2589 242
859 2547 909 2589 ‘si
940 2550 1057 2599 nosti,
1089 2563 1168 2589 non
1200 2562 1368 2602 magnus
1399 2550 1518 2589 homo
1550 2545 1637 2589 est’.
1700 2548 1779 2588 Cic.

239 2610 282 2648 in
308 2609 419 2648 Verr.
438 2609 502 2648 ΙΠ
528 2610 583 2649 84
612 2606 679 2649 ‘ad
703 2611 875 2649 minores
901 2611 1087 2649 ciuitates
1111 2610 1287 2649 habebat
1311 2611 1423 2660 alios,
1449 2621 1548 2660 quos
1573 2611 1781 2659 tamquam

238 2681 355 2709 canes
374 2669 620 2720 immitteret,
639 2683 812 2720 nequam
830 2670 1010 2710 homines
1031 2670 1071 2709 et
1088 2666 1319 2721 improbos’.
1368 2669 1535 2709 Aristot.
1554 2669 1654 2708 rhet.
1674 2668 1737 2707 III
1754 2670 1780 2707 4

238 2743 276 2780 p.
300 2729 446 2768 1406b
474 2730 528 2768 28
543 2742 650 2780 seqq.

362 2783 502 2830 1222.
521 2789 672 2828 Paulus
691 2802 730 2840 p.
751 2790 850 2839 175,
869 2791 893 2829 2
915 2786 1200 2841 ‘Noctipugam
1220 2784 1508 2844 (noctinugam,
1525 2788 1782 2841 noctiiugam,

240 2848 487 2900 noctilugam
517 2843 632 2902 codd)
658 2848 836 2889 Lucilius
867 2862 959 2889 cum
982 2848 1095 2898 dixit,
1121 2848 1331 2889 obscenum
1357 2845 1584 2900 significat'.
1639 2848 1781 2887 Festus

240 2921 279 2958 p.
302 2909 400 2956 174,
426 2908 451 2946 8
486 2904 498 2922 ‘
667 2908 764 2947 1.11.
797 2908 937 2948 obscae
1129 2906 1310 2947 medica'.
1373 2907 1615 2946 Emendauit
1644 2919 1782 2946 uocem

242 2967 462 3007 Salmasius
494 2980 514 3005 e
546 2967 750 3019 glossariis
775 2967 903 3006 ueluti
929 2966 1041 3006 GGL
1066 2967 1103 3005 V
1128 2981 1166 3018 p.
1194 2968 1263 3016 87,
1290 2968 1314 3006 5
1350 2964 1623 3018 ‘noctipugam
1649 2966 1781 3006 obsce-

242 3039 339 3066 num
394 3027 501 3076 quod
558 3027 675 3077 quasi
723 3026 906 3066 noctibus
961 3024 1265 3078 conpungatur’.
1345 3026 1534 3066 Loeweus
1583 3026 1781 3077 prodrom.

243 3100 282 3138 p.
306 3087 387 3126 311
418 3089 510 3138 apte
536 3086 785 3138 comparauit
810 3087 983 3139 glossam
1009 3080 1164 3140 (incert.
1191 3100 1228 3126 u.
1251 3081 1355 3140 968)
1383 3085 1495 3126 CGL
1515 3086 1551 3123 V
1578 3100 1614 3136 p.
1637 3087 1705 3136 58,
1726 3088 1779 3127 39

1427 3152 1496 3187 25*
