2060 3444
293 276 380 318 436
852 275 937 310 dub.
966 287 999 310 u.
1029 279 1274 311 1372-1375.

417 383 556 427 1372.
598 386 674 425 Cic.
708 387 820 437 epist.
845 387 886 425 II
914 389 952 436 8,
980 389 1002 426 2
1047 385 1227 428 ‘tantum
1264 388 1407 428 habeto
1451 390 1575 428 ciuem
1615 391 1823 441 egregium

296 461 378 487 esse
410 447 641 498 Pompeium
672 448 712 485 et
742 446 793 484 ad
825 448 969 496 omnia,
1002 460 1104 497 quae
1134 448 1380 498 prouidenda
1411 450 1504 488 sunt
1533 449 1574 487 in
1609 449 1824 499 republica,

295 509 334 545 ct
366 507 496 545 animo
530 508 569 545 et
595 505 759 545 consilio
785 507 982 556 paratum.
1034 507 1162 552 Quare
1189 507 1240 546 da
1264 509 1304 546 te
1329 508 1498 546 homini:
1531 508 1824 559 complectetur,

294 566 391 605 mihi
424 562 565 604 crede'.
615 565 897 604 Hexametrum
929 567 1096 618 agnouit
1124 565 1295 606 Orellius
1327 569 1367 606 et
1389 567 1544 607 Lucilio
1575 568 1727 607 tribuit.
1772 568 1825 607 Et

295 626 417 665 uerba
460 626 618 676 singula
661 625 848 663 uidentur
889 639 1029 665 reuera
1072 626 1154 665 stili
1198 639 1280 666 esse
1322 626 1530 666 Luciliani.
1598 627 1735 667 Veluti
1781 628 1829 668 in.

295 685 453 724 exordio
484 685 703 723 hexametri
727 697 848 732 quare
872 685 1007 736 posuit
1032 687 1093 723 ter
1118 685 1183 724 lib.
1210 685 1227 723 I
1254 700 1291 724 u.
1321 687 1374 724 34
1401 687 1494 725 XIX
1518 700 1556 725 u.
1572 688 1670 726 560
1695 687 1835 726 XXIX-

294 759 331 783 u.
362 746 463 795 7943
500 745 647 783 homini
684 744 867 782 datiuum
904 744 945 783 in
983 744 1268 795 semiquinaria
1304 747 1445 795 quater
1482 746 1548 784 lib.
1575 746 1652 787 XII
1675 747 1824 785 u..-432

258 799 261 802 ’
295 804 409 843 XVII
436 818 471 842 u.
492 804 583 842 ’548
611 803 837 842 incertuu.
868 805 1154 853 13281329,
1195 806 1600 856 praeterea-saepius
1645 805 1827 844 adhibuit

295 877 366 914 pro
404 864 635 914 pronomine
675 865 708 902 cz·
738 863 844 902 hunc
882 863 1061 902 datiuum
1100 865 1183 904 sine
1222 864 1396 914 epitheto
1433 866 1476 903 in
1515 865 1604 903 aliis
1642 877 1827 904 uersuum

296 923 470 972 sedibust,
508 924 616 962 crede
652 923 747 961 milei
778 923 926 974 legitur
956 923 1022 962 lib.
1050 923 1221 962 XXVIII
1247 937 1284 962 u.
1315 925 1415 973 797,
1457 925 1641 973 conplexa
1676 924 1743 986 lib.
1769 924 1827 963 IV

300 997 335 1021 ιι.
366 984 461 1032 180,
486 983 695 1032 paulisper
725 994 784 1020 mc
814 983 900 1021 clem
931 982 997 1021 lib.
1024 983 1152 1021 XXIX
1177 996 1214 1021 u.
1243 984 1339 1022 862.

418 1013 558 1082 1373.
598 1041 841 1081 Glossarium
879 1041 1024 1081 codicis
1056 1042 1242 1082 Vaticani
1282 1042 1391 1081 OGL
1417 1043 1475 1082 IV
1505 1056 1543 1093 p.
1569 1042 1705 1083 XVIII
1726 1043 1826 1082 med.

297 1099 593 1140 Scultimidoni
636 1102 705 1151 qui
749 1101 973 1140 scultimam
1019 1114 1130 1141 suam
1174 1102 1279 1152 quod
1328 1104 1387 1141 est
1434 1102 1586 1152 podicis
1636 1102 1828 1143 orificium

296 1161 421 1212 gratis
446 1161 652 1212 largiatur.
697 1161 804 1199 dicta
830 1161 1015 1199 scultima
1041 1162 1155 1211 quasi
1184 1163 1403 1200 scortorum
1429 1159 1598 1204 intima'.
1644 1162 1828 1202 Goetzius

297 1221 395 1259 Mus.
422 1220 545 1259 Rhen
571 1220 639 1258 XL
671 1221 781 1258 1885
808 1234 845 1270 p.
875 1222 956 1258 327
991 1220 1201 1260 uerborum
1232 1234 1414 1260 numeros
1452 1221 1575 1260 sensit
1612 1222 1828 1272 dactylicos

298 1280 399 1319 unde
438 1280 700 1319 Baehrensius
733 1273 858 1332 (887)
896 1279 1050 1319 Lucilio
1088 1281 1241 1319 tribuit.
1310 1280 1549 1320 Genetiuum
1587 1281 1835 1332 singularem·

298 1340 419 1379 fuisse
451 1341 563 1390 patet
595 1340 844 1378 enarratione
876 1341 1136 1391 grammatici

419 1393 559 1438 1374.
604 1398 744 1437 Festus
783 1413 819 1449 p.
848 1399 945 1448 340,
973 1401 1027 1437 24
1067 1399 1171 1438 inter
1206 1401 1504 1449 septimontium
1535 1399 1729 1449 siparium
1772 1414 1828 1439 sc—

291 1459 427 1507 plasta
453 1459 637 1510 glossas:
655 1454 890 1508 ‘<sepultum
914 1457 1067 1510 m>orte
1092 1471 1167 1497 mm
1170 1471 1278 1509 oque
1304 1472 1390 1498 cum
1418 1461 1477 1498 ait
1500 1456 1735 1510 <Luciliuss
1752 1472 1828 1501 mc-

296 1519 408 1556 mim‘t
439 1515 516 1569 d>e
547 1518 590 1556 L.
613 1517 797 1556 Terentio
829 1518 949 1556 Tusci
979 1515 1086 1569 ιικοὶ
1116 1520 1301 1568 muqistro
1339 1531 1450 1568 quem
1480 1515 1654 1570 constat>
1691 1520 1828 1558 uiuum

297 1578 345 1616 de
382 1590 475 1616 saxo
520 1577 688 1627 Tarpeio
726 1574 958 1627 <desiluisse
997 1591 1081 1616 cum
1121 1590 1161 1616 co
1205 1575 1407 1629 u>enisset
1443 1578 1678 1618 comisatum
1725 1579 1832 1629 quod

296 1634 411 1687 <uini
444 1639 483 1675 αἱ
514 1639 642 1685 facere
674 1633 802 1687 ess>et
833 1634 1019 1676 coactus’.
1082 1650 1259 1686 meroque
1291 1637 1469 1689 Scaliger
1499 1639 1669 1689 scripsit,
1700 1638 1834 1678 locum·

298 1710 343 1734 eo
376 1697 455 1735 fere
487 1709 565 1746 quo
596 1697 709 1747 posui
742 1697 857 1735 modo
890 1698 1099 1735 constituit
1123 1696 1167 1735 Ο.
1188 1697 1400 1736 Muellerus
1426 1699 1496 1747 qui
1520 1697 1664 1750 Lucilii
1689 1703 1828 1738 nomen

298 1756 543 1795 intercidisse
563 1757 707 1795 statuit
725 1755 995 1805 probabiliter.
1028 1756 1213 1795 Imitatus
1240 1758 1300 1795 est
1324 1757 1501 1796 Lucilius
1528 1757 1648 1796 Ennii
1673 1763 1834 1797 uersumv

299 1816 433 1854 annali
466 1815 564 1854 Vm
596 1810 701 1868 (292
717 1811 771 1868 V)
798 1816 969 1865 positum
997 1816 1044 1854 de
1070 1829 1147 1866 quo
1174 1816 1344 1856 Macrob.
1372 1817 1454 1856 Sat.
1480 1816 1538 1855 VI
1567 1819 1602 1866 1,
1630 1819 1685 1857 20
1713 1813 1834 1857 ‘nunc

298 1876 431 1914 hostes
467 1876 561 1913 uino
600 1875 740 1913 domiti
778 1888 992 1924 somnoque
1031 1872 1202 1926 sepulti'.
1267 1876 1460 1927 Suppleas
1498 1876 1623 1915 ueluti
1662 1873 1841 1958 ‘sodales

300 1934 405 1972 mani
438 1935 634 1973 hominem
667 1935 851 1973 inuenere
884 1935 1082 1984 sepultum
1114 1937 1239 1974 morte
1272 1932 1484 1985 meroque’.
1805 1953 1840 1981 ·-;

422 1989 565 2032 1375.
594 1993 742 2032 Cicero
784 1994 939 2032 Tausrul.
966 1994 984 2031 I
1012 1995 1133 2042 5,1Ο
1180 1991 1287 2043 ‘Dic,
1332 2008 1494 2045 quaeso:
1540 2009 1632 2034 num
1677 1972 1744 2034 te
1759 1954 1832 2035 ill'a'

301 2055 465 2101 terrent,
497 2054 641 2125 triceps
674 2053 778 2102 apud
810 2053 957 2092 inferos
992 2053 1199 2102 Ceiberus,
1233 2053 1369 2103 Cocyti
1401 2055 1600 2103 fremitus,
1636 2055 1839 2094 trauectio=

299 2109 590 2163 Acherontis,‘
597 2109 744 2150 ‘mento
777 2126 971 2151 summam
1004 2126 1148 2163 aquam
1181 2114 1380 2164 attingens
1413 2115 1571 2153 enectus
1601 2110 1699 2153 siti’'
1727 2115 1840 2165 Tane„

299 2172 422 2220 talus,
467 2175 571 2210 tum·
595 2172 696 2210 illud
740 2172 844 2221 quod
883 2168 1108 2222 “Sisyphus
1155 2167 1372 2226 (sisyphius
1410 2173 1506 2212 codd
1530 2186 1578 2212 m.
1609 2167 1653 2227 1)
1697 2176 1839 2213 uersat-

300 2244 434 2269 saxum
463 2231 606 2270 sudans
631 2231 793 2277 nitendo
820 2244 946 2281 neque
972 2231 1128 2281 proficit
1155 2228 1327 2281 hilum'',
1358 2232 1525 2272 fortasse
1552 2234 1673 2272 etiam
1698 2234 1829 2273 inexo-

299 2290 444 2329 rabiles
475 2290 642 2340 iudices,
679 2291 808 2330 Minos
841 2293 880 2329 et
910 2291 1236 2331 Rhadamanthus
1245 2289 1279 2329 ‘P'
1331 2292 1503 2331 Exhibet
1532 2292 1655 2332 uerba
1684 2292 1781 2332 inde.
1807 2306 1831 2332 a

301 2346 399 2388 ‘tum
437 2350 536 2388 illud
570 2371 623 2377 -—-
657 2346 798 2388 hilum’
836 2350 991 2389 Nonius
1022 2364 1058 2401 p.
1090 2353 1185 2399 121,
1213 2352 1237 2390 5
1265 2363 1293 2390 s.
1320 2365 1356 2390 u.
1389 2353 1511 2391 hilwm
1544 2354 1584 2390 et
1613 2365 1651 2402 p.
1680 2352 1777 2402 353,
1805 2354 1828 2391 8

300 2422 327 2447 s.
354 2423 391 2447 u.
417 2410 500 2458 niti,
527 2422 644 2459 quem·
668 2410 822 2448 mireris
849 2411 1017 2459 utroque
1043 2410 1127 2449 loco
1152 2410 1357 2459 Sisyphius
1381 2411 1570 2461 praebere
1594 2411 1709 2450 idem
1726 2411 1835 2462 quod*

299 2468 399 2507 codd
431 2468 629 2508 Ciceronis
655 2470 678 2507 l.
706 2482 734 2508 s.
762 2469 909 2508 habent
940 2471 1179 2520 corruptum.
1230 2470 1384 2509 Lucilio
1416 2471 1558 2509 tribuit
1581 2471 1611 2509 I.
1635 2470 1830 2511 Beckerus

300 2528 441 2566 Philol.
467 2528 507 2566 ΙΙ
537 2529 646 2566 1847
682 2542 717 2578 p.
747 2530 800 2567 37
840 2542 990 2567 memor
1035 2531 1075 2568 et
1110 2529 1309 2568 Luciliani
1351 2531 1592 2570 hemistichii
1630 2530 1696 2570 lib.
1723 2531 1830 2571 XXX

300 2601 335 2625 u.
367 2589 475 2626 1021
514 2584 606 2626 ‘non
637 2587 795 2638 proficis
827 2585 981 2637 hilum',
1020 2589 1060 2626 et
1091 2589 1252 2627 Tantali
1285 2590 1353 2639 qui
1383 2589 1450 2628 lib.
1476 2590 1538 2628 m
1563 2603 1599 2628 ιι.
1630 2591 1713 2629 140
1751 2603 1829 2628 me*

302 2648 488 2685 moratur.
551 2646 695 2685 Maluit
731 2647 942 2686 Muellerus
982 2650 1216 2698 anapaestos
1255 2650 1492 2688 constituere
1531 2651 1571 2688 et
1601 2649 1835 2700 tragoediae-

300 2705 370 2744 hes
413 2717 548 2744 uersus
591 2706 795 2744 uindicare
838 2706 880 2744 in
930 2707 1053 2745 Nonii
1096 2707 1188 2747 edit.
1214 2707 1255 2745 ll.
1283 2720 1331 2746 ss,
1376 2710 1416 2747 et
1457 2709 1500 2746 in
1543 2708 1687 2747 Lucilii
1737 2708 1829 2747 edit.

300 2779 337 2815 p.
367 2765 468 2813 169,
509 2777 597 2804 cum
634 2765 860 2804 Lucilianos
904 2778 986 2804 esse
1026 2778 1162 2805 uersus
1204 2767 1418 2806 contendat
1454 2767 1692 2806 Ribbeckius
1732 2766 1830 2806 ORF

301 2824 393 2862 edit.
418 2824 459 2863 H
483 2839 520 2875 p.
549 2824 720 2874 CXXXI,
751 2825 840 2864 ideo
872 2825 976 2875 quod
1007 2826 1130 2864 hilum
1160 2827 1199 2864 in
1234 2827 1440 2878 tragoedia
1477 2840 1556 2866 non
1591 2826 1829 2867 inueniatur.

300 2884 353 2922 Et
385 2884 601 2934 dactylicos
634 2897 718 2924 esse
749 2897 884 2925 uersus
916 2898 1003 2924 cum
1029 2885 1174 2925 Lucilii
1204 2898 1339 2925 uersus
1370 2887 1438 2926 ille
1464 2887 1557 2926 libri
1581 2887 1689 2926 XXX
1716 2888 1825 2926 1021

301 2945 386 2982 tum
418 2943 582 2983 Homeri
612 2944 786 2984 imitatio
818 2945 957 2984 suadet
987 2947 1032 2984 ut
1063 2947 1284 2985 statuamus
1317 2946 1385 2997 qui
1421 2946 1467 2985 de
1501 2946 1671 2997 Sisypho
1697 2948 1718 2984 λ
1745 2947 1828 2986 599

302 3001 423 3054 αὐτὰρ
450 3002 472 3042 ὅ
496 2999 532 3056 γ’
562 3001 621 3053 ἂψ
648 3002 796 3043 ὤσασκε
822 3003 1099 3057 τιταινόμενος,
1124 3003 1221 3044 κατὰ
1247 3000 1284 3044 δ’
1314 3004 1432 3059 ἴδρως
1457 3004 1586 3059 ἔρρεεν
1611 3003 1653 3044 ἐκ
1672 3003 1832 3058 uelim).
