2060 3444
823 260 907 296 X1V
933 272 968 298 n,
996 263 1197 296 459-464.
1676 305 1678 308 y
1708 256 1790 299 171

167 364 169 366 ’
245 374 399 426 Quanto
430 376 536 414 recte
569 375 726 424 Dousa,
763 388 857 414 nam
889 387 1007 425 saepe
1037 375 1097 414 ita
1128 374 1311 424 loquitur
1341 372 1534 412 Horatius
1566 371 1608 410 in
1645 372 1793 412 saturis

243 435 264 474 Ι
292 436 330 485 2,
358 436 426 475 47.
455 436 521 474 73.
556 436 595 485 3,
623 436 678 474 83
711 435 752 474 II
780 438 817 487 1,
846 437 912 474 21.
946 457 1005 462 -
1035 435 1166 483 facere
1202 435 1288 477 hoc,
1334 432 1440 483 quod
1485 434 1604 472 antea
1634 446 1672 471 11.
1706 432 1790 472 459

243 497 508 535 memoratum
540 496 639 546 erat,
670 495 799 535 uitam
831 496 1009 547 quietam
1040 495 1200 547 degere:
1234 493 1312 532 Cic.
1338 506 1412 544 pro
1439 492 1594 532 Cluent.
1617 493 1685 540 56,
1708 493 1792 531 153

244 552 302 595 fse
323 585 331 594 .
353 586 361 594 .
383 586 392 595 .
418 556 548 595 uitam
578 555 691 595 illam
722 556 986 607 tranquillam
1017 557 1058 595 et
1089 554 1286 605 quietam,
1324 555 1521 592 remotam
1553 565 1577 592 a
1607 552 1794 604 procellis

243 615 492 655 inuidiarum
523 617 565 656 et
595 616 870 656 huiuscemodi
906 616 1146 656 iudiciorum
1184 615 1299 665 sequi
1333 610 1550 653 maluisse'.
1576 635 1634 640 —
1659 614 1794 662 fecisse

245 677 375 716 uideri
411 675 459 715 de
497 676 697 716 damnatis
738 678 888 716 locutio
932 676 1153 715 sollemnis:
1197 675 1292 714 conf
1324 675 1389 713 lex
1427 673 1475 713 (10
1512 675 1634 724 repet.
1663 672 1748 712 CIL
1774 674 1794 712 I

247 737 345 785 198,
371 738 426 775 42
455 735 534 776 Cic.
561 737 624 776 ad.
644 737 730 776 Att.
751 737 809 776 IV
826 738 905 787 17,
932 737 956 776 5
988 737 1032 775 111
1057 735 1169 775 Verr.
1196 735 1233 773 V
1261 736 1300 784 6,
1328 735 1382 773 14
1408 747 1481 785 pro
1502 733 1613 773 Gaec.
1642 733 1710 783 25,
1738 735 1791 772 73

243 797 286 836 111
311 797 390 836 Ρ13.
418 798 488 846 40,
516 798 569 836 97
605 794 708 836 ‘tum
738 799 784 837 tu
809 797 893 848 ipse
919 797 967 835 (10
993 798 1032 836 te
1060 793 1232 836 “fecisse
1259 791 1419 834 uideri”
1446 790 1790 845 pronuntiauisti’.

365 851 478 898 461.
510 857 664 897 Nonius
689 872 727 908 p.
755 859 854 907 230,
883 858 936 896 18
977 854 1148 909 ‘Vulgus
1186 857 1328 895 neutro
1367 868 1511 907 genere
1548 855 1676 895 solum
1714 853 1794 894 dici

243 919 399 968 putant.
471 917 652 957 Lucilius
696 919 925 969 satyrarum
961 917 1028 956 lib.
1055 917 1175 956 XIIII
1220 913 1444 955 “dilectum
1477 946 1484 953 .
1520 946 1528 953 .
1561 945 1570 954 .
1603 911 1792 954 habere”.

243 978 464 1018 Masculino
503 977 672 1017 Sisenna
708 978 968 1018 historiarum
1005 978 1074 1016 lib.
1099 977 1162 1016 III
1201 973 1452 1028 e‘inperitum
1489 976 1665 1015 concitat
1706 976 1791 1014 uul-

245 1034 401 1090 gum”.'
465 1038 618 1078 Neutro
656 1052 799 1091 genere
838 1039 944 1089 apud
983 1037 1186 1077 Lucilium
1222 1037 1367 1087 uulgus
1411 1036 1490 1075 dici
1535 1036 1793 1075 manifestum

245 1100 306 1138 est
337 1099 567 1138 accusatiuo
603 1100 759 1149 uulyus.
822 1099 964 1149 Itaque
1002 1100 1182 1138 dilectum
1219 1111 1299 1136 non
1336 1098 1513 1148 pertinet
1550 1096 1600 1135 ad
1637 1096 1793 1146 uulyus,

244 1158 312 1199 sed
345 1158 395 1198 ad
426 1159 628 1198 hominem
666 1159 884 1210 quendam,
922 1172 1042 1209 quem
1079 1159 1226 1210 uulgus
1264 1171 1401 1197 carum
1438 1156 1570 1196 habet.
1635 1155 1793 1199 Cassius

243 1220 287 1258 in
319 1218 398 1258 Cic.
425 1220 539 1269 epist.
566 1219 644 1258 XII
672 1221 739 1270 12,
767 1221 792 1258 4
827 1217 1008 1259 ‘mirifice
1041 1222 1080 1259 te
1119 1219 1254 1270 diligit
1291 1230 1505 1268 carumque
1542 1212 1680 1256 habet'
1713 1216 1792 1256 Cic.

244 1292 316 1329 pro
342 1279 457 1318 Balb.
485 1280 539 1318 59
581 1276 642 1319 ‘ut
674 1293 739 1320 eos
773 1280 842 1330 qui
878 1281 1079 1331 principes
1117 1280 1280 1318 fuerunt
1317 1277 1612 1318 conseruandae
1650 1277 1793 1317 salutis

243 1340 314 1378 aut
345 1339 556 1391 dignitatis
588 1353 698 1379 meae
731 1340 900 1392 diligitis
933 1342 973 1380 et
1004 1353 1115 1379 caros
1147 1336 1318 1379 habetis'
1351 1333 1658 1393 (Thielmannus
1684 1338 1792 1377 arch.

243 1401 354 1439 lexic.
381 1400 469 1439 Lat.
497 1400 538 1439 II
567 1401 679 1440 1885
707 1415 745 1451 p.
774 1396 892 1455 385)
943 1401 1110 1440 Dixelat
1137 1401 1274 1450 poeta:
1307 1396 1397 1450 ‘ego
1429 1398 1591 1449 quidem
1622 1412 1701 1437 11011
1733 1399 1791 1436 in-

244 1460 361 1499 uideo
393 1460 441 1510 ei,
474 1474 592 1511 quem
623 1461 814 1500 dilectum
846 1461 962 1500 uideo
995 1461 1171 1500 studiose
1204 1461 1348 1512 uulgus
1380 1455 1553 1498 habere'.

363 1515 476 1561 462.
508 1521 663 1560 Nonius
689 1536 726 1572 p.
755 1522 854 1570 519,
882 1524 904 1561 9
941 1518 1148 1560 ‘Veterum
1185 1519 1457 1559 memorabilis
1489 1520 1656 1558 scientia
1694 1532 1792 1569 pau-

244 1593 380 1620 corum
410 1594 619 1620 numerum
649 1595 722 1631 pro
753 1581 868 1621 bonis
900 1581 1088 1632 ponebat,
1119 1581 1267 1619 multos
1297 1580 1436 1619 contra
1460 1580 1587 1618 malos
1614 1579 1791 1629 appella-

243 1641 352 1681 bant.
474 1640 652 1680 Lucilius
684 1643 911 1692 satyrarum
943 1642 1011 1680 lib.
1038 1641 1158 1679 XIIII
1191 1637 1302 1679 “non
1339 1640 1479 1691 paucis
1516 1639 1637 1678 malle
1671 1633 1793 1692 (male

245 1695 465 1754 Guelferb.)
498 1713 593 1740 acsa
622 1702 851 1749 sepientibus
884 1696 961 1754 (ita
987 1701 1019 1739 L
1045 1716 1095 1740 m.
1126 1704 1169 1740 1:
1207 1713 1254 1740 ac
1283 1702 1347 1739 sia
1382 1700 1626 1749 sapientibus
1647 1694 1700 1753 G)
1723 1730 1729 1737 .
1753 1730 1759 1737 .
1784 1731 1789 1736 .

243 1760 518 1800 NEHYECCI
532 1761 1026 1801 HATAHOMENOIGIN
1042 1756 1381 1800 ANACCEIN'’.’
1413 1759 1642 1799 Librarium
1656 1760 1791 1798 arche-

245 1821 334 1872 typi
358 1822 400 1859 in
428 1820 588 1861 Graecis
608 1821 645 1860 K
669 1834 742 1872 pro
763 1821 801 1860 H
825 1822 1011 1861 habuisse
1038 1823 1224 1872 apparet:
1256 1820 1468 1871 descripsit
1491 1821 1619 1871 igitur
1643 1819 1792 1858 librum

245 1881 485 1932 capitalibus
523 1882 670 1921 litteris
709 1884 916 1921 exaratum
957 1894 1035 1933 quo
1072 1883 1115 1920 in
1158 1894 1301 1933 genere
1338 1882 1561 1931 scripturae
1603 1880 1698 1919 illae
1743 1880 1791 1918 ab

243 1941 441 1992 imperitis
473 1955 553 1981 non
583 1943 783 1992 poterant
802 1942 964 1982 dinosci.
1027 1942 1213 1982 Fortasse
1247 1941 1445 1992 Scipionis
1477 1940 1629 1980 dictum
1654 1942 1794 1979 narrat

244 2001 422 2041 Lucilius
455 2003 527 2052 qui
551 2002 718 2041 Homeri
749 2015 888 2042 uersus
920 2015 1204 2053 saepenumero
1236 2002 1380 2040 habuit
1409 2001 1453 2040 in
1484 2014 1551 2040 ore
1579 1996 1703 2055 (Plut.
1731 2001 1790 2039 Ti.

245 2060 408 2101 Gracch
437 2064 488 2101 21
518 2061 691 2113 Appian.
724 2062 809 2101 Lib.
840 2065 905 2101 71.
935 2057 1041 2116 132)
1080 2063 1305 2114 uulgusque
1343 2062 1583 2112 contempsit
1627 2055 1791 2120 ([Plut.]

245 2122 500 2174 apopthegm.
528 2122 631 2174 Scip.
659 2123 752 2161 min.
782 2118 868 2177 22).
944 2123 1173 2162 Heraclitus
1217 2120 1238 2163 ὅ
1283 2119 1556 2175 ὀχλολοίδορος
1606 2121 1793 2161 similiter

244 2182 401 2222 dixerat
449 2177 504 2230 εἷς
553 2180 640 2233 ἐμοι
689 2182 824 2236 μύριοι
874 2178 1035 2237 (fragm.
1064 2183 1169 2222 491)
1209 2182 1278 2221 ΑΡ
1304 2182 1383 2221 VII
1412 2183 1495 2221 128
1524 2181 1602 2221 Cic.
1630 2181 1678 2220 ad
1706 2181 1791 2223 Att.

245 2242 339 2281 XVI
369 2245 436 2291 11,
465 2245 484 2281 1
514 2243 554 2280 II
583 2243 620 2291 5,
651 2245 671 2281 1
702 2243 812 2282 Brut.
845 2239 959 2297 191).
1005 2243 1152 2282 Versus
1179 2241 1354 2282 Graecus
1381 2243 1606 2292 antiquitus
1632 2241 1793 2280 uidetur

246 2303 417 2352 scriptus
450 2303 571 2341 fuisse
603 2303 749 2342 litteris
775 2302 951 2342 Latinis:
982 2316 1076 2342 nam
1102 2301 1600 2342 HATAHOMENOICIN
1632 2301 1792 2340 uidetur

244 2375 349 2401 1111110
380 2374 476 2411 0330,
507 2362 612 2412 quod
643 2363 684 2401 in
718 2363 934 2414 archetypo
960 2364 1093 2402 fuerat
1117 2360 1652 2411 ΚΑΤΑΠΘΙΜΕΝΟΙΟΙΝ,
1685 2361 1791 2411 quod

244 2421 434 2460 Latinum
466 2424 527 2461 est
557 2424 930 2472 catapthz‘menovzsin.
993 2424 1097 2462 Nam
1130 2423 1251 2462 Pthia
1285 2422 1434 2462 similia
1473 2422 1611 2461 dicunt
1641 2421 1789 2460 Latini.

245 2481 555 2522 Antecesserunt
585 2482 668 2522 fere
698 2483 812 2522 haec:
846 2479 979 2534 ‘quem
1011 2483 1207 2522 credimus
1239 2479 1387 2534 porro’.

365 2535 477 2582 464.
514 2543 668 2582 Nonius
693 2557 731 2594 p.
761 2544 859 2593 533,
887 2545 941 2583 29
989 2541 1197 2594 ‘Cercyrus
1240 2543 1356 2581 nauis
1400 2544 1461 2581 est
1502 2541 1655 2581 Asiana
1702 2555 1789 2592 per-

245 2601 419 2653 grandis.
448 2634 454 2640 .
478 2634 484 2640 .
507 2634 514 2640 .
534 2602 641 2642 idem
659 2603 728 2642 lib.
742 2603 861 2642 XIIII
883 2600 967 2642 “ad
990 2635 996 2642 .
1019 2635 1026 2642 .
1049 2635 1056 2642 .
1078 2605 1301 2643 etbatanam
1322 2634 1330 2642 .
1352 2633 1360 2640 .
1382 2634 1389 2640 .
1411 2614 1610 2653 cyrcerum
1636 2614 1790 2640 sumam

246 2657 460 2714 (summam
479 2658 894 2716 Guelferbytanus)''.’
928 2663 988 2702 De
1009 2676 1169 2703 cercuro
1189 2663 1360 2702 diximus
1380 2663 1431 2701 ad
1450 2662 1518 2701 lib.
1533 2662 1612 2700 VII
1633 2675 1668 2700 u.
1691 2662 1788 2700 316.

247 2721 510 2772 Ecbatanam,
552 2725 598 2761 ut
630 2721 742 2762 Oros.
767 2723 805 2761 V
834 2725 900 2773 10,
928 2724 952 2762 8
979 2723 1038 2762 VI
1064 2724 1104 2772 4,
1131 2725 1154 2762 9
1177 2723 1344 2762 Ptolem.
1370 2722 1471 2761 VIII
1498 2724 1566 2770 21,
1594 2723 1638 2760 9:
1671 2721 1789 2772 Vulg.

246 2781 420 2820 Maccab.
447 2782 487 2820 II
515 2783 553 2831 9,
581 2783 605 2821 3
638 2784 721 2820 iam
751 2782 967 2822 Muellerus
999 2783 1151 2822 attulit.
1213 2782 1516 2822 Bouterwekius
1555 2781 1602 2820 (10
1634 2780 1790 2820 Lucilio

246 2841 407 2880 satirico
432 2855 470 2891 p.
500 2843 523 2880 9
558 2842 658 2880 alios
685 2844 841 2881 secutus
867 2843 965 2882 haec
990 2843 1113 2882 uerba
1139 2843 1359 2882 arbitratur
1384 2854 1466 2881 0330
1493 2841 1639 2880 Lucilii
1663 2841 1789 2890 ipsius

245 2902 429 2952 negantis
461 2913 545 2940 sese
575 2913 719 2940 munus
757 2902 952 2941 eiusmodi
988 2905 1282 2953 suscepturum:
1322 2901 1427 2952 quod
1465 2914 1609 2952 parum
1646 2900 1788 2950 proba-

246 2959 325 2999 bile
357 2973 440 2999 esse
473 2963 642 3011 apparet
671 2961 739 3000 uel
769 2961 875 3012 inde,
907 2962 1013 3012 quod
1042 2961 1165 3001 uerba
1189 2963 1275 3001 tam
1301 2961 1491 3000 distincta
1517 2973 1596 2999 non
1622 2962 1790 3011 possunt

246 3033 324 3060 non
357 3021 535 3072 spectare
568 3021 619 3061 ad
649 3034 735 3060 rem
767 3023 916 3062 certam
948 3034 993 3062 ac
1026 3034 1172 3061 ueram.
1222 3021 1422 3062 Dicuntur
1452 3021 1524 3063 illa
1555 3020 1641 3064 sine
1668 3019 1788 3061 dubio
