2060 3444
289 240 346 283 56
939 240 989 276 ΙΙΙ
1014 253 1049 276 u.
1080 245 1157 277 117.

290 348 495 407 (Dessauii
525 354 642 392 inscr.
675 353 741 393 sel.
772 353 883 393 5161
914 367 938 392 a
972 347 1111 408 seqq.)
1173 355 1311 395 Veluti
1341 358 1478 407 potuit
1507 358 1676 398 scribere
1705 360 1826 410 poeta

291 410 468 452 ‘broccus
499 412 607 452 Noui
636 409 909 465 <Ae>01anus2
948 410 1098 453 “dente
1130 415 1296 454 aduerso
1329 417 1502 456 eminulo
1532 418 1597 457 hie
1629 420 1690 458 est
1718 418 1824 458 rino-

290 469 448 511 ceros!''
463 469 474 486 '
525 471 724 512 Aeclanus
755 474 802 512 ut
832 473 969 512 eodem
999 473 1117 513 modo
1149 476 1190 513 et
1219 474 1369 514 dictum
1400 478 1441 515 et
1476 478 1518 515 in
1555 478 1656 517 codd
1692 491 1824 518 corru-

289 534 404 582 ptum
429 533 484 571 sit
508 544 589 582 quo
614 530 859 572 Aeserninus
883 532 951 571 lib.
977 533 1036 571 IV
1060 547 1098 572 u.
1127 535 1224 573 149.
1254 556 1303 562 -—-
1333 536 1510 582 bromus,
1545 538 1651 587 quod
1676 536 1825 578 Graeco

291 590 457 644 βρόγχος
489 593 696 643 comparat
725 591 1016 641 Lachmfflnus,
1049 606 1178 632 errore
1206 594 1328 634 Nonii
1359 597 1499 635 natum
1530 609 1613 636 esse
1638 597 1826 637 arbitror:

290 663 418 701 neque
443 651 549 690 enim
575 651 675 690 alias
701 653 812 691 extat
836 652 911 691 hoc
935 654 1173 692 uocabulum
1198 654 1242 692 in
1266 654 1412 694 litteris
1437 655 1593 696 Latinis
1619 659 1659 697 et
1685 657 1827 697 melius

291 723 411 761 quam
447 711 572 750 Nonii
609 711 710 749 codd
746 712 924 751 seruauit
963 726 1099 751 ueram
1141 713 1353 753 lectionem
1395 715 1633 767 glossarium
1665 715 1765 756 CGL
1789 717 1827 755 V

290 784 327 821 p.
356 771 455 820 443,
483 771 536 809 28
583 767 730 810 ‘brocci
774 773 867 811 sunt
909 771 1101 821 producto
1146 785 1212 812 ore
1255 775 1296 812 et
1339 768 1439 827 (orei
1483 770 1601 830 codd)
1642 776 1827 816 dentibus

290 827 622 881 prominentibus'
651 831 708 869 40
736 827 892 870 ‘brocca
917 829 1089 871 labrosa'
1117 846 1154 883 p.
1177 834 1275 882 272,
1297 834 1350 872 28
1380 831 1558 875 ‘broccus
1583 836 1654 886 qui
1671 836 1828 876 labrum

290 889 470 940 superius
507 890 706 929 tumidum
736 888 871 930 habet’
897 891 940 930 H
970 905 1007 942 p.
1036 892 1104 942 31,
1133 893 1188 931 20
1228 889 1411 933 ‘brochus
1445 891 1467 933 ὁ
1503 893 1547 934 τὸ
1583 892 1667 935 ἅνω
1703 898 1828 947 χεῖλος

290 945 480 1004 ᾠδηκώς’.
549 950 609 989 De
647 950 830 989 dentibus
869 951 1049 990 eminulis
1090 963 1234 991 canum
1270 953 1397 992 Varro
1435 967 1508 993 rer.
1545 956 1642 994 rust.
1667 956 1709 994 H
1736 957 1774 1005 9,
1801 957 1826 995 3

280 1009 396 1049 'idem
429 1008 592 1049 adhibet
622 1010 864 1049 adiectiuum
898 1007 921 1048 ‘.
944 1042 951 1048 .
974 1042 981 1049 .
1002 1010 1147 1051 debent
1178 1025 1260 1052 esse
1282 1044 1289 1051 .
1311 1044 1318 1051 .
1341 1044 1348 1052 .
1369 1015 1503 1054 mento
1540 1026 1750 1066 suppresso
1788 1017 1829 1054 et

291 1082 338 1108 ex
369 1081 415 1108 eo
447 1069 576 1108 enatis
611 1068 763 1108 duobus
802 1069 986 1109 dentibus
1024 1070 1163 1110 dextra
1200 1073 1242 1111 et
1278 1072 1441 1112 sinistra
1475 1074 1597 1124 paulo
1635 1076 1829 1125 eminulis,

291 1128 560 1179 superioribus
591 1129 756 1169 derectis
787 1130 922 1180 potius
950 1143 1070 1181 quam
1099 1129 1307 1182 brocchis’3
1337 1133 1442 1172 idem
1472 1134 1514 1172 H
1543 1136 1579 1183 7,
1606 1135 1630 1174 3
1663 1135 1711 1174 de
1736 1135 1829 1174 den-

290 1188 398 1227 tibus
430 1201 621 1238 equorum
654 1186 951 1240 ‘praeterquam
981 1202 1071 1229 cum
1102 1190 1238 1230 dentes
1271 1191 1352 1231 sint
1382 1193 1481 1232 facti
1505 1192 1677 1233 brocchi'
1713 1207 1829 1245 quem

293 1248 424 1287 locum
462 1249 672 1298 exscripsit
700 1249 802 1287 Plin.
840 1251 922 1288 nat.
954 1249 1046 1289 hist.
1072 1250 1129 1289 XI
1158 1252 1240 1291 169
1281 1248 1476 1292 ‘senectus
1513 1253 1555 1292 in
1593 1255 1704 1304 equis
1738 1285 1745 1293 .
1779 1286 1786 1293 .
1820 1285 1827 1293 .

293 1307 543 1360 intellegitur
579 1308 757 1348 dentium
789 1307 1062 1359 brocchitate',
1100 1323 1189 1350 cum
1227 1310 1447 1352 Columella
1471 1313 1530 1352 VI
1557 1315 1624 1363 29,
1651 1314 1675 1353 5
1709 1327 1828 1365 equo-

291 1381 382 1406 rum
408 1368 695 1407 senescentium
720 1368 829 1408 dicat
855 1366 1006 1408 ‘dentes
1031 1368 1284 1422 prominere’3
1309 1371 1401 1411 uide
1426 1372 1548 1412 Keilii
1573 1375 1827 1414 commentar.

291 1441 328 1478 p.
360 1428 455 1466 186.
535 1427 734 1467 Foersteri
784 1427 926 1479 Script.
976 1428 1189 1481 Physiogn.
1215 1431 1236 1469 I
1272 1444 1309 1482 p.
1338 1432 1435 1482 427,
1464 1434 1488 1471 8
1543 1431 1828 1487 Φιλολοιδόρου

292 1489 450 1538 σημεῖα·
482 1484 526 1526 τὸ
557 1484 640 1527 ἅνω
660 1489 786 1539 χεῖλος
817 1485 1009 1540 μετέωρον
1040 1487 1106 1529 καὶ
1130 1487 1172 1529 τὸ
1201 1489 1306 1530 κάτω
1330 1489 1518 1544 προπετές
1544 1523 1552 1531 .
1574 1523 1582 1532 .
1604 1523 1612 1532 .
1637 1490 1828 1546 ἀναφέρε-

292 1560 354 1586 ται
384 1543 448 1585 ἐπὶ
479 1544 572 1594 τοὺς
602 1545 743 1595 κύνας·
777 1546 856 1587 ἴδοι
887 1542 924 1587 δ’
958 1545 1010 1587 ἄν
1034 1562 1092 1596 τις
1117 1547 1183 1588 καὶ
1207 1547 1271 1589 ἐπὶ
1295 1555 1374 1590 τῶν
1397 1551 1671 1604 γεγηρακότων
1696 1551 1829 1592 ἵππων

292 1620 329 1658 p.
358 1606 427 1655 36,
455 1607 507 1645 11
545 1606 837 1660 Φιλολοίδοροι·
875 1601 935 1655 οἷς
966 1606 1008 1648 τὸ
1040 1605 1124 1648 ἅνω
1160 1611 1289 1661 χεῖλος
1327 1608 1519 1663 μετέωρον
1556 1610 1622 1651 καὶ
1658 1610 1706 1652 τὰ
1741 1611 1828 1664 εἴδη

293 1668 512 1718 προπετεῖς,
543 1666 687 1716 quibus
718 1666 816 1706 locis
849 1667 982 1719 agitur
1013 1667 1062 1707 de
1089 1668 1351 1720 ringentibus.
1403 1670 1480 1710 Sed
1504 1672 1611 1711 recte
1636 1672 1830 1724 glossaria

292 1725 366 1765 illa
396 1738 498 1776 quae
529 1725 692 1766 broccus
723 1726 963 1766 uocabulum
992 1727 1042 1766 ad
1067 1728 1182 1768 labra
1204 1729 1403 1780 pertinere
1428 1730 1609 1770 edocent:
1639 1733 1699 1771 ita
1724 1732 1827 1771 enim

292 1785 446 1825 Plinius
470 1786 594 1825 refert
618 1787 699 1825 nat.
725 1786 816 1825 hist.
837 1786 893 1826 XI
915 1788 998 1827 159
1027 1784 1167 1838 ‘labra,
1193 1801 1218 1828 a
1243 1789 1386 1839 quibus
1405 1790 1585 1841 Brocchi,
1610 1788 1826 1834 Labeonos?

293 1847 334 1883 et
358 1845 558 1897 significat
582 1847 742 1896 proprie
767 1845 958 1887 brocchus
974 1848 1192 1895 productus
1216 1849 1281 1887 uel
1301 1850 1472 1889 eminens
1490 1851 1600 1890 labro
1618 1853 1829 1901 superiore,

292 1904 533 1944 transfertur
564 1918 589 1944 a
619 1905 800 1945 Varrone
832 1918 856 1945 a
887 1906 1009 1946 labris
1041 1907 1092 1946 ad
1129 1907 1285 1958 dentes,
1322 1921 1412 1948 cum
1448 1922 1645 1961 nusquam
1681 1910 1724 1950 id
1761 1911 1829 1951 ad-

293 1964 430 2004 hibeat
460 1965 605 2004 omisso
639 1965 893 2005 substantiuo
931 1966 1044 2006 dens:
1079 1966 1270 2008 brocchus
1307 1969 1433 2020 igitur
1470 1971 1530 2009 est
1566 1971 1636 2021 qui
1671 1970 1830 2010 labrum

293 2025 475 2074 superius
505 2023 705 2063 tumidum
735 2025 857 2064 habet
889 2025 1130 2076 poniturque
1167 2027 1242 2066 hoc
1278 2027 1520 2068 adiectiuum
1557 2030 1685 2069 solum
1723 2031 1830 2082 apud

295 2083 487 2123 Plautum
519 2084 765 2136 Sitellitergo
804 2079 928 2138 (Fest.
954 2099 991 2136 p.
1020 2081 1127 2140 375)
1165 2086 1363 2126 Lucilium
1394 2088 1419 2127 1.
1446 2100 1494 2138 s.,
1530 2091 1577 2128 ut
1611 2102 1828 2142 cognomen

293 2144 510 2194 apponitur
546 2143 731 2195 gentibus
765 2144 966 2185 Romanis.
1029 2144 1134 2191 Quid
1174 2158 1390 2198 cognomen
1427 2148 1503 2187 sibi
1540 2149 1640 2188 uelit
1677 2149 1828 2201 gladia-

295 2203 396 2243 toris
427 2202 639 2253 Lucilium,
671 2203 851 2254 Scriptor
875 2204 1230 2257 Physiognomicus
1255 2206 1276 2245 Ι
1306 2221 1343 2258 p.
1372 2208 1440 2257 64,
1468 2209 1522 2248 14
1536 2208 1568 2247 F
1593 2209 1767 2259 explicat
1791 2209 1833 2249 οῖ

294 2259 336 2301 δὲ
372 2260 419 2301 τὰ
456 2262 562 2315 χείλη
599 2261 723 2315 παχέα
760 2262 911 2316 ἔχοντες
947 2262 1014 2304 καὶ
1050 2264 1092 2305 τὸ
1129 2262 1213 2306 ἅνω
1249 2271 1320 2306 τοῦ
1360 2266 1464 2307 κάτω
1506 2267 1829 2321 προκρεμάμενον

294 2321 435 2374 μωροί·
479 2320 717 2376 ἀναφέρεται
756 2321 820 2362 ἐπὶ
859 2322 953 2371 τοὺς
995 2321 1114 2372 ὅνους
1157 2320 1272 2379 (conf
1311 2339 1412 2377 quae
1455 2327 1735 2368 adnotauimus
1778 2328 1830 2368 ad

295 2381 434 2421 incert.
459 2395 495 2420 u.
526 2377 660 2436 1299)
691 2396 730 2422 τε
760 2381 827 2422 καὶ
857 2382 1061 2435 πιθήκους
1080 2394 1136 2416 =
1156 2385 1198 2424 H
1228 2399 1265 2436 p.
1294 2387 1392 2439 228,
1421 2388 1444 2426 7
1476 2386 1582 2439 χείλη
1613 2385 1737 2440 παχέα
1763 2386 1830 2428 καὶ

294 2440 459 2492 μάλιστα
488 2439 536 2480 τὰ
565 2439 649 2482 ἅνω
676 2442 825 2495 μωρίας
849 2446 1024 2495 σημεῖον.
1076 2443 1196 2484 Cuius
1221 2445 1472 2486 aduersarius
1498 2447 1605 2497 apud
1629 2447 1829 2487 Lucilium

293 2513 372 2540 non
409 2500 597 2541 brocchos
634 2501 756 2542 habet
792 2515 926 2542 omnes
964 2503 1118 2554 dentes,
1161 2504 1229 2544 sed
1272 2519 1396 2544 unum
1437 2506 1715 2547 tantummodo
1760 2507 1827 2548 ad-

294 2573 455 2600 uersum
479 2561 698 2601 eminulum
724 2557 840 2616 (conf
858 2562 926 2601 lib.
952 2562 1009 2601 IX
1035 2577 1072 2602 u.
1100 2564 1184 2603 337
1211 2564 1327 2603 XVH
1351 2579 1389 2604 u.
1417 2560 1540 2620 546):
1574 2579 1694 2616 quare
1721 2568 1826 2606 rino-

294 2622 430 2660 cerota
466 2633 557 2660 eum
594 2620 696 2676 dixit
733 2621 983 2662 aduersarius
1021 2636 1046 2663 a
1083 2635 1224 2664 cornus
1265 2625 1528 2665 similitudine
1566 2626 1670 2676 quod
1707 2626 1828 2666 habet

293 2680 403 2719 istud
433 2680 583 2720 animal
614 2693 711 2720 naso
742 2683 1105 2732 superimpositum.
1132 2705 1192 2710 —
1215 2683 1623 2724 Animaduertendum
1660 2687 1720 2725 est
1749 2686 1827 2725 Lu-

294 2739 433 2778 cilium
462 2741 782 2780 uetustissimum
813 2754 895 2781 esse
924 2743 1156 2793 scriptorem
1181 2742 1370 2783 Laffinum
1397 2746 1467 2795 qui
1490 2745 1538 2784 de
1561 2745 1636 2784 hoc
1662 2746 1827 2785 animali

294 2800 537 2838 mentionem
566 2800 723 2839 fecerit:
762 2801 868 2840 inter
899 2800 1069 2841 Graecos
1098 2804 1250 2853 primus
1282 2804 1473 2843 nonnulla
1504 2804 1551 2843 de
1587 2804 1662 2844 hac
1697 2805 1828 2845 bestia

238 2877 243 2880 ·
294 2858 453 2897 uidetur
476 2859 689 2899 tradidisse
707 2859 984 2901 Artemidorus
1003 2861 1199 2913 Ephesius
1218 2862 1364 2902 Lucilii
1388 2865 1491 2903 senis
1517 2865 1695 2914 aequalis
1718 2865 1826 2916 apud

296 2917 425 2957 Strab.
451 2918 547 2958 XVI
577 2933 615 2969 p.
644 2921 740 2958 774.
813 2919 1059 2960 Artemidori
1106 2923 1352 2963 narrationes
1402 2923 1587 2963 exhibent
1633 2923 1825 2965 Aelianus

293 2977 384 3017 hist.
411 2990 473 3016 an.
499 2979 615 3018 XVH
642 2980 697 3018 44
729 2979 830 3018 Plin.
862 2982 945 3019 nat.
982 2980 1072 3020 hist.
1099 2981 1199 3021 VHI
1227 2984 1292 3021 71.
1359 2983 1547 3034 Inprimis
1583 2983 1657 3023 illa
1692 2985 1824 3024 aetate
