2060 3444
269 258 352 301 184
851 258 919 293 XV
943 270 978 294 u.
1006 262 1204 295 495-496.

270 371 465 420 scheiden,
503 384 545 409 er
576 371 696 420 weiss,
734 383 816 410 was
852 371 939 410 Hut
974 373 1029 411 ist
1066 371 1146 411 und
1183 385 1265 412 was
1306 372 1457 412 Haube.
1519 372 1606 412 Hoc
1641 373 1801 424 quidem

266 444 343 470 non
374 432 526 528 recte.K
549 430 796 470 Sententiam
827 431 1034 484 intelleges
1067 433 1101 471 si
1132 433 1423 482 comparau‘eris
1449 432 1601 472 Alexid.
1630 432 1741 472 OAF
1760 433 1801 472 H

266 504 303 541 p.
326 492 424 539 297,
451 492 472 530 1
536 503 545 528 :

539 565 679 620 Λέγεις
709 566 798 620 περὶ
830 562 886 607 ὧν
918 566 993 615 οὐκ
1024 563 1158 620 οἶσθα,
1190 574 1386 622 συγγενῶς
1417 567 1559 622 τρέχων

543 627 728 667 Πλάτωνι
759 625 825 667 καὶ
855 628 996 681 γνώσει
1028 628 1158 681 λίτρον
1188 626 1254 668 καὶ
1284 627 1499 681 κρόμμυον.

270 729 393 768 Ludit
423 728 547 781 igitur
578 728 835 780 philosophos
865 728 1045 768 Lucilius
1083 729 1266 780 inprimis
1297 729 1543 771 Platonicos:
1580 731 1674 770 conf
1702 743 1803 781 quae

268 790 316 828 de
360 789 540 828 Platonis
582 789 744 839 placitis
787 788 914 828 tradit
956 789 1071 840 Diog.
1104 789 1235 829 Laert.
1268 789 1330 828 ΙΠ
1363 791 1418 829 84
1466 792 1546 842 Τῆς
1587 788 1803 842 ἐπιστήμης

259 848 355 901 -εἴδη
388 847 466 888 ἐστὶ
498 847 602 901 τρία.
634 847 676 888 τὸ
708 845 778 899 μὲν
809 847 883 901 γάρ
915 846 993 887 ἐστι
1024 847 1252 902 πρακτικόν,
1283 847 1324 889 τὸ
1358 846 1399 888 δὲ
1431 849 1656 902 ποιητικόν,
1687 848 1730 890 τὸ
1762 847 1803 889 δὲ

269 906 526 961 θεωρητικόν.
584 902 638 946 ‘H
665 905 735 959 μὲν
766 906 841 961 γὰρ
867 907 1099 960 οἰκοδομικὴ
1126 907 1192 948 καὶ
1217 908 1442 962 ναυπηγικὴ
1469 908 1672 961 ποιητικαί
1693 907 1803 949 εἰσιν.

259 965 371 1008 ’Ἐστι
402 966 476 1021 γὰρ
508 966 639 1008 αὐτῶν
664 967 763 1007 ἰδεῖν
788 965 904 1020 ἔργον
929 966 1214 1020 πεποιημένον·
1247 967 1426 1020 πολιτικὴ
1453 966 1495 1008 δὲ
1523 967 1590 1008 καὶ
1614 967 1804 1021 αὐλητικὴ

267 1027 332 1068 καὶ
376 1025 627 1081 κιθαριστικὴ
671 1026 737 1067 καὶ
779 1027 825 1067 αἱ
858 1033 1034 1068 τοιαῦται
1074 1028 1299 1081 πρακτικαί·
1344 1027 1392 1068 οὐ
1430 1028 1503 1082 γάρ
1547 1027 1650 1069 ἐστιν
1687 1025 1805 1068 οὐδὲν

272 1087 371 1127 ἰδεῖν
409 1085 556 1127 θεατὸν
593 1086 724 1127 αὐτῶν
762 1084 1043 1139 πεποιημένον,
1075 1085 1171 1127 ἀλλὰ
1202 1087 1418 1140 πράττουσί
1445 1103 1481 1128 τι
1507 1118 1516 1128 .
1538 1119 1545 1128 .
1567 1119 1575 1127 .
1610 1090 1699 1128 Τῶν
1730 1085 1806 1141 ἄρα

268 1145 496 1199 ἐπιστημῶν
527 1146 571 1186 αἱ
599 1144 670 1198 μέν
696 1146 770 1186 εἰσι
796 1146 1049 1199 θεωρητικαί,
1080 1147 1124 1186 αἱ
1146 1144 1188 1186 δὲ
1213 1147 1436 1201 πρακτικαί,
1462 1148 1507 1187 αἱ
1529 1145 1570 1188 δὲ
1595 1147 1805 1200 ποιητικαί.

268 1207 420 1246 Eadem
447 1207 545 1246 dicit
569 1206 712 1246 Latine
733 1206 898 1253 Quintil.
918 1207 960 1246 H
982 1209 1049 1257 18,
1073 1209 1092 1246 1
1124 1204 1238 1246 ‘Cum
1265 1208 1345 1246 sint
1369 1209 1504 1247 autem
1531 1209 1678 1247 artium
1704 1208 1806 1247 aliae

268 1267 422 1318 positae
460 1267 503 1306 in
539 1268 783 1317 inspectione
917 1267 1020 1306 aliae
1057 1268 1099 1306 in
1138 1266 1291 1318 agendo
1426 1268 1528 1306 aliae
1573 1268 1616 1306 in
1654 1268 1805 1318 effectu,

270 1340 371 1377 quae
403 1326 545 1379 operis,
573 1326 679 1377 quod
704 1326 828 1367 oculis
854 1326 1060 1378 subicitur,
1088 1327 1425 1367 consummatione
1449 1327 1568 1367 finem
1594 1327 1806 1379 accipiunt,

271 1399 390 1437 quam
429 1384 640 1438 ποιητικὴν
672 1382 936 1438 appellamus'
964 1399 994 1425 e.
1016 1399 1052 1437 q.
1074 1399 1102 1426 s.
1166 1385 1270 1426 Gonf
1308 1389 1514 1438 praeterea
1550 1387 1652 1427 Plat.
1686 1386 1805 1438 Soph.

271 1460 307 1496 p.
331 1448 414 1485 219
431 1445 515 1485 BD
546 1445 679 1485 265A
705 1446 870 1486 Aristot.
898 1446 945 1486 de
971 1448 1073 1496 part.
1100 1446 1219 1485 anim.
1246 1462 1272 1485 α
1296 1461 1335 1498 p.
1363 1447 1474 1487 640·
1500 1449 1554 1486 27
1574 1441 1740 1498 Ὁμοίως
1765 1444 1806 1486 δὲ

273 1504 335 1545 καὶ
369 1503 433 1545 ε’πὶ
465 1511 542 1545 τῶν
574 1503 803 1557 αὐτομάτως
833 1505 1062 1546 δοκούντων
1093 1505 1295 1559 γίνεσθαι,
1327 1505 1509 1560 καθάπερ
1539 1505 1606 1546 καὶ
1635 1505 1698 1546 ε’πὶ
1728 1511 1807 1545 τῶν

274 1570 502 1618 τεχναστῶν.
555 1561 673 1604 Ἔνιοι
703 1564 777 1618 γὰρ
808 1563 876 1605 καὶ
907 1563 985 1605 ἀπὸ
1016 1564 1262 1617 ταύτομάτου
1293 1566 1440 1619 γίνεται
1471 1564 1592 1606 ταύτὰ
1623 1568 1704 1614 τοῖς
1730 1563 1807 1606 ἀπὸ

273 1623 408 1678 τέχνης
440 1619 526 1665 οἷον
557 1623 694 1678 ὑγίεια.
755 1627 842 1665 Τῶν
873 1622 945 1677 μὲν
977 1618 1052 1664 οὖν
1082 1623 1325 1679 προῦπάρχει
1354 1624 1396 1666 τὸ
1422 1624 1629 1678 ποιητικὸν
1656 1624 1807 1677 ὅμοιον,

271 1680 358 1725 οἷον
396 1682 812 1737 ἀνδριαντοποιητική·
851 1683 900 1724 οὐ
937 1683 1010 1738 γὰρ
1047 1684 1192 1738 γίνεται
1234 1684 1463 1737 αὐτόματον.
1525 1685 1674 1738 Magna
1710 1698 1806 1725 mor.

271 1760 297 1783 α
334 1759 370 1796 p.
407 1745 547 1784 11972
582 1746 606 1784 3
642 1741 780 1784 Ἔστιν
826 1743 876 1796 δὴ
919 1750 997 1784 τῶν
1040 1742 1291 1797 ποιουμένων
1333 1743 1399 1785 καὶ
1441 1743 1716 1799 πραττομένων
1759 1743 1808 1785 οὗ

271 1802 389 1844 ταύτὸ
420 1802 462 1844 τὸ
494 1802 703 1856 ποιητικὸν
734 1802 801 1844 καὶ
832 1803 1061 1857 πρακτικόν·
1101 1809 1180 1844 τῶν
1211 1802 1283 1856 μὲν
1312 1803 1386 1859 γὰρ
1416 1810 1633 1857 ποιητικῶν
1663 1802 1745 1845 ἔστί
1772 1819 1809 1844 τι

270 1862 375 1916 παρὰ
417 1862 489 1915 τὴν
526 1863 688 1915 ποίησιν
726 1861 819 1904 ἄλλο
850 1862 976 1916 τέλος,
1016 1858 1102 1904 οἷον
1133 1862 1239 1917 παρὰ
1270 1862 1344 1916 τὴν
1375 1863 1643 1917 οἰκοδομικήν,
1674 1862 1807 1916 ἐπειδή

271 1922 349 1963 ἐστι
391 1922 575 1974 ποιητικὴ
623 1923 771 1975 οἰκίας,
820 1922 925 1963 οἰκία
977 1921 1101 1975 αὐτῆς
1143 1922 1186 1963 τὸ
1227 1921 1333 1972 τέλος
1375 1923 1481 1975 παρὰ
1523 1922 1596 1976 τὴν
1636 1924 1807 1976 ποίησιν.

269 1977 436 2034 Ὁμοίως
479 1981 542 2022 ἐπὶ
583 1989 807 2035 τεκτονικῆς
849 1981 913 2022 καὶ
953 1988 1031 2022 τῶν
1074 1980 1202 2022 ἄλλων
1245 1989 1323 2023 τῶν
1375 1989 1599 2035 ποιητικῶν.
1667 1984 1812 2035 ΤοΡ.ζ

271 2056 309 2093 p.
333 2043 444 2081 145⁸
471 2043 523 2081 13
564 2042 738 2094 Metaph.
765 2056 782 2082 ε
807 2056 845 2093 p.
870 2036 1010 2082 1025b
1037 2043 1103 2081 25.
1171 2043 1371 2082 Poeeticon
1407 2044 1535 2094 igitur
1571 2043 1672 2083 illud
1709 2043 1808 2083 refe-

271 2102 384 2141 ratur
415 2114 571 2141 necesse
603 2103 663 2141 est
694 2101 744 2141 ad
768 2102 870 2141 hanc
895 2101 943 2140 de
975 2102 1126 2141 artibus
1152 2101 1384 2152 doctrinam,
1417 2115 1536 2153 quam
1561 2103 1667 2142 ludit
1690 2105 1809 2154 poeta

273 2174 361 2200 cum
394 2161 492 2200 dicit
517 2162 564 2200 de
589 2161 826 2212 philosopho
853 2158 1033 2201 ‘textoris
1058 2161 1255 2213 pectinem
1281 2162 1478 2202 aduncum
1504 2163 1579 2202 scit
1602 2162 1807 2214 poeeticon

273 2233 368 2270 esse,
401 2221 513 2260 uidet
543 2220 679 2260 tunica
710 2223 750 2260 et
779 2222 877 2273 toga
909 2221 1004 2272 quid
1035 2218 1114 2261 sit'.
1177 2222 1366 2272 Inprimis
1397 2222 1474 2262 huc
1503 2222 1604 2262 facit
1633 2222 1808 2262 eiusdem
1887 2253 1890 2257 ,

274 2280 504 2319 Aristotelis
547 2281 656 2321 loe-us
699 2280 815 2320 Polit.
848 2296 873 2320 α
905 2293 988 2332 cap.
1023 2283 1048 2320 4
1087 2295 1124 2333 p.
1154 2276 1294 2321 1253b
1328 2282 1400 2321 33:
1444 2281 1480 2321 εἰ
1520 2280 1593 2335 γὰρ
1633 2279 1808 2334 ἠδύνατο

274 2337 436 2380 ἕκαστον
479 2345 558 2389 τῶν
602 2337 782 2393 ὀργάνων
825 2337 1037 2381 κελευσθὲν
1073 2371 1080 2379 .
1110 2372 1116 2379 .
1144 2371 1151 2379 .
1184 2338 1384 2381 ἀποτελεῖν
1428 2340 1471 2382 τὸ
1514 2339 1638 2381 αὑτοῦ
1680 2339 1808 2395 ἔργον,

276 2399 403 2452 ὥσπερ
446 2398 492 2439 τὰ
535 2399 737 2440 Δαιδάλου
782 2399 905 2451 φασὶν
948 2397 974 2453 ἢ
1018 2398 1110 2448 τοὺς
1153 2406 1223 2439 τοῦ
1261 2397 1483 2453 “Ηφαίστου
1526 2400 1809 2454 τρίποδας...

275 2458 400 2507 οὕτως
450 2459 496 2498 αἰ
537 2459 710 2513 κερκίδες
763 2458 958 2513 ἐκέρκιζον
1001 2458 1119 2500 αὐταὶ·
1159 2458 1225 2499 καὶ
1268 2459 1313 2500 τὰ
1356 2462 1532 2514 πλῆκτρα
1573 2459 1810 2513 ἐκιθάριζεν,

275 2516 392 2559 οὐδὲν
423 2516 474 2558 ἂν
504 2518 585 2559 ἔδει
617 2517 705 2559 οὔτε
737 2523 818 2567 τοῖς
849 2517 1112 2572 ἀρχιτέκτοσιν
1143 2518 1347 2572 ὑπηρετῶν
1379 2517 1466 2560 οὔτε
1497 2522 1579 2568 τοῖς
1605 2519 1810 2568 δεσπόταις

276 2578 440 2618 δούλων.
497 2577 545 2617 τὰ
575 2576 646 2631 μὲν
679 2572 752 2619 οὖν
783 2578 971 2632 λεγόμενα
1002 2577 1149 2632 ὄργανα
1181 2578 1365 2632 ποιητικὰ
1397 2577 1546 2633 ὄργανά
1576 2577 1669 2632 ἔστι,
1699 2578 1741 2620 τὸ
1768 2577 1809 2619 δὲ

273 2643 401 2689 κτῆμα
444 2637 668 2691 πρακτικόν.
726 2636 804 2678 ἀπὸ
848 2636 920 2690 μὲν
962 2638 1036 2692 γὰρ
1079 2644 1150 2691 τῆς
1192 2639 1371 2691 κερκίδος
1415 2637 1546 2691 ἕτερόν
1589 2654 1625 2678 τι
1663 2638 1809 2692 γίνεται

224 2733 229 2736 .
274 2695 380 2750 παρὰ
423 2696 496 2749 τὴν
539 2703 678 2751 χρῆσιν
715 2697 855 2749 αὐτῆς,
899 2696 976 2738 ἀπὸ
1022 2695 1063 2738 δὲ
1100 2703 1170 2750 τῆς
1207 2696 1375 2751 ἐσθῆτος
1417 2697 1484 2739 καὶ
1515 2704 1585 2751 τῆς
1616 2698 1752 2750 κλίνης
1784 2695 1808 2750 ἡ

275 2762 410 2809 χρῆσις
436 2755 570 2808 μόνον.
623 2757 816 2797 Similiter
840 2757 1065 2798 Platonicos
1090 2758 1196 2797 ludit
1220 2758 1426 2809 Epicrates
1452 2759 1622 2798 comicus
1650 2757 1750 2797 GAF
1769 2758 1809 2796 II

276 2817 438 2867 Ρ.287,
468 2819 518 2855 11
535 2817 581 2855 Κ.
655 2817 839 2857 Auctoris
889 2819 1046 2857 nomine
1096 2818 1297 2857 subtracto
1347 2819 1491 2870 probat
1538 2819 1640 2857 hanc
1688 2819 1810 2857 inter-

275 2877 540 2925 pretationem
571 2877 783 2916 Muellerus
816 2877 867 2916 ad
897 2878 998 2916 Non.
1025 2879 1050 2916 1.
1077 2891 1106 2917 s.
1133 2890 1161 2916 s.

395 2929 504 2975 496.
544 2935 745 2977 Charisius
772 2936 839 2976 GL
864 2937 885 2975 Ι
909 2951 946 2987 p.
975 2938 1048 2987 96,
1076 2937 1149 2976 9K
1192 2933 1364 2975 ‘Alicam
1407 2937 1492 2976 sine
1535 2936 1806 2987 adspiratione

276 2993 423 3033 dictam
442 2995 606 3034 Verrius
625 2996 761 3045 tradit,
787 2998 827 3034 et
851 2996 906 3035 sic
925 2997 1042 3035 multi
1061 2996 1261 3046 dixerunt3
1286 2992 1523 3048 Quamuis>
1541 2995 1718 3035 Lucilius
1732 2996 1805 3035 XV
