2060 3444
306 245 389 288 128
904 242 954 278 IX
979 254 1016 278 u.
1043 245 1244 279 334-336.

303 359 395 397 olim
435 370 507 408 pro
552 357 749 395 adiectiuo
793 354 970 406 posuisse
1014 355 1173 394 uidetur
1216 355 1319 394 sicut
1362 355 1468 406 apud
1505 355 1675 396 Graecos
1718 355 1839 396 πάλαι

302 418 483 468 ponitur:
515 416 695 466 exempla
726 416 842 455 affert
870 415 1095 467 Draegerus
1126 415 1217 453 hist.
1246 416 1348 465 synt.
1374 415 1400 453 1.
1426 415 1469 454 L.
1495 415 1515 454 Ι
1541 415 1565 465 ξ
1595 411 1668 456 792
1692 429 1729 466 p.
1753 417 1835 459 131

303 477 433 516 Plaut.
459 476 659 527 Amphitr.
683 477 767 514 770
801 472 923 514 ‘intus
949 477 1130 525 pateram
1155 474 1330 525 proferto
1356 471 1476 514 foras'
1504 475 1609 515 Pers.
1631 476 1715 514 385
1744 473 1839 515 ‘non
1871 490 1873 493 ’

302 539 348 576 tu
378 548 483 575 nunc
513 536 718 574 hominum
750 547 878 574 mores
909 531 1037 574 uides’
1070 535 1163 584 alia,
1193 537 1436 573 memoratur
1466 536 1509 573 in
1533 535 1668 574 lexicis
1693 535 1835 574 Iustini

302 597 413 635 locus
438 596 479 634 H
507 597 573 645 12,
601 596 625 633 3
667 592 831 633 ‘bellum
867 594 1013 633 inferre
1054 595 1150 632 olim
1193 593 1464 632 conditoribus
1507 596 1672 643 uestris,
1714 607 1840 645 nuper

303 657 425 695 etiam
450 655 674 694 uindicibus
700 653 886 706 cogitatis
894 651 928 692 ‘P’
974 653 1030 691 At
1055 653 1180 693 satius
1206 654 1282 692 erit
1308 653 1464 692 credere
1490 653 1633 692 addere
1659 653 1838 694 debuisse

303 715 502 754 Lucilium
535 717 619 754 erat
647 715 714 753 uel
744 715 832 762 fwlt.
894 710 1076 762 Nummi]
1111 714 1290 752 restituit
1319 712 1497 763 Lipsius:
1535 714 1630 752 conf
1656 713 1839 765 Fulgent.

303 789 340 826 p.
370 776 467 824 120,
496 775 549 813 14
564 774 694 812 Helm.
729 770 970 812 ‘meretrices
1006 772 1205 822 diobolae,
1243 785 1344 823 quae
1381 785 1492 811 suam
1530 774 1684 811 nummi
1720 785 1839 812 causa

303 835 420 886 parui
462 833 643 885 pendunt
688 829 889 884 gratiam'.
959 832 1099 882 Neque
1142 834 1276 871 tamen
1319 845 1503 871 nummus
1546 833 1670 871 uilem
1713 844 1839 872 assem

303 894 503 946 significat
529 888 664 947 (Mart.
685 893 706 931 I
727 894 824 942 103,
846 894 901 931 10
928 889 1030 931 ‘asse
1049 887 1220 946 Venus’)
1246 891 1314 931 sed
1340 891 1566 931 sestertium
1590 892 1655 930 uel
1678 892 1838 931 omnino

268 1003 271 1005 -
306 953 514 1004 pecuniam
546 954 815 991 numeratam:
847 951 938 990 uide
970 951 1020 990 ad
1045 951 1113 990 lib.
1138 951 1195 990 IX
1220 965 1257 990 u.
1285 952 1382 990 327.

425 1008 535 1052 336.
566 1012 720 1051 Nonius
746 1026 783 1063 p.
805 1012 903 1062 455,
932 1012 984 1050 15
1013 1008 1218 1050 ‘Rostrum
1236 1011 1409 1050 hominis
1505 1010 1612 1050 idem
1630 1010 1698 1049 lib.
1718 1010 1840 1050 VIIII

305 1070 486 1123 “arripio
519 1074 559 1110 et
594 1074 770 1111 rostrum
807 1072 1007 1119 labemque
1044 1071 1114 1110 hoc
1142 1071 1345 1119 zeferiatin
1376 1065 1512 1125 (zefcri
1543 1073 1617 1119 atq.
1642 1072 1687 1110 in
1716 1082 1839 1109 manu

303 1134 436 1183 priore
496 1125 854 1184 Guelferbytanus)
915 1132 1093 1182 percutio
1149 1130 1366 1180 dentesque
1422 1130 1611 1170 aduorsos
1667 1130 1838 1169 discutio

304 1188 493 1231 omnis''.'
557 1191 762 1230 Leidensis
801 1189 907 1240 quod
949 1204 1000 1229 m.
1034 1192 1053 1228 1
1098 1190 1245 1229 habeat
1287 1190 1373 1229 labe
1415 1190 1541 1239 adque
1583 1189 1674 1228 uide
1719 1202 1838 1240 quam

303 1253 480 1291 sucosam
525 1250 781 1301 antiquitatis
825 1250 971 1289 habeat
1014 1249 1204 1299 speciem:
1254 1261 1334 1299 qua
1385 1251 1547 1300 cognita
1599 1261 1670 1288 nos
1714 1249 1840 1298 adque

303 1323 502 1361 nusquam
532 1311 709 1360 recipere
741 1309 929 1348 uolumus
961 1309 1030 1348 ubi
1060 1309 1092 1347 L
1119 1322 1168 1347 m.
1194 1311 1214 1347 1
1249 1308 1434 1347 habuerit
1464 1309 1591 1357 adque
1620 1320 1692 1358 pro
1725 1311 1838 1357 atque

303 1371 463 1410 similia.
539 1369 654 1415 Quod
697 1369 927 1408 emendauit
968 1369 1163 1407 Bentinus
1216 1369 1258 1406 in
1302 1368 1432 1407 medio
1476 1380 1594 1407 uersu
1633 1368 1838 1416 labeasque

303 1443 472 1481 ponens,
522 1431 730 1468 exeuntem
774 1430 935 1468 sanauit
976 1428 1231 1467 Lachmanno
1277 1427 1408 1467 iudice
1452 1427 1590 1466 Iunius
1634 1429 1836 1479 corrigens

303 1490 527 1539 Zopyrioni,
565 1490 644 1527 nisi
682 1488 787 1538 quod
824 1489 908 1539 ipse
946 1488 1103 1526 mauult
1138 1488 1207 1525 hoc
1243 1487 1471 1537 Zopyrioni,
1508 1488 1598 1526 huic
1627 1487 1839 1536 Zopyriom'

303 1550 441 1588 Iunius
473 1550 644 1599 scripsit.
704 1547 929 1598 Probarem,
960 1548 1004 1586 ni
1033 1547 1192 1598 longius
1225 1559 1249 1584 a
1278 1546 1439 1586 traditis
1471 1546 1700 1596 discederet,
1732 1546 1838 1584 Iunii

304 1611 439 1660 potius
483 1610 749 1647 commentum
788 1628 846 1634 -—
890 1619 982 1645 nam
1027 1603 1138 1657 ‘leoc’,
1178 1606 1332 1645 scilicet
1373 1606 1496 1656 fuste,
1539 1618 1626 1645 sero
1668 1605 1838 1644 relatum

302 1669 470 1720 languet
501 1670 541 1707 et
571 1667 794 1719 Ζωπυρίων
825 1667 932 1717 apud
964 1666 1185 1705 Lucianum
1215 1664 1305 1718 περὶ
1334 1670 1412 1705 τῶν
1442 1663 1506 1704 ἐπὶ
1532 1667 1664 1720 μισθῷ
1697 1664 1836 1705 συνόν-

303 1744 382 1768 των
415 1729 469 1767 23
502 1740 644 1767 nomen
682 1729 742 1765 est
778 1726 982 1765 hominum
1019 1726 1225 1765 uenalium
1268 1727 1308 1764 et
1349 1725 1576 1764 infimorum
1618 1746 1677 1751 —-
1718 1737 1837 1774 quam

304 1788 410 1839 quod
452 1787 669 1838 Vargesius
713 1787 813 1825 Mus.
847 1786 970 1824 Rhen.
995 1785 1058 1824 III
1092 1786 1204 1824 1835
1249 1798 1286 1835 p.
1321 1786 1376 1824 60
1424 1786 1609 1836 coniecit,
1665 1786 1735 1834 qui
1790 1783 1837 1822 de

305 1849 460 1898 Zopyro
486 1847 606 1887 Persa
633 1847 814 1898 cogitans
845 1846 1050 1896 scripserit
1072 1846 1141 1884 hoc
1164 1845 1413 1894 zopyriatim:
1444 1844 1550 1894 quod
1576 1857 1664 1882 cum
1689 1844 1838 1882 frustra

303 1908 465 1947 studeat
501 1907 681 1945 euincere
713 1906 891 1958 legitime
930 1917 1013 1944 esse
1045 1904 1270 1943 deriuatum
1302 1916 1326 1942 a
1362 1916 1458 1943 uoce
1497 1903 1694 1954 Zopyrus,
1732 1903 1837 1942 hunc

304 1968 463 2006 secutus
507 1966 721 2005 Muellerus
768 1965 929 2003 deducit
975 1965 1205 2013 zopyriatim
1252 1963 1363 2002 istud
1412 1976 1436 2002 a
1483 1975 1579 2001 uoce
1627 1962 1837 2011 Zopyrion,

306 2040 422 2077 quem
459 2027 577 2076 putat
613 2025 826 2076 plagosum
863 2037 1023 2063 seruum
1052 2023 1199 2062 Lucilii
1236 2023 1369 2062 fuisse.
1431 2021 1653 2061 Fatendum
1685 2023 1756 2071 est,
1789 2022 1836 2060 de

303 2087 378 2124 hac
415 2099 457 2124 re
494 2085 596 2123 nihil
633 2097 704 2123 nos
742 2085 859 2123 scire:
896 2083 964 2122 lib.
983 2083 1098 2121 XXII
1122 2096 1161 2122 u.
1190 2083 1274 2121 584
1307 2082 1355 2121 de
1392 2094 1507 2120 seruo
1537 2081 1713 2133 plagosol
1734 2081 1835 2119 nihil

305 2158 399 2185 sane
431 2146 597 2184 constat.
659 2143 909 2194 Flagitamus
942 2144 976 2182 si
1007 2141 1101 2192 quid
1141 2142 1258 2180 uideo
1290 2141 1472 2180 datiuum
1503 2140 1554 2180 ad
1584 2153 1721 2179 uocem
1746 2151 1836 2188 per-

305 2207 404 2244 cutio
435 2204 699 2254 pertinentem
731 2204 771 2241 et
808 2215 897 2241 cum
932 2202 1077 2241 menda
1113 2202 1236 2240 Nonii
1269 2201 1495 2240 litterarum
1524 2201 1835 2250 transpositione

306 2267 395 2303 orta
433 2276 517 2303 esse
554 2263 754 2314 permulta
790 2264 929 2301 notum
970 2263 1040 2312 sit,
1082 2262 1331 2312 agnoscimus
1370 2262 1414 2299 in
1452 2254 1599 2299 litteris
1639 2261 1835 2309 corruptis

305 2324 486 2363 datiuum
519 2323 734 2374 singularis
760 2323 918 2361 numeri
941 2322 1147 2375 participii
1171 2321 1393 2371 praesentis
1424 2321 1467 2358 in
1492 2321 1594 2358 -asna
1618 2321 1835 2368 exeuntem,

305 2384 419 2422 uelut
449 2382 655 2421 quenalis
686 2381 785 2420 dicit
811 2378 1038 2431 ‘colaphum
1062 2381 1277 2419 incutimus
1302 2379 1495 2418 lambenti
1520 2379 1697 2418 crustula
1721 2391 1835 2417 seruo

306 2439 381 2497 (IX
409 2438 473 2496 5),
510 2442 616 2493 apud
647 2442 878 2480 Petronium
909 2435 1004 2494 (90)
1044 2437 1211 2491 ‘lapides
1247 2441 1290 2478 in
1322 2439 1563 2489 Eumolpum
1602 2439 1835 2477 recitantem

305 2499 527 2541 miserunt'.
591 2501 829 2552 Scripsimus
866 2501 994 2552 igitur
1022 2501 1091 2539 hoc
1120 2500 1371 2547 uocifercmti:
1411 2498 1618 2548 archetypi
1647 2496 1834 2536 librarius

306 2562 537 2611 nescioquid
575 2561 622 2599 de
661 2560 842 2611 Zephyro
879 2561 1001 2599 uento
1045 2560 1273 2598 somniarat.
1343 2557 1420 2596 Cic.
1456 2557 1567 2595 Verr.
1599 2557 1640 2595 II
1673 2558 1746 2609 21,
1779 2557 1832 2595 52

307 2619 427 2660 ‘Nam
457 2635 519 2659 me
536 2620 648 2671 dies,
669 2633 768 2671 uox,
798 2619 926 2658 latera
950 2618 1147 2668 deficiant,
1178 2620 1213 2657 si
1236 2618 1311 2656 hoc
1335 2629 1441 2656 nunc
1465 2617 1676 2655 uociferari
1701 2616 1835 2666 uelim,

306 2693 427 2731 quam
468 2682 658 2719 miserum
698 2679 985 2730 indignumque
1028 2679 1081 2717 sit
1123 2678 1240 2717 istius
1283 2678 1442 2716 nomine
1482 2675 1589 2726 apud
1626 2688 1692 2714 eos
1731 2675 1835 2713 diem

304 2741 448 2780 festum
482 2752 578 2790 esse,
610 2740 679 2789 qui
710 2751 752 2778 se
782 2738 900 2777 istius
932 2751 1053 2788 opera
1082 2737 1262 2776 funditus
1294 2737 1488 2775 extinctos
1521 2747 1604 2774 esse
1636 2734 1831 2774 arbitran-

306 2797 399 2838 tur'.
473 2799 562 2837 Liu.
587 2798 723 2837 XXIII
751 2800 817 2849 10,
845 2799 868 2836 9
916 2794 1027 2836 ‘haec
1069 2796 1306 2836 uociferanti
1352 2793 1606 2846 (uociferante
1639 2787 1833 2845 traditur)

238 2860 243 2864 ’
307 2872 395 2898 cum
426 2860 579 2897 moueri
608 2858 753 2910 uulgus
784 2857 998 2906 uideretur,
1028 2856 1263 2895 obuolutum
1295 2857 1415 2904 caput
1445 2855 1505 2893 est
1535 2853 1722 2903 ociusque
1746 2854 1835 2902 rapi

308 2921 419 2957 extra
458 2920 615 2969 portam
657 2913 815 2956 iussus’.
885 2916 1065 2966 Arripio,
1109 2915 1307 2954 hominem
1347 2916 1393 2952 ut
1435 2914 1521 2952 Ter.
1553 2913 1720 2963 Adelph.
1749 2912 1832 2951 316

308 2975 534 3017 ‘sublimem
564 2977 738 3016 medium
770 2973 1019 3027 arriperem':
1058 2977 1203 3014 excutio
1233 2987 1305 3024 pro
1336 2974 1499 3012 discutio
1535 2972 1654 3011 scribi
1690 2971 1835 3010 maluit
