2060 3444
905 291 955 329 III
980 305 1015 329 u.
1043 294 1099 330 96.
1703 290 1776 351 ν45

233 407 392 450 Persius
430 409 654 461 composuit
693 408 985 459 hodoeporicon
1016 408 1165 447 librum
1197 420 1321 447 unum
1356 405 1460 459 (uita
1491 406 1617 447 Persii
1649 421 1687 458 p.
1709 409 1778 456 59,

235 470 291 509 20
323 469 382 509 ed.
408 465 673 524 Buecheleri),
706 482 784 520 quo
815 468 919 508 libro
945 469 1306 521 peregrinationem
1338 481 1427 506 cum
1453 467 1576 507 Paeto
1602 468 1779 507 Thrasea

234 529 383 570 factam
403 530 620 580 aliquando
641 524 686 584 (1.
708 542 736 569 s.
757 543 794 580 p.
811 529 879 579 59,
901 524 946 583 3)
968 531 1009 567 et
1027 528 1173 567 Lucilii
1193 531 1235 567 et
1253 527 1415 567 Horatii
1433 527 1615 567 imitator
1633 528 1776 567 descri-

231 592 378 641 pserat.
419 589 531 629 Nihil
550 591 628 630 huc
647 591 823 641 pertinet
843 588 1017 629 Cornelii
1035 588 1155 628 Balbi
1172 590 1381 639 praetexta
1403 588 1451 627 de
1471 601 1544 628 suo
1563 589 1706 627 itinere
1728 587 1778 627 ad

236 649 280 689 L.
301 649 516 690 Lentulum
540 662 693 701 procos.
713 649 1013 689 sollicitandum
1038 650 1250 688 lacrimosa
1276 642 1375 702 (Cic.
1390 649 1504 698 epist.
1519 648 1555 686 X
1570 649 1639 698 32,
1660 649 1696 687 3.
1720 643 1778 702 5),

235 722 316 761 qua
347 710 415 749 ille
446 711 580 761 potius
606 710 746 757 Iliadis
777 709 924 748 librum
948 708 1006 747 IX
1031 708 1217 762 πρεσβεία
1243 708 1313 759 qui
1338 709 1570 747 nominatur
1594 709 1778 747 imitatus

234 782 318 810 esse
354 769 522 810 uidetur.
586 770 801 810 Seruatum
838 769 968 808 simile
1012 771 1073 808 est
1111 768 1231 807 hodie
1267 768 1411 807 Rutilii
1452 767 1686 807 Namatiani
1731 768 1778 806 de

234 829 367 869 reditu
398 842 469 870 suo
500 843 643 881 poema
674 830 716 869 in
748 828 923 868 Galliam
955 829 1062 879 quod
1093 830 1212 868 sicuti
1244 829 1379 867 omnia
1413 841 1516 878 quae
1548 830 1780 867 enumeraui

235 892 422 941 poemata
452 891 615 930 initium
647 891 756 941 capit
787 889 836 928 ab
869 889 977 928 urbe.
1040 889 1146 928 Ante
1178 888 1375 927 Rutilium
1409 887 1644 927 Lactantius
1677 900 1781 927 com-

233 952 424 1001 posuerat
473 948 796 1002 ‘hodoeporicum
847 949 986 990 Africa
1034 962 1162 1000 usque
1216 948 1491 988 Nicomediam
1540 949 1782 988 hexametris

234 1010 427 1062 scriptum
482 1008 678 1050 uersibus'
757 1010 989 1061 Hieronym.
1022 1009 1058 1048 d.
1091 1009 1176 1061 uir.>
1196 1009 1253 1048 ill.
1287 1021 1371 1060 cap.
1400 1009 1457 1048 80
1501 1008 1686 1048 Lactant.
1721 1008 1780 1048 ed.

236 1070 404 1110 Brandt.
436 1072 515 1111 uol.
534 1071 576 1110 Π
600 1084 638 1122 p.
663 1071 744 1110 161
771 1101 780 1121 ,
811 1071 918 1110 inter
941 1072 1156 1120 utrumque
1181 1069 1357 1121 positum
1382 1071 1443 1109 est
1467 1069 1638 1109 Ausonii
1662 1069 1782 1109 breue

235 1131 488 1170 itinerarium
515 1131 704 1171 Mosellae
729 1130 1006 1181 praepositum
1031 1143 1097 1169 uu.
1121 1131 1279 1179 1-22,
1305 1131 1375 1181 qui
1400 1129 1587 1169 Treueris
1611 1129 1782 1168 Bincum

234 1193 400 1230 uenerat
419 1204 525 1230 noua
544 1191 596 1231 ad
617 1191 800 1230 Rhenum
818 1192 1071 1230 munimenta
1090 1192 1261 1229 uisurus.
1293 1189 1477 1240 Denique
1493 1188 1781 1230 Constantinus

233 1250 438 1291 Manasses
474 1251 650 1290 traditur
687 1249 978 1302 Odoeporicum
1021 1251 1226 1302 scripsisse
1269 1250 1435 1290 senariis
1473 1245 1782 1305 (Krumbacheri

233 1311 373 1350 histor.
408 1311 487 1351 litt.
522 1311 690 1363 Byzant.
725 1311 819 1351 edit.
849 1310 890 1349 Π
924 1324 962 1361 p.
994 1305 1112 1365 380).
1163 1332 1221 1338 —-—-
1270 1309 1471 1349 Lucilium
1526 1323 1606 1350 non
1656 1310 1781 1349 animi

235 1370 459 1411 delectandi
508 1383 630 1411 causa
679 1373 720 1411 et
769 1371 1025 1422 uoluptatum
1075 1370 1163 1411 sed-
1193 1370 1358 1421 praedia
1407 1383 1483 1410 sua
1533 1370 1668 1410 Sicula
1712 1371 1782 1421 qui

236 1432 395 1472 uisurus
426 1433 481 1471 sit
510 1433 810 1485 peregrinatum
848 1443 933 1471 esse
968 1431 1247 1484 intellegemus
1279 1444 1301 1471 e
1332 1445 1369 1470 u.
1393 1431 1489 1471 105.
1553 1431 1681 1470 Roma
1713 1431 1781 1481 qui

234 1491 405 1543 Regium
440 1491 520 1531 iter
555 1492 711 1532 faciunt
747 1490 926 1542 Capuam
964 1491 1139 1542 primum
1174 1492 1320 1542 petunt
1356 1503 1492 1531 omnes
1530 1492 1598 1530 uia
1628 1491 1781 1542 Appia:

235 1551 378 1591 deinde
408 1552 561 1592 duabus
592 1554 760 1604 possunt
795 1552 874 1591 uiis
913 1552 1088 1604 ingredi,
1126 1553 1198 1591 aut
1227 1551 1387 1602 Popilia
1422 1551 1567 1590 itinere
1603 1550 1782 1591 terrestri

235 1613 307 1651 aut
342 1611 521 1652 Puteolis
558 1613 761 1652 maritimo
800 1606 899 1666 (Cic.
925 1611 966 1650 in
987 1611 1100 1651 Verr.
1126 1611 1167 1650 Π
1195 1613 1269 1662 39,
1304 1606 1390 1666 96).
1461 1610 1640 1662 Capuam
1684 1611 1782 1663 quin

236 1671 306 1711 uia
337 1671 474 1723 Appia
503 1672 667 1722 petierit
697 1671 876 1711 Lucilius
914 1671 1090 1711 dubitari
1122 1672 1264 1722 nequit
1296 1666 1408 1725 (uide
1439 1671 1491 1710 ad
1521 1685 1558 1710 u.
1583 1665 1705 1725 112):
1738 1672 1782 1710 at

236 1731 461 1771 uidebimus
487 1731 653 1771 dubium
677 1745 766 1771 eum
793 1731 917 1772 fuisse
942 1733 1077 1771 utrum
1103 1733 1286 1771 terrestri
1310 1731 1452 1771 itinere
1471 1745 1544 1782 per
1562 1731 1782 1771 Lucaniam

236 1791 306 1831 uia
334 1791 494 1843 Popilia
534 1790 673 1843 Capua
703 1791 935 1832 Valentiam
972 1792 1229 1842 commearet,
1273 1783 1345 1831 an'
1361 1791 1541 1831 Puteolis
1577 1792 1782 1843 profectus

236 1852 400 1904 nauigio
444 1852 583 1891 urbem
624 1852 739 1892 illam
778 1853 950 1903 peteret:
989 1846 1101 1907 (uide
1139 1851 1190 1892 ad
1225 1865 1263 1891 u.
1287 1853 1370 1891 107
1374 1846 1404 1906 )
1467 1851 1605 1891 Veluti
1645 1850 1780 1891 Cicero

237 1912 328 1952 exul
361 1911 540 1952 Siciliam
579 1915 619 1952 et
648 1912 831 1952 Melitam
871 1925 960 1952 cum
991 1913 1163 1963 peteret„
1199 1912 1268 1950 uia
1298 1911 1458 1963 Popilia
1487 1912 1691 1962 profectus
1722 1914 1783 1951 est

236 1971 467 2012 Valentiam
511 1967 582 2026 (ad
624 1972 710 2012 Att.
735 1971 798 2010 III
831 1973 868 2012 2.
903 1973 940 2011 3.
975 1974 1000 2010 4
1038 1985 1111 2024 pro
1148 1971 1283 2011 Plano.
1311 1966 1405 2026 95),
1458 1971 1527 2011 ubi
1571 1972 1781 2011 consilium

236 2031 430 2072 mutauit:
462 2032 624 2083 scripsit
652 2032 722 2072 ille
754 2032 805 2078 ad
835 2031 964 2072 Nares
995 2031 1199 2072 Lucaniae
1231 2032 1283 2072 ad
1313 2033 1399 2071 Att.
1419 2031 1483 2071 HI
1509 2033 1534 2071 2
1575 2029 1668 2072 ‘iter
1698 2044 1782 2071 esse

237 2092 450 2132 molestum
490 2093 589 2143 scic,
633 2091 701 2132 sed
744 2093 862 2132 tanta
901 2093 1111 2132 calamitas
1151 2105 1288 2132 omnes
1324 2092 1529 2132 molestias
1566 2089 1702 2132 habet’
1743 2095 1783 2131 et

235 2165 309 2203 pro
347 2151 481 2192 Planc.
510 2153 535 2191 l.
565 2165 594 2191 s.
623 2153 677 2192 96
725 2149 826 2191 ‘tum
864 2152 1030 2193 consilio
1067 2154 1230 2204 repente
1261 2154 1419 2192 mutato
1450 2153 1530 2192 iter
1561 2165 1585 2192 a
1624 2152 1781 2192 Vibone

237 2212 497 2252 Brundisium
539 2214 649 2252 terra
684 2214 819 2264 petere
857 2212 1060 2252 contendi:
1100 2225 1195 2253 nam
1231 2213 1455 2252 maritimos
1492 2225 1632 2252 cursus
1667 2225 1782 2264 prae—

238 2272 424 2312 cludebat
461 2272 604 2311 hiemis
643 2269 908 2325 magnitudo’.
979 2272 1089 2319 Quae
1125 2273 1250 2313 uerba
1289 2275 1494 2324 pertinent
1533 2286 1612 2313 non
1653 2273 1781 2312 solum

239 2332 291 2372 ad
315 2332 430 2372 illam
455 2345 578 2383 quam
603 2331 703 2371 dicit
725 2334 884 2384 partem
908 2333 1076 2384 itineris,
1109 2333 1178 2372 sed
1209 2333 1260 2372 ad
1284 2335 1417 2373 totum
1441 2333 1598 2373 itineris
1623 2346 1783 2379 cursum

239 2391 401 2443 Capuae
431 2391 482 2432 ab
513 2393 586 2432 illo
617 2394 898 2446 excogitatum.
960 2393 1018 2433 At
1053 2388 1173 2445 longe
1200 2393 1393 2444 vplerique
1424 2393 1626 2433 maritimo
1665 2405 1782 2432 cursu

239 2453 318 2491 iter
346 2453 453 2492 inter
483 2452 655 2505 Regium
687 2455 727 2492 et
758 2452 948 2504 Capuam,
980 2454 1093 2493 cuius
1124 2455 1264 2504 portus
1295 2453 1455 2492 Puteoli
1485 2455 1580 2493 sunt
1610 2453 1783 2492 habendi

241 2506 391 2566 (Plaut.
417 2512 518 2552 Rud.
547 2508 666 2568 631),
698 2513 976 2564 conficiebant,
1010 2512 1148 2564 Capua
1191 2513 1360 2553 Romam
1403 2513 1539 2564 Appia
1580 2514 1780 2564 petebant.

241 2571 381 2611 Veluti
405 2572 556 2612 Paulus
582 2573 788 2624 apostolus
813 2573 998 2624 peruenit
1023 2568 1135 2628 (acta
1159 2576 1286 2624 apost.
1307 2572 1483 2612 XXVIII
1505 2574 1558 2612 13
1580 2569 1709 2628 seqq.)
1725 2604 1732 2611 .
1750 2604 1780 2611 ..

239 2630 296 2679 εἰς
327 2626 494 2686 Ῥήγιον.
555 2631 621 2672 καὶ
659 2631 751 2685 μετὰ
789 2632 886 2686 μίαν
916 2629 1068 2687 ἡμέραν
1104 2631 1384 2687 ἐπιγενομένου
1414 2631 1535 2673 νότου
1566 2632 1782 2687 δευτεραῖοι

240 2689 419 2744 ’ἤλθομεν
449 2691 506 2740 εἰς
534 2691 755 2741 Ποτιόλους
775 2723 783 2732 .
806 2723 814 2732 .
835 2723 844 2732 .
869 2691 936 2733 καὶ
968 2692 1094 2741 οὕτως
1124 2692 1182 2742 εἷς
1211 2692 1285 2745 τὴν
1311 2687 1466 2746 Ῥώμην
1494 2691 1678 2746 ἤλθαμεν
1702 2694 1729 2733 i.
1749 2707 1781 2732 e.

239 2750 310 2791 uia
349 2751 486 2803 Appia
532 2754 581 2791 ut
623 2765 670 2792 ex
712 2752 968 2803 sequentibus
1012 2756 1191 2804 apparet.
1264 2753 1386 2793 Recte
1429 2753 1647 2804 Procopius
1690 2753 1781 2793 bell.

242 2809 360 2850 Goth.
379 2811 400 2851 I
427 2813 482 2851 14
513 2810 593 2852 ἔστι
623 2806 662 2851 δ’
689 2809 716 2864 ἡ
739 2807 884 2852 'Anna
916 2809 1007 2860 ὁδὸς
1039 2810 1197 2867 ἡμερῶν
1226 2811 1341 2853 πέντε
1365 2811 1484 2866 ἀνδρὶ
1508 2812 1678 2870 εὐζώνῳ,
1704 2814 1727 2852 i.
1750 2827 1781 2852 e.

242 2870 365 2911 altius
408 2872 608 2911 succincto
652 2884 773 2923 quam
810 2871 1006 2911 Horatius
1042 2875 1146 2923 erat,
1191 2875 1260 2923 qui
1299 2886 1411 2912 serm.
1438 2873 1459 2912 I
1492 2874 1536 2923 5,
1570 2874 1594 2912 5
1628 2887 1669 2913 se
1705 2875 1783 2913 iter

241 2932 436 2982 primum,
479 2932 586 2982 quod
628 2933 716 2971 erat
750 2932 880 2972 Roma
916 2931 967 2970 ad
1004 2932 1127 2983 Appii
1171 2933 1322 2983 forum,
1364 2935 1559 2985 ignauum
1598 2933 1782 2973 diuisisse

241 2990 365 3030 refert
399 2990 618 3042 tardusque
654 3004 733 3031 non
763 2991 802 3030 V
833 2991 901 3032 sed
931 2991 990 3031 VI
1027 2993 1274 3043 consumpsit
1309 2992 1393 3032 dies
1431 3005 1455 3032 a
1492 2993 1619 3032 Roma
1655 3007 1782 3044 usque

243 3050 293 3091 ad
344 3050 535 3102 Capuam.
618 3050 731 3098 Quod
780 3054 855 3092 act.
891 3054 1018 3104 apost.
1054 3053 1078 3091 l.
1114 3065 1143 3092 s.
1179 3052 1310 3093 Lucas
1359 3053 1482 3093 refert
1531 3053 1572 3094 οἵ
1617 3052 1782 3107 ἀδελφοὶ
