2060 3444
273 229 328 272 38
866 227 900 262 v
924 239 960 263 u.
988 230 1189 264 213-216.

272 344 499 393 satyrarum
541 340 608 380 lib.
629 340 666 378 V
711 337 897 380 “interea
922 371 930 380 .
959 371 967 379 .
995 371 1002 379 .
1034 337 1234 393 pectus”.'
1308 341 1490 383 Donatus
1534 342 1586 383 ad
1634 344 1814 385 Terentii

271 402 468 442 Andriam
491 400 551 440 IV
578 402 616 447 2,
646 401 698 440 16
728 397 922 451 ‘Stefisse,
946 401 1022 441 hoc
1046 402 1108 441 est
1132 413 1226 441 esse.
1255 432 1262 440 .
1285 432 1292 440 .
1315 432 1323 441 .
1349 403 1468 443 aliter
1491 404 1656 454 plenum
1681 406 1764 445 est.
1778 435 1788 445 .
1803 435 1812 444 .

273 462 391 502 aliter
409 461 586 510 horrent,
610 462 657 500 ut
676 490 684 499 .
702 491 709 499 .
726 492 733 499 .
754 462 794 500 et
811 460 990 501 Lucilius
1012 458 1127 501 “stat
1145 462 1324 501 sentibus
1341 460 1551 512 fumdus''.’
1602 464 1814 505 Nouumne

271 521 416 561 Lucilii
448 523 488 561 et
518 521 719 561 diuersum
751 521 1020 573 fragmentum
1051 521 1232 572 proferat
1261 522 1444 563 Donatus
1476 536 1529 562 an
1555 523 1662 564 idem
1693 526 1814 576 atque

274 581 425 621 Gellius
463 582 504 620 et
539 581 694 621 Nonius
732 583 963 632 corruptum
1000 582 1042 620 in
1079 582 1255 622 extremo
1295 582 1417 622 uerbo
1455 583 1630 624 dubites:
1668 585 1814 624 rectius

273 644 408 681 tamen
452 640 528 680 erit
569 641 693 681 uerba
730 654 793 693 ap.
824 641 1029 681 Donatum
1072 643 1232 681 seruata
1277 641 1450 683 tribuere
1493 643 1668 684 incertae
1711 644 1815 685 sedis

273 701 453 742 uersibus
486 695 654 755 (1301).
711 701 961 742 Describitur
990 701 1108 741 homo
1135 702 1384 742 errabundus
1414 716 1486 754 per
1513 703 1655 744 rubeta
1679 705 1815 756 spinas

275 761 527 801 solitudines:
565 761 659 800 dum
697 774 814 813 aegre
851 761 992 813 pedem
1029 764 1239 812 promouet
1275 775 1346 813 per
1377 762 1498 803 dens‘a
1522 763 1712 804 ruborum
1743 764 1816 803 im-

273 821 522 873 pedimenta,
565 821 718 862 interea
762 823 844 861 stat
880 821 1057 862 sentibus
1094 824 1250 873 pectus,
1282 821 1425 874 quibus
1464 825 1586 875 caput
1621 826 1662 864 et
1702 837 1818 864 crura

275 881 389 922 foede
424 881 743 922 descobinantur.

397 935 507 983 214.
538 941 693 981 Nonius
713 955 750 993 p.
768 942 866 991 363,
887 942 941 981 26
971 939 1158 983 ‘Prodere
1182 954 1319 983 rursus
1342 942 1498 982 differre
1517 944 1582 983 uel
1602 943 1816 984 excludere.

376 1001 553 1041 Lucilius
597 1003 825 1053 satyrarum
867 1001 935 1041 lib.
956 1002 993 1039 V
1031 999 1242 1053 “possisne
1280 1033 1288 1040 .
1317 1033 1325 1040 .
1354 1033 1361 1041 .
1400 1016 1451 1042 an
1484 1003 1694 1054 prodenda
1735 1003 1818 1044 dies

276 1058 389 1101 sit’'.’
464 1060 647 1102 Donatus
692 1061 743 1101 ad
786 1061 963 1101 Terentii
1004 1061 1128 1102 Andr.
1162 1062 1205 1102 Π
1238 1065 1283 1112 1,
1316 1064 1370 1102 13
1416 1059 1581 1104 ‘Prodat
1629 1064 1819 1115 proferat,

276 1122 464 1173 prolatet,
491 1121 659 1161 differat
715 1121 895 1162 Lucilius
920 1123 964 1162 in
990 1123 1130 1173 quinto
1151 1119 1237 1163 “an
1254 1135 1373 1174 porro
1470 1119 1583 1163 sit’'.'
1628 1123 1819 1164 Homines

278 1182 429 1222 obsessi
460 1181 696 1231 deliberant,
727 1182 831 1221 alter
862 1182 981 1222 alteri
1014 1179 1176 1232 ‘hodie'‚
1200 1184 1345 1234 inquit,
1372 1179 1718 1224 ‘considerandum
1743 1185 1820 1225 erit

277 1242 458 1293 possisne
489 1241 596 1281 elabi
627 1254 680 1281 an
703 1254 822 1293 porro
847 1241 1050 1293 prodenda
1075 1245 1116 1282 et
1141 1242 1359 1283 differenda
1383 1243 1460 1283 tibi
1491 1244 1544 1283 sit
1568 1243 1652 1284 dies
1678 1244 1820 1284 salutis

278 1304 319 1341 et
350 1298 518 1354 effugii’‚
549 1303 596 1340 ut
629 1299 814 1353 νόστιμον
846 1295 963 1356 ἦμαρ.
1022 1302 1189 1342 Locutio
1220 1304 1310 1353 ipsa
1340 1305 1551 1344 castrensis
1583 1306 1644 1343 est
1674 1316 1820 1344 sermo-

277 1363 358 1401 nis:
397 1359 496 1401 Gato
534 1356 591 1415 (p.
616 1363 691 1411 73,
719 1362 771 1400 12
798 1356 923 1416 Iord.)
963 1375 1026 1413 ap.
1045 1362 1151 1403 Fest.
1183 1375 1221 1413 p.
1244 1363 1348 1412 242,
1376 1364 1429 1402 14
1470 1360 1704 1415 ‘prodidisse
1740 1376 1821 1404 non

278 1422 407 1461 solum
430 1420 474 1460 in
499 1421 582 1460 illis
608 1420 766 1472 dicitur,
793 1422 863 1472 qui
886 1421 1063 1473 patriam
1091 1422 1272 1462 hostibus
1297 1422 1571 1474 prodiderunt,
1603 1423 1672 1464 sed
1697 1423 1820 1464 etiam

280 1478 451 1531 ‘tempus
477 1481 636 1533 longius
662 1478 830 1531 fecisse'‚
855 1483 902 1520 ut
927 1481 1026 1522 Cato
1054 1479 1137 1532 ‘Te‚
1164 1481 1205 1522 G.
1227 1481 1386 1532 Caecili,
1411 1482 1518 1522 diem
1542 1480 1820 1537 prodi<di>sse

278 1540 473 1581 militibus
505 1540 728 1593 legionibus
753 1540 828 1591 m,
859 1554 948 1581 cum
979 1542 1248 1593 proditionem
1278 1555 1358 1582 non
1385 1540 1605 1583 haberent’.

400 1595 512 1642 215.
551 1600 715 1641 Seruius
754 1602 894 1641 auctus
932 1601 984 1641 ad
1020 1601 1218 1642 Aeneidos
1243 1602 1280 1641 X
1314 1603 1398 1642 398
1440 1599 1540 1642 ‘Alii
1579 1599 1818 1644 “dolorem’'

279 1661 450 1701 alicuius
481 1660 607 1701 studii
639 1660 821 1701 ardorem
852 1664 893 1702 et
921 1663 1150 1713 promptam
1175 1662 1328 1714 gloriae
1355 1662 1617 1713 cupiditatem
1642 1665 1823 1703 ueterum

280 1734 388 1760 more
420 1721 571 1761 dictum
595 1721 749 1771 uolunt,
774 1723 820 1761 ut
846 1720 989 1762 Graeci
1013 1720 1139 1762 πόνον
1165 1722 1383 1773 appellant,
1408 1721 1586 1763 Lucilius
1611 1724 1654 1762 in
1680 1724 1821 1774 quinto

282 1778 408 1821 “nam
540 1778 793 1832 labosque”.'
862 1781 996 1822 Verba
1032 1783 1122 1833 ipsa
1158 1795 1256 1822 sana
1294 1784 1387 1822 sunt
1424 1783 1568 1822 omnia.
1637 1783 1823 1823 Dolorem

282 1853 420 1891 capere
450 1840 580 1881 Plaut.
608 1841 722 1880 Truc.
744 1842 829 1880 455
865 1838 1076 1892 ‘quantum
1108 1842 1224 1882 corde
1257 1843 1371 1893 capio
1403 1839 1608 1894 dolorem’,
1645 1843 1823 1882 laborem

281 1913 422 1952 capere
455 1901 612 1940 Terent.
633 1900 758 1940 Andr.
781 1902 864 1940 719
899 1898 1055 1941 ‘uerum
1086 1915 1134 1940 ex
1165 1915 1211 1941 eo
1242 1914 1346 1942 nunc
1388 1903 1534 1942 misera
1565 1916 1683 1954 quem
1714 1903 1824 1954 capit

282 1957 488 2010 laborem',
531 1954 622 2014 (ubi
665 1961 835 2001 dolorem
874 1956 993 2015 DG),
1036 1961 1150 2001 Lucr.
1171 1961 1208 1998 V
1237 1962 1349 2001 1182
1393 1959 1450 2001 ‘et
1485 1962 1639 2002 nullum
1683 1975 1846 2015 capere¹

281 2022 389 2071 ipsos
425 2019 518 2059 inde
555 2014 760 2061 laborem’.
823 2020 953 2060 Sicuti
993 2021 1100 2072 apud
1130 2021 1331 2061 Lucilium
1372 2023 1433 2061 est
1462 2023 1675 2073 utrumque
1706 2035 1822 2063 uoca-

282 2080 420 2119 bulum
463 2080 613 2119 habent
654 2079 786 2120 Plaut.
824 2079 965 2120 Pseud.
993 2081 1077 2120 685
1125 2077 1262 2131 ‘atque
1305 2080 1379 2120 hoc
1423 2083 1559 2121 euenit
1601 2081 1644 2121 in
1686 2081 1823 2122 labore

283 2142 405 2190 atque
455 2141 498 2178 in
542 2139 678 2180 dolore
717 2142 764 2179 ut
805 2152 911 2180 mors
955 2140 1123 2192 obrepat
1164 2137 1341 2180 interim'
1386 2141 1541 2181 Terent.
1576 2141 1699 2181 Andr.
1736 2142 1818 2181 831

285 2197 386 2240 ‘eius
417 2199 554 2239 labore
583 2201 704 2251 atque
736 2201 821 2239 eius
853 2200 988 2240 dolore
1019 2201 1143 2253 gnato
1173 2202 1220 2240 ut
1249 2200 1468 2240 medicarer
1497 2197 1595 2241 tuo’.
1650 2201 1823 2241 Datiuus

283 2260 461 2299 omnibus
504 2273 584 2299 non
627 2260 842 2311 participio
885 2263 1023 2311 captus
1065 2261 1218 2312 passini
1263 2260 1467 2312 adpositus
1511 2262 1572 2301 est
1617 2262 1663 2301 ut
1705 2273 1822 2313 saepe

283 2323 482 2369 susceptus
512 2320 727 2371 participio
759 2314 972 2374 (Draegeri
1002 2322 1156 2371 syntax.
1182 2321 1275 2360 hist.
1294 2320 1316 2359 Ι
1343 2316 1499 2374 [1878]
1530 2334 1568 2372 p.
1589 2314 1714 2375 430),
1754 2321 1824 2362 sed

284 2380 395 2419 dolor
432 2379 698 2419 substantiae.
761 2379 819 2420 Re
857 2379 1060 2420 ablatiuus
1097 2380 1209 2421 dictis
1247 2379 1480 2432 plerumque
1524 2381 1742 2432 opponitur
1776 2382 1824 2421 ut

286 2452 347 2490 ap.
373 2439 564 2479 Plautum
595 2439 695 2478 Rud.
718 2439 802 2478 682
842 2436 1003 2480 ‘desiste
1041 2439 1157 2480 dicffis
1194 2439 1382 2480 nunciam
1421 2440 1608 2481 miseram
1638 2453 1700 2480 me
1732 2453 1822 2481 con-

284 2499 424 2539 solari:
456 2500 536 2539 nisi
566 2499 663 2550 quid
687 2512 730 2538 re
754 2500 929 2550 praesidi
954 2512 1139 2551 apparas,
1169 2499 1380 2539 Trachalio
1409 2501 1500 2540 acta
1523 2501 1622 2540 haec
1645 2512 1708 2540 res
1734 2497 1833 2541 est'z

287 2553 441 2612 (Aulul.
465 2560 548 2598 222
588 2558 703 2609 Epid.
727 2560 810 2598 113
851 2559 902 2598 ad
938 2559 1030 2599 Her.
1056 2559 1115 2599 IV
1148 2560 1222 2610 39,
1256 2561 1322 2600 51.
1356 2560 1430 2610 40,
1463 2554 1551 2614 52.)
1612 2560 1699 2600 Hoc
1735 2560 1823 2616 loco
1881 2588 1884 2591 «

287 2618 531 2658 adiectiuum
555 2618 716 2658 uidetur
740 2619 940 2659 excidisse.
997 2618 1189 2660 Omnibus
1213 2619 1411 2659 militibus
1437 2619 1487 2659 ab
1512 2619 1626 2660 hoste
1650 2621 1824 2672 turpiter

285 2680 329 2718 in
369 2679 510 2718 castris
550 2677 718 2718 obsessis
758 2691 860 2718 unus
901 2680 987 2718 erat
1026 2679 1140 2719 dolor
1176 2692 1223 2718 ex
1259 2680 1335 2719 hac
1370 2691 1413 2718 re
1451 2680 1590 2731 captus
1628 2681 1669 2719 et
1698 2679 1823 2720 labor.

285 2738 440 2789 Nempe
476 2751 681 2789 erumpere
717 2738 951 2790 hostemque
988 2739 1129 2791 fugare
1166 2751 1207 2779 se
1242 2739 1346 2779 uelle
1384 2738 1622 2779 clamabant.
1688 2738 1822 2791 Atque

289 2794 455 2849 ‘gloriae
480 2794 754 2848 cupiditatem'
780 2798 855 2838 hoc
878 2798 966 2838 loco
992 2811 1075 2839 esse
1101 2795 1308 2839 ‘dolorem'
1322 2799 1419 2850 ‘ipse
1446 2798 1571 2838 tradit
1596 2799 1821 2839 scholiasta.

290 2856 393 2896 Gonf
419 2857 507 2896 Liu.
532 2856 603 2896 XL
631 2859 699 2907 27,
727 2858 921 2898 10-—152
951 2858 1046 2898 uide
1078 2858 1128 2898 ad
1159 2872 1197 2899 u.
1219 2859 1316 2898 221.

239 2912 244 2916 ’
408 2911 520 2957 216.
556 2917 782 2957 Priscianus
822 2916 898 2956 GL
923 2918 965 2957 Π
995 2931 1032 2969 p.
1054 2919 1159 2968 470,
1186 2919 1210 2957 6
1230 2917 1268 2956 K
1307 2915 1494 2964 ‘Quidam
1529 2919 1665 2958 tamen
1702 2916 1823 2958 etiam

290 2972 459 3025 “nexi’',
485 3006 493 3014 .
515 3006 523 3014 .
545 3006 552 3014 .
578 2978 625 3016 ut
657 2973 803 3017 “flecto
828 2974 964 3016 flexi”.
990 3007 999 3016 .
1021 3008 1028 3016 .
1049 3007 1058 3016 .
1083 2977 1261 3018 Lucilius
1291 2978 1334 3016 in
1359 2978 1396 3015 V
1423 2975 1520 3017 “hic
1546 3008 1554 3016 .
1575 3008 1583 3016 .
1604 3007 1613 3017 .
1638 2978 1734 3017 mihi
1752 3007 1761 3016 .
1782 3007 1790 3016 .
1813 3007 1822 3016 .
