2060 3444
280 212 366 257 130
872 210 925 256 JX
950 223 986 247 u.
1014 215 1212 254 3387342.

277 325 473 382 εἰσαγωγῇ
511 326 682 364 auctore*
704 324 824 376 Diog.
855 324 987 364 Laert.
1007 324 1087 363 VII
1114 325 1170 365 60
1210 324 1362 376 ποίημα
1399 322 1442 364 δέ
1478 322 1582 364 ἐστιν
1615 354 1624 364 .
1644 355 1653 363 .
1673 354 1683 364 .
1715 322 1816 373 λέξις

279 384 464 437 ἔμμετρος
494 381 522 436 ἢ
559 381 765 437 εὔρυθμος
802 382 895 436 μετὰ
927 389 1090 436 σκευῆς,
1127 382 1170 424 τὸ
1202 381 1395 437 λογοειδὲς
1426 382 1663 437 ἐκβεβηκυῖα
1693 381 1818 437 <διὰ>

278 443 321 484 τὸ
364 439 453 499 (τὸν
483 438 677 498 Borbon.)
714 442 935 496 ἔνρυθμον·
973 440 1183 496 <ποίήμα>
1221 441 1262 483 δὲ
1300 438 1401 483 εἶναι
1441 442 1483 483 τὸ
1525 446 1627 484 Γαΐα
1658 443 1816 497 μεγίστη

279 502 346 545 καὶ
383 502 481 552 Διὸς
513 502 637 556 αἰθήρ
683 498 835 558 (TGF2
865 503 1045 554 Euripid.
1080 504 1164 543 839
1209 498 1413 558 Nauckii).
1457 503 1616 555 ποίησις
1656 501 1699 543 δέ
1739 501 1817 544 ἐστι

281 561 525 615 σημαντικὸν
562 563 734 615 ποίημα,
774 563 940 615 μίμησιν
970 562 1147 616 περιέχον
1179 563 1304 603 θείων
1335 561 1400 602 καὶ
1432 561 1708 616 ἀνθρωπείων.
1769 563 1818 603 In

282 623 424 674 quibus
470 623 654 663 omnibus
698 623 964 674 Theophrasti
1006 623 1230 663 doctrinam
1273 623 1563 675 agnoscendam
1605 635 1691 663 esse
1727 635 1818 662 con-

280 685 514 724 sentaneum
555 685 633 722 est:
670 683 766 723 conf
793 696 895 734 quae
932 685 1072 723 extant
1107 683 1231 723 uerba
1261 682 1489 734 philosophi
1519 683 1627 734 apud
1657 682 1817 722 Sueten.

278 757 317 794 p.
334 745 402 793 17,
418 744 453 782 2.
472 744 524 782 16
536 743 583 782 R.
634 741 711 782 Sed
731 743 944 782 secundum
963 743 1220 785 Posidonium
1238 743 1368 793 poesis
1393 742 1669 783 tantummodo
1695 755 1818 794 genus

281 803 446 855 aliquod
471 804 532 843 est
555 804 770 854 poematis:
795 803 981 842 similiter
1007 803 1111 842 Sext.
1137 802 1325 853 Empiric.
1351 802 1440 842 adu.
1471 815 1635 854 gramm.
1661 816 1699 853 p.
1721 802 1819 852 645,

284 866 335 903 19
370 863 546 903 Bekkeri
580 861 647 902 καὶ
683 860 918 915 ἀρχαιοτάτη
956 861 1060 903 ἐστὶν
1091 857 1311 916 ήὉμήρον
1349 862 1524 917 ποίησις·
1562 861 1715 914 ποίημα
1743 860 1818 915 γὰρ

281 920 399 964 οὐδὲν
436 922 700 975 πρεσβύτερον
738 916 834 974 ἧκεν
870 922 926 970 εἰς
963 919 1067 974 ἡμᾶς
1106 928 1176 974 τῆς
1213 921 1367 962 ἐκείνου
1407 921 1614 974 ποιήσεως.
1674 921 1820 962 Lucilii

254 995 257 997 ·
282 983 533 1022 aduersarius
566 981 703 1021 eodem
734 982 852 1022 modo
883 984 1069 1033 peccarat
1099 995 1177 1033 quo
1205 982 1370 1033 Dionys.
1397 982 1529 1021 Thrax
1553 983 1597 1021 in
1622 983 1708 1021 arte
1732 995 1771 1033 p.
1793 982 1818 1021 8

281 1042 416 1094 Vhlig.
454 1041 642 1098 ῥαψῳδία
677 1040 756 1082 ἐστὶ
789 1040 906 1095 μέρος
942 1041 1162 1094 ποιήματος
1192 1044 1270 1082 κτλ.
1301 1042 1371 1081 ubi
1407 1042 1623 1082 scholiasta
1662 1055 1700 1092 p.
1722 1042 1820 1092 179,

283 1103 336 1142 26
358 1102 397 1141 Η
434 1101 632 1154 ποιήσεως
662 1100 779 1155 ἐχρῆν
809 1101 955 1155 εἰπεῖν,
993 1101 1041 1142 οὐ
1078 1101 1314 1154 ποιήματος·
1352 1101 1512 1154 ποίησις
1551 1099 1625 1155 γὰρ
1657 1099 1682 1152 ἡ
1714 1106 1821 1140 πᾶσα

275 1157 408 1213 Ἰλιάς,
444 1161 597 1214 ποίημα
634 1158 676 1201 δὲ
707 1160 849 1213 ἑκάστη
881 1161 1069 1218 ῥαψῳδία
1099 1164 1176 1201 κτλ.
1210 1156 1325 1216 (conf
1350 1175 1388 1212 p.
1411 1162 1509 1211 315,
1537 1165 1557 1200 1
1587 1174 1693 1212 seqq.
1722 1161 1821 1211 449,

281 1223 337 1262 25
365 1217 505 1275 seqq).
564 1221 674 1261 Haec
711 1221 759 1260 de
796 1221 944 1261 Lucilii
984 1221 1174 1262 doctrina.
1237 1222 1478 1274 Fragmenta.
1510 1221 1587 1261 duo
1619 1221 1821 1271 constitui,

284 1294 374 1321 cum
404 1282 508 1322 idem
539 1280 645 1332 quod
676 1281 828 1333 legitur
858 1283 951 1320 ante
983 1282 1148 1330 epistula
1189 1281 1325 1321 eodem
1357 1282 1473 1321 modo
1504 1282 1681 1332 positum
1713 1280 1766 1320 sit
1797 1293 1821 1319 a

282 1342 414 1381 Nonio
459 1354 539 1391 quo
583 1355 621 1392 p.
650 1342 676 1380 4
708 1353 738 1380 s.
764 1355 801 1380 u.
837 1342 1006 1380 tolutim:
1047 1340 1227 1381 Lucilius
1271 1343 1497 1392 satyrarum
1539 1340 1608 1380 lib.
1628 1340 1728 1380 Vm
1771 1337 1821 1379 ‘si

282 1414 397 1441 omne
421 1402 500 1440 iter
525 1401 664 1440 euadit
690 1400 945 1452 stadiumque
971 1401 1123 1440 accline
1147 1398 1325 1441 tolutim’
1352 1401 1474 1440 idem:
1508 1398 1628 1440 ‘uelle
1659 1400 1822 1439 tolutim

281 1461 346 1500 hic
383 1473 538 1511 semper
569 1462 635 1510 aqi
669 1461 900 1512 incepturus
938 1458 1112 1500 uidetur’
1152 1455 1207 1514 (u.
1231 1462 1328 1500 313.
1362 1455 1478 1514 314).
1519 1482 1572 1488 —
1613 1460 1709 1500 338.
1741 1472 1821 1499 non

280 1521 379 1560 haec
405 1520 500 1571 quid
525 1515 680 1572 ualeat]
708 1520 804 1571 quid
829 1521 966 1559 ualeat
989 1520 1099 1570 haec,
1125 1533 1245 1571 quam
1263 1520 1380 1560 modo
1401 1520 1483 1559 dixi
1501 1519 1652 1571 poesin,
1671 1519 1821 1570 quidue

280 1581 356 1620 hoc
393 1581 519 1620 altero
558 1580 682 1619 distet
717 1580 819 1619 illud
857 1580 1045 1630 alterum,
1082 1593 1162 1620 non
1200 1580 1414 1631 cognoscis.
1478 1579 1648 1630 Scripsit
1686 1579 1822 1619 Dousa

281 1641 372 1681 huic
401 1653 474 1691 pro
505 1640 574 1680 hoc
599 1641 640 1679 et
664 1640 820 1679 Terent.
847 1640 947 1679 Eun.
976 1642 1060 1680 232
1090 1637 1230 1680 ‘stulto
1256 1640 1491 1692 intellegens
1517 1639 1616 1690 quid
1640 1634 1820 1679 interest’

282 1713 423 1740 reuera
467 1700 627 1740 datiuus
671 1699 832 1742 uidetur
874 1700 1149 1753 agnoscendus
1194 1712 1289 1740 esse.
1351 1700 1407 1739 At
1437 1699 1631 1739 Horatius
1668 1699 1783 1750 epist.
1801 1699 1823 1738 I

286 1762 331 1810 7,
363 1761 418 1799 48
466 1757 568 1799 ‘foro
612 1759 780 1799 nimium
829 1759 979 1799 distare
1030 1757 1200 1800 carinas'
1242 1759 1363 1799 uerbo
1407 1759 1556 1799 distare
1600 1758 1823 1799 ablatiuum

283 1820 424 1869 iunxit,
456 1821 521 1859 cui
552 1820 649 1858 alibi
680 1819 873 1869 datiuum,
905 1819 1003 1859 alibi
1035 1832 1061 1859 a
1091 1819 1425 1871 praepositionem
1458 1819 1622 1858 addidit.
1679 1819 1822 1869 Itaque

283 1880 358 1919 hoc
406 1880 493 1919 loco
541 1879 693 1919 tradita
742 1880 856 1919 salua
905 1880 1067 1919 seruaui
1115 1893 1204 1919 cum
1247 1879 1421 1919 nesciam
1462 1879 1659 1930 quomodo
1696 1878 1822 1917 Lach-

282 1952 453 1981 mannus
477 1939 610 1978 locum
633 1939 876 1978 intellexerit
902 1941 973 1990 qui
998 1940 1159 1991 scripsit
1186 1936 1347 1989 ‘quidue
1372 1939 1446 1978 hoc
1471 1940 1577 1978 inter
1596 1940 1671 1978 siet
1692 1934 1820 1977 illud'.

283 2000 378 2050 Ipsa
421 1999 569 2038 locutio
608 2011 687 2038 non
726 1999 777 2038 ad
805 2002 990 2047 poemata
1026 1999 1217 2050 pertinet,
1262 1999 1330 2038 sed
1370 1999 1411 2037 in
1451 1999 1683 2038 uniuersum
1721 1998 1821 2037 acci-

282 2058 430 2110 pienda
467 2060 538 2097 est.
578 2080 631 2086 -—
671 2058 837 2098 Accium
875 2070 899 2097 a
935 2058 1090 2098 Lucilio
1133 2058 1208 2098 hoc
1244 2059 1331 2097 loco
1368 2058 1482 2109 tangi
1520 2058 1590 2108 qui
1626 2058 1728 2096 libro
1765 2057 1823 2096 IX

284 2118 552 2158 didascalicon
602 2118 806 2168 scripserit
857 2115 966 2157 ‘nam
1016 2131 1136 2168 quam
1185 2118 1298 2157 uaria
1341 2130 1487 2170 genera
1535 2118 1821 2168 poematorum,

283 2178 421 2228 Baebi,
454 2190 652 2228 quamque
678 2177 796 2230 longe
822 2177 1012 2218 distincta
1039 2179 1120 2218 alia
1145 2178 1193 2218 ab
1221 2178 1323 2227 aliis,
1353 2174 1485 2217 nosce’
1520 2172 1651 2231 (FPR
1675 2190 1714 2227 p.
1735 2177 1820 2215 269

283 2233 536 2292 Baehrens),
575 2237 762 2277 credibile
805 2251 884 2277 non
924 2239 994 2277 est.
1033 2259 1091 2265 -—
1131 2239 1227 2277 339.
1266 2238 1439 2288 primum
1478 2237 1553 2276 hoc
1584 2230 1684 2291 (est)
1716 2235 1823 2287 quod

285 2298 454 2337 dicimus
480 2310 565 2337 esse
589 2295 761 2351 poema}
811 2298 900 2337 Iam
925 2300 1132 2336 enumerat
1155 2299 1274 2348 poeta
1300 2297 1421 2336 uerba
1449 2297 1624 2350 singula:
1649 2297 1822 2347 primum

279 2370 432 2407 poema,
469 2357 595 2396 altero
627 2358 714 2397 loco
738 2358 879 2407 poesin
909 2357 1000 2396 inde
1032 2371 1057 2397 a
1087 2371 1124 2396 u.
1153 2359 1249 2396 342.
1282 2378 1340 2384 -—
1372 2358 1470 2396 341.
1500 2356 1685 2396 Alterum
1715 2356 1822 2407 fiag-

286 2420 464 2457 mentum
505 2417 641 2457 eodem
678 2417 780 2457 libro
819 2418 994 2468 positum
1035 2418 1158 2457 fuisse
1196 2419 1347 2456 certum
1385 2418 1466 2456 est:
1503 2416 1640 2456 omisit
1668 2415 1822 2455 Nonius

287 2477 419 2517 omnia
450 2479 679 2528 poematum
710 2490 855 2529 genera
885 2479 1045 2527 praeter
1074 2477 1216 2516 ultim0
1253 2477 1339 2516 loco
1372 2489 1492 2527 quam
1524 2476 1824 2516 enumerauerat

287 2537 511 2588 epistulam.
582 2534 802 2588 ‘Epistulas
845 2537 1052 2576 uersiculis
1095 2536 1236 2576 facetis
1277 2536 1328 2575 ad
1371 2535 1583 2575 familiaris
1620 2536 1762 2583 missas
1799 2547 1822 2573 a

290 2594 495 2636 Corintho'
544 2609 643 2647 quas
687 2598 964 2648 composuerat
1007 2596 1073 2647 Sp.
1099 2596 1313 2635 Mummius
1351 2609 1454 2635 anno
1497 2596 1579 2634 fere
1625 2596 1708 2634 608
1713 2590 1732 2647 s
1738 2595 1820 2634 146

289 2658 572 2696 commemorat
615 2653 750 2696 Cicero
794 2657 845 2695 ad
886 2656 972 2696 Att.
997 2656 1096 2695 xm
1129 2657 1173 2705 6,
1208 2657 1253 2706 4,
1284 2655 1430 2695 Lucilii
1471 2657 1607 2694 satura
1650 2654 1743 2693 libri
1784 2653 1823 2691 V

289 2717 419 2767 prima
460 2717 559 2755 item
602 2718 689 2755 erat
731 2716 906 2767 epistula
948 2715 999 2755 ad
1035 2715 1275 2756 familiarem
1318 2715 1450 2755 missa.
1489 2736 1546 2742 --
1586 2715 1681 2754 342.
1720 2714 1823 2753 Tota

287 2776 384 2815 Ilias
421 2789 502 2815 una
539 2778 599 2815 est
635 2774 764 2826 θέσις,
803 2775 919 2815 sicuti
958 2775 1121 2815 annales
1160 2775 1265 2814 Enni
1301 2776 1395 2814 sunt
1430 2787 1510 2814 una
1546 2772 1671 2822 θέσις.
1731 2774 1823 2812 Non

207 2855 212 2858 ·
289 2848 408 2877 ausus
440 2848 528 2874 sum
558 2838 713 2875 mutare
744 2835 982 2875 uocabulum
1008 2834 1212 2885 Graecum,
1244 2835 1350 2886 quod
1379 2834 1631 2886 grammatici
1655 2833 1822 2873 alicuius

290 2895 397 2945 sapit
446 2895 667 2934 doctrinam
716 2908 818 2946 quae
868 2895 1074 2934 exhibetur
1124 2896 1167 2934 in
1209 2895 1292 2933 EM
1322 2908 1359 2944 p.
1388 2895 1492 2943 391,
1525 2894 1579 2933 25
1623 2891 1823 2944 εὐθήμονι

290 2952 432 3005 μέλπεν
469 2952 587 3010 ἀοιδῇ
624 2949 828 3008 (Apollon.
850 2955 977 2993 Rhod.
996 2955 1018 2993 I
1044 2949 1150 3008 569)
1187 2953 1398 3008 εὐποιήτῳ·
1437 2952 1480 2993 ἐκ
1510 2958 1580 2993 τοῦ
1616 2955 1750 2992 θεῖναι
1779 2950 1822 2992 τὸ
1897 2964 1899 2967 ’
