2060 3444
293 249 381 290 430
774 247 902 282 incert.
931 246 1007 281 sed.
1034 258 1068 280 u.
1098 249 1343 281 1347-1350.

295 362 480 401 uidentur
511 373 594 400 esse
626 360 813 399 arbitrati
843 360 917 398 hoc
948 372 1066 398 uersu
1097 357 1323 411 significari.
1379 357 1542 397 Verrius
1573 360 1708 397 tamen
1740 358 1829 408 quis

295 422 451 460 dubitet
482 422 578 470 quin
610 433 655 458 ex
692 421 849 471 integro
886 418 1034 458 Lucilii
1069 418 1155 458 loco
1193 418 1435 457 intellexerit
1470 419 1626 468 partem
1662 417 1830 456 iumenti

296 480 524 532 significari,
550 493 596 518 ex
621 479 769 517 Naeuii
793 479 879 518 loco
904 481 1060 529 partem
1086 476 1224 528 porci?
1278 477 1403 528 Turpi
1427 478 1556 516 forma
1581 489 1671 516 ecus
1696 477 1829 527 potius

296 541 454 579 uidetur
485 539 653 579 describi
691 541 760 589 qui
796 551 892 577 naso
924 539 1096 588 pectoris
1127 538 1250 575 imam
1281 539 1453 588 partem,
1494 537 1644 576 ceruice
1675 536 1830 575 lumbos

296 602 437 651 tangat
473 600 591 638 sicuti
621 599 689 637 lib.
708 598 824 636 XVII
848 612 885 636 u.
914 599 995 636 541
1040 598 1189 636 femina
1226 597 1353 647 turpis
1385 596 1531 635 dicitur
1570 598 1735 647 tangere
1771 595 1830 634 in-

295 660 417 712 guina
447 659 648 698 mammis:
684 658 858 697 Martial.
885 657 926 696 Π
956 659 1022 707 11,
1049 660 1073 696 4
1114 654 1235 707 ‘quod
1272 669 1398 707 paene
1435 658 1583 695 terram
1623 667 1741 695 nasus
1772 656 1831 694 in-

296 720 435 759 decens
466 715 625 771 tangit’.
682 718 785 756 Nam
819 730 920 768 quae
951 719 993 756 in
1024 716 1250 757 hominibus
1282 716 1408 755 umeri
1440 728 1486 755 ea
1510 716 1554 754 in
1576 715 1714 754 bestiis
1740 716 1833 754 sunt

266 793 268 795 ·
296 780 397 818 armi
428 773 563 832 (Ouid.
590 780 749 817 metam.
774 778 810 815 X
838 774 954 830 700).
1016 776 1223 815 Laudatur
1254 776 1347 826 equi
1379 777 1501 826 caput
1539 775 1677 824 breue,
1708 774 1832 814 ardua

297 840 429 878 ceruix
455 833 614 892 (Horat.
641 850 753 876 serm.
773 837 794 876 I
821 838 859 886 2,
886 838 940 875 89
968 836 1085 887 Verg.
1106 848 1238 887 georg.
1258 836 1319 874 ΠΙ
1343 830 1434 888 79);
1459 835 1552 874 huic
1578 847 1678 885 equo
1704 835 1831 873 tristis

297 899 522 937 demittitur
546 910 664 936 nasus
690 909 815 947 usque
842 896 892 936 ad
917 897 1103 947 petimen.
1161 896 1262 934 Tum
1288 895 1463 946 optimus
1489 896 1549 934 est
1575 894 1644 944 qui
1670 895 1832 933 auctore

298 958 517 997 Columella
560 957 618 995 VI
646 958 713 1006 29,
741 959 764 995 2
799 957 876 995 erit
920 953 1088 995 ‘ceruice
1132 955 1262 1004 molli,
1304 955 1469 1004 lataque
1508 966 1579 993 nec
1615 950 1749 1005 longa'
1790 955 1833 992 at

296 1019 359 1056 hic
384 1018 517 1068 tangit
542 1016 697 1055 lumbos
726 1016 944 1056 ceruicibus
962 1017 1009 1054 ut
1027 1015 1196 1054 ridicula
1215 1016 1270 1053 sit
1289 1014 1484 1054 breuitate
1504 1015 1544 1053 et
1563 1014 1831 1052 contractione

297 1079 482 1127 corporis.
533 1077 756 1116 Nemesian.
777 1088 913 1127 cyneg.
937 1076 1019 1114 243
1049 1072 1145 1115 ‘illis
1171 1075 1304 1125 ampla
1329 1075 1428 1113 satis
1447 1074 1529 1112 leui
1547 1075 1640 1113 sunt
1660 1085 1833 1124 aequora

297 1138 424 1185 dorso,
455 1137 788 1186 immodicumque
821 1136 938 1184 latus,
970 1147 1197 1185 paruaeque
1229 1134 1457 1186 ingentibus
1489 1130 1599 1173 alui'.

419 1191 560 1236 1348.
593 1196 814 1246 Porphyrio
840 1195 890 1234 ad
916 1194 1075 1234 Horatii
1101 1207 1214 1233 serm.
1235 1195 1254 1232 I
1277 1196 1313 1242 7,
1336 1195 1388 1232 23
1418 1191 1645 1232 ‘Cohortem
1670 1193 1832 1232 comites

297 1258 395 1296 dicit
426 1256 560 1304 Bruti,
598 1257 668 1305 qui
704 1256 746 1293 in
784 1255 948 1294 consilio
987 1254 1070 1293 eius
1109 1257 1231 1292 erant.
1294 1255 1350 1293 sic
1387 1255 1426 1291 et
1457 1252 1634 1292 Lucilius
1666 1252 1724 1291 ait
1756 1249 1833 1290 “ut

299 1349 305 1355 .
327 1347 336 1356 .
359 1348 365 1355 .
393 1312 620 1365 aruspex''.'
679 1315 825 1354 Versus
851 1314 971 1353 fuisse
998 1313 1158 1352 uidetur
1183 1314 1254 1351 aut
1278 1312 1372 1351 libri
1397 1312 1453 1350 XI
1479 1312 1541 1350 cui
1568 1311 1831 1350 Baehrensius

298 1375 484 1415 attribuit
516 1376 585 1413 aut
614 1374 726 1413 XIV:
758 1374 974 1425 coniungas
1006 1385 1094 1411 cum
1126 1387 1162 1411 ιι.
1191 1373 1287 1411 473.
1350 1372 1409 1410 De
1447 1373 1642 1422 praetoris
1673 1371 1832 1410 cohorte

299 1435 388 1474 uide
422 1435 472 1474 ad
503 1434 570 1474 lib.
597 1434 652 1472 XI
678 1448 714 1472 u.
744 1434 828 1472 398
862 1433 955 1471 XIV
980 1446 1018 1471 u.
1046 1434 1149 1471 469:
1188 1432 1266 1471 Cic.
1288 1432 1398 1470 Verr.
1425 1431 1486 1470 III
1513 1432 1566 1469 28
1609 1428 1619 1445 ‘
1637 1427 1728 1469 “De
1770 1443 1833 1469 co-

298 1497 410 1534 horte
442 1507 530 1533 mea
562 1490 744 1543 reicies’',
776 1494 919 1543 inquit.
982 1491 1113 1538 Quid?
1143 1492 1222 1531 ista
1258 1492 1396 1531 cohors
1429 1504 1598 1541 quorum
1628 1491 1832 1529 hominum

298 1554 383 1594 est?
447 1551 620 1593 “Volusi
650 1553 871 1603 haruspicis
902 1555 942 1591 et
973 1551 1131 1591 Corneli
1162 1551 1305 1590 medici
1336 1553 1376 1590 et
1401 1551 1544 1589 horum
1569 1563 1710 1590 canum
1735 1562 1833 1600 quos

299 1614 474 1653 tribunal
506 1626 637 1652 meum
666 1613 775 1652 uides
800 1608 1021 1650 lambere”:
1053 1624 1145 1650 nam
1170 1611 1217 1650 de
1243 1613 1442 1650 conuentu
1467 1610 1620 1648 nullum
1646 1622 1832 1660 umquam

298 1674 469 1713 iudicem
506 1686 577 1712 nec
614 1675 930 1722 recuperatorem
969 1671 1079 1710 dedit
1106 1703 1112 1709 .
1135 1702 1142 1710 .
1164 1667 1188 1710 .'
1216 1665 1323 1725 (54).
1391 1670 1450 1708 De
1493 1670 1701 1720 haruspice
1745 1669 1840 1708 conf

299 1734 343 1773 Ο.
369 1733 584 1772 Muellerus
616 1732 663 1771 de
694 1732 873 1771 Etruscis
906 1727 1018 1785 (edit.
1044 1727 1103 1780 Π)
1135 1731 1215 1769 ιιοΙ.
1240 1731 1282 1768 H
1319 1744 1357 1780 p.
1386 1731 1451 1768 13.
1519 1729 1654 1769 Nostii
1693 1740 1835 1768 nomen

300 1794 470 1832 afferunt
513 1792 639 1831 lexica
683 1806 727 1830 ex
773 1791 851 1830 Cic.
879 1792 992 1842 epist.
1019 1790 1117 1829 XIII
1144 1791 1218 1840 46,
1262 1790 1310 1828 de
1351 1789 1437 1828 Viti
1479 1788 1751 1828 onomasticon
1789 1801 1835 1827 ex

299 1853 623 1903 inscriptionibus
660 1851 767 1890 urbis
806 1852 955 1890 Romae
993 1849 1089 1889 CIL
1116 1850 1173 1888 VI
1213 1850 1564 1889 23070-23072
1603 1849 1759 1888 Notizie
1798 1847 1833 1887 d.

300 1926 402 1953 scav.
432 1913 543 1951 1887
577 1926 614 1962 p.
640 1913 734 1950 149.

422 1966 563 2011 1349.
607 1971 756 2009 Paulus
800 1971 903 2009 Fest.
933 1970 1027 2020 epit.
1053 1983 1090 2020 p.
1119 1970 1222 2018 308,
1256 1970 1309 2007 13
1368 1966 1466 2007 ‘Sub
1521 1968 1646 2007 uitem
1699 1968 1835 2007 hastas

299 2033 426 2071 iacere
464 2031 610 2070 dicitur
646 2031 771 2079 ueles,
810 2042 899 2068 cum
936 2042 1002 2068 eas
1040 2028 1111 2068 sub
1149 2025 1322 2080 (ulmea)
1359 2041 1479 2067 manu
1500 2040 1665 2067 ,sursum
1697 2028 1835 2066 mittit.

305 2092 477 2130 Lucilius
506 2087 584 2128 “ut
608 2090 714 2129 ueles
739 2089 877 2139 bonus,
904 2089 977 2127 sub
1003 2090 1127 2127 uitem
1153 2090 1223 2139 qui
1248 2088 1425 2127 submisit
1449 2083 1644 2126 hastas’'.'
1695 2087 1835 2125 Festus

300 2166 337 2204 p.
366 2152 470 2199 310,
503 2151 526 2188 2
569 2147 666 2188 ‘Sub
704 2151 827 2187 uitem
865 2149 918 2187 ha
1101 2176 1105 2179 ⁴
1180 2160 1300 2186 manu
1326 2169 1538 2173 .-w-wi-
1563 2148 1592 2185 t.
1659 2145 1835 2184 Lucilius

303 2208 380 2248 “ut
412 2233 479 2236 w*
654 2223 693 2247 m
738 2210 806 2259 qui
848 2209 972 2247 subsit
1012 2209 1085 2246 has
1116 2230 1208 2234 ———
1379 2204 1388 2220 '
1459 2205 1648 2256 Sequitur
1690 2206 1836 2244 lemma

303 2268 390 2308 ‘sub
419 2271 543 2308 uitem
574 2266 778 2320 proeliari'
813 2281 901 2307 cum
932 2281 1049 2307 uersu
1074 2267 1222 2307 Lucilii
1250 2268 1321 2306 aut
1344 2266 1513 2305 iambico
1540 2268 1611 2304 aut
1633 2265 1835 2304 trochaico

302 2325 458 2383 (incert.
484 2344 521 2368 ιι.
550 2323 668 2383 960),
699 2329 801 2367 unde
834 2328 1043 2378 suspiceris
1068 2327 1254 2366 Verrium
1285 2326 1421 2366 eodem
1446 2327 1529 2365 iam
1554 2325 1690 2364 ordine
1715 2324 1836 2364 libros

300 2390 445 2428 Lucilii
482 2390 624 2441 legisse
663 2388 875 2438 dispositos
913 2400 993 2438 quo
1024 2386 1189 2426 Nonius.
1251 2386 1311 2425 De
1347 2387 1419 2425 sub
1450 2387 1568 2424 uitem
1598 2385 1726 2424 forma
1757 2386 1835 2423 Ser-

302 2451 431 2488 monis
463 2450 675 2488 castrensis
707 2448 858 2500 egimus
891 2447 941 2486 ad
972 2447 1108 2486 incert.
1135 2460 1171 2485 u.
1201 2446 1306 2485 960:
1339 2459 1458 2496 quam
1489 2445 1660 2483 formam
1690 2446 1734 2483 in
1763 2444 1837 2482 hoc

303 2521 419 2548 uersu
451 2508 602 2548 duobus
629 2508 726 2546 locis
752 2507 891 2546 Festus
915 2508 1096 2545 testatur.
1153 2505 1302 2545 Paulus
1327 2507 1409 2544 iam
1438 2506 1478 2543 et
1502 2516 1624 2543 manu
1649 2506 1689 2542 et
1713 2504 1838 2542 subsit

303 2571 533 2618 corruptum
563 2568 718 2606 inuenit
749 2568 791 2604 in
822 2579 892 2605 suo
924 2566 1014 2604 cod:
1045 2566 1184 2604 subicit
1208 2565 1309 2603 editt
1333 2566 1499 2613 ueteres,
1523 2564 1689 2615 subrepit
1711 2562 1836 2602 Lach-

302 2641 480 2667 mannus.
530 2627 677 2666 Hastas
702 2626 890 2665 uelitares
912 2626 1195 2664 commemorat
1212 2624 1352 2663 Liuius
1371 2623 1503 2662 XXVI
1523 2625 1560 2673 4,
1582 2624 1607 2661 4
1627 2622 1837 2661 XXXVIH

304 2690 378 2737 21,
416 2689 480 2726 13.
542 2686 660 2725 Veles
702 2685 827 2724 bonus
871 2685 943 2723 sub
985 2686 1104 2723 uinea
1146 2696 1302 2723 sursum
1344 2684 1472 2721 mittit
1514 2683 1650 2721 hastas
1694 2681 1836 2732 quibus

303 2747 578 2797 perfodiantur
608 2745 740 2784 hostes
771 2746 813 2782 in
844 2757 958 2783 muro
990 2744 1128 2794 oppidi
1155 2743 1294 2794 positi,
1326 2743 1542 2782 conliniare
1572 2743 1730 2781 hastam
1756 2740 1835 2779 Cic.

305 2807 352 2845 de
383 2806 448 2844 fin.
474 2806 537 2844 III
563 2806 600 2856 5,
629 2806 695 2844 22.

426 2860 565 2905 1350.
598 2864 759 2903 Seruius
791 2864 842 2903 ad
865 2863 1062 2903 Aeneidos
1086 2863 1107 2902 I
1134 2863 1218 2902 703
1253 2859 1474 2900 ‘Feminino
1500 2860 1675 2900 Lucilius
1704 2860 1836 2911 posuit

303 2927 349 2964 ut
387 2923 532 2964 “uxori
567 2925 703 2975 legata
739 2920 940 2974 penus'Z',
988 2922 1108 2962 Libro
1145 2922 1240 2960 XVI
1278 2921 1488 2971 adscripsit
1525 2921 1677 2970 Dousa,
1720 2932 1836 2970 quem

307 2986 431 3024 secuti
462 2987 554 3024 sunt
584 2984 862 3022 Lachmannus
893 2983 1106 3022 Muellerus
1138 2981 1226 3021 alii:
1258 2981 1349 3020 uide
1381 2981 1432 3019 ad
1462 2995 1499 3019 u.
1528 2981 1611 3019 519
1633 2992 1711 3030 seq.
