2060 3444
300 253 359 296 80
906 252 940 288 v
963 264 999 289 u.
1027 255 1226 290 181—191.

303 367 379 405 fuit
414 365 561 406 Licinii
598 364 731 406 Crassi
766 365 870 406 illud
906 366 1092 406 similiter
1127 366 1311 407 desinens
1353 367 1530 418 positum
1571 368 1615 407 in
1655 368 1839 409 suasione

299 427 400 478 legis
439 425 632 465 Seruiliae
670 425 767 466 anni
806 422 1003 480 106s648
1044 424 1203 477 ‘quibus
1241 429 1281 466 et
1319 440 1531 479 possumus
1563 429 1604 468 et
1634 425 1837 469 debemus’

301 480 455 537 (ORF2
485 499 522 536 p.
551 487 637 525 300
667 486 711 524 M
746 486 848 525 rhet.
875 486 927 526 ad
962 486 1056 525 Her.
1082 487 1141 525 IV
1168 489 1213 537 3,
1246 488 1270 526 5
1299 486 1377 526 Cic.
1403 487 1452 527 de
1489 500 1544 527 or.
1566 487 1588 526 I
1614 489 1687 538 52,
1721 483 1838 543 225).

299 546 497 585 Pae-rilem
534 545 729 585 eiusmodi
765 546 1028 586 elocutionem
1067 547 1322 598 reprehendit
1355 547 1456 587 rhet.
1483 548 1535 586 ad
1564 547 1657 587 Her.
1685 547 1745 587 IV
1771 549 1840 599 23,

308 606 376 644 32:
428 606 598 644 audiunt
646 606 840 645 eiusmodi
888 606 1039 658 figurae
1095 605 1365 659 μειρακιώδεις
1420 606 1686 660 σχηματισμοί
1731 607 1842 659 apud
1923 645 1939 662 ⁸

301 665 469 716 Dionys.
496 665 624 704 Halic.
648 666 699 704 ad
724 666 853 704 Amm.
874 666 923 705 de
943 666 1118 716 Thucyd.
1139 679 1223 717 cap.
1246 668 1299 705 17
1326 681 1363 718 p.
1386 667 1485 717 437,
1510 668 1536 706 4
1556 667 1723 707 Vseneri
1741 667 1840 706 Rad.

301 726 530 776 carpsitque
571 726 867 776 Theophrastus
905 726 1016 766 cuius
1052 726 1245 765 iudicium
1282 728 1440 766 secutus
1477 729 1538 766 est
1579 727 1759 767 Lucilius
1797 725 1841 767 τὸ

300 784 513 833 παιδιῶδες
531 786 574 824 in
600 785 749 825 talibus
775 780 960 840 (Dionys.
979 786 1109 825 Halic.
1130 786 1178 825 de
1197 786 1289 837 Lys.
1309 799 1394 837 cap.
1416 788 1470 826 14
1491 801 1528 838 p.
1550 788 1619 837 24,
1647 788 1671 826 7
1691 786 1760 826 Vs.
1773 782 1841 841 R).

301 845 360 883 De
385 845 572 885 Isocratis
597 845 925 885 homoeoteleutis
945 847 1080 898 agitur
1098 848 1306 896 praeterea
1326 846 1405 885 Cic.
1425 859 1480 886 or.
1503 848 1571 897 12,
1593 847 1646 886 38
1667 846 1841 886 Demetr.

301 904 349 944 de
381 905 476 944 eloc.
503 918 588 956 cap.
611 906 665 944 26
692 904 764 944 RG
790 905 847 944 IX
871 919 910 956 p.
934 907 1000 956 16,
1027 907 1052 945 5
1081 906 1145 945 W.
1165 906 1228 944 IH
1253 920 1289 957 p.
1313 907 1410 956 267,
1438 907 1461 945 6
1491 905 1557 957 Sp.
1583 906 1776 946 Alexand.
1801 907 1844 945 et

282 963 432 1004 'Tiben
452 963 644 1005 RGVIH
667 979 705 1016 p.
727 966 832 1016 475,
867 967 934 1005 10.
968 966 1052 1005 562
1073 965 1136 1005 W.
1156 965 1220 1004 ΠΙ
1249 979 1287 1016 p.
1310 967 1383 1016 36,
1421 967 1457 1005 1.
1492 967 1566 1016 74,
1602 967 1656 1005 29
1685 966 1751 1017 Sp.
1783 987 1843 993 —

307 1025 403 1064 184.
435 1027 482 1064 ut
512 1026 676 1076 periisse
713 1021 832 1078 uelis]
872 1024 950 1065 Cic.
971 1025 1013 1064 in
1043 1025 1155 1064 Verr.
1175 1026 1238 1065 HI
1266 1027 1339 1076 77,
1372 1026 1458 1065 180
1491 1022 1597 1065 ‘uide
1717 1027 1843 1077 siquis

302 1087 363 1124 est
384 1115 391 1123 .
413 1115 421 1123 .
443 1115 451 1123 .
478 1086 547 1136 qui
579 1087 620 1124 te
644 1085 748 1124 nolit
776 1082 941 1136 perisse’
970 1080 1161 1140 (interpp.
1187 1086 1238 1125 ad
1263 1085 1359 1125 Hor.
1380 1098 1494 1125 serm.
1513 1086 1556 1124 H
1582 1086 1621 1136 3,
1648 1080 1764 1140 187).
1783 1107 1843 1113 —

306 1144 402 1183 185.
434 1146 474 1184 te
505 1145 540 1184 si
570 1146 703 1185 minus
735 1141 926 1198 delectat]
957 1146 1018 1185 ita
1044 1145 1202 1185 Caelius
1234 1145 1342 1197 apud
1373 1145 1451 1185 Cic.
1472 1146 1586 1197 epist.
1605 1146 1707 1185 VIII
1733 1148 1771 1196 1,
1799 1148 1842 1185 1:

303 1202 431 1250 ‘Quod
451 1205 677 1256 exemplum
697 1206 732 1244 si
749 1206 852 1244 forte
871 1206 1002 1245 minus
1021 1208 1061 1245 te
1081 1203 1302 1246 delectarit'
1331 1236 1338 1244 .
1361 1237 1368 1244 .
1390 1236 1398 1244 .
1446 1206 1505 1245 De
1524 1205 1843 1256 interpunctione

300 1265 420 1303 huius
446 1265 674 1316 fragmenti,
699 1265 805 1315 quod
830 1265 915 1305 sine
940 1267 1193 1317 grammatici
1217 1278 1339 1315 opera
1363 1266 1542 1318 intellegi
1568 1267 1636 1304 uix
1654 1266 1843 1316 potuerit,

304 1324 399 1364 conf
427 1337 529 1375 quae
561 1324 608 1364 V.
629 1325 861 1365 Wilckenus
893 1326 1075 1376 exposuit
1105 1325 1239 1364 Herm.
1260 1325 1412 1364 XXXII
1440 1326 1553 1364 1897
1579 1338 1617 1375 p.
1639 1326 1736 1364 482.
1902 1350 1906 1353 -

426 1379 534 1424 189.
567 1384 668 1424 Non.
689 1399 727 1436 p.
751 1386 848 1434 173,
877 1386 929 1424 17
965 1382 1200 1435 ‘Sententia,
1231 1385 1472 1424 sensibilitas
1494 1416 1501 1423 .
1523 1415 1531 1424 .
1554 1415 1561 1423 .
1581 1384 1687 1424 idem
1717 1385 1786 1423 lib.
1803 1384 1841 1423 V

303 1441 371 1483 “si
397 1476 405 1484 .
428 1475 435 1482 .
458 1475 465 1482 .
491 1446 697 1493 scriptores
722 1457 845 1495 quam
870 1474 878 1483 .
900 1475 909 1484 .
931 1475 939 1483 .
966 1441 1134 1484 cordi''.'
1186 1444 1282 1484 Post
1307 1446 1511 1496 scriptoris
1533 1446 1639 1484 recte
1659 1445 1843 1485 distinxit

303 1501 528 1543 Onionsius.
556 1503 780 1555 Scripserat
803 1504 980 1544 Lucilius
1005 1506 1048 1543 in
1073 1505 1142 1554 eis,
1167 1506 1238 1555 qui
1256 1505 1327 1544 hos
1347 1506 1644 1544 antecesserunt
1662 1504 1842 1544 uersibus

303 1561 488 1604 ‘fortasse
531 1565 577 1603 tu
619 1577 699 1603 non
743 1564 876 1604 credes
919 1577 983 1603 me
1026 1577 1109 1604 esse
1152 1565 1361 1615 tantopere
1399 1565 1584 1604 affectum
1620 1565 1843 1604 miserrima

301 1625 476 1675 corporis
507 1623 742 1663 infirmitate
773 1637 914 1675 meque
945 1624 1051 1664 dices
1082 1624 1130 1663 de
1160 1624 1390 1664 ualetudine
1420 1638 1501 1664 non
1531 1638 1628 1663 uera
1653 1623 1841 1676 profiteri.

304 1684 400 1733 Sed,
438 1684 551 1723 crede
588 1683 705 1735 mihi,
742 1697 815 1737 ego
854 1684 1069 1736 gauderem
1108 1681 1158 1723 ‘si
1197 1685 1282 1723 tam
1313 1696 1455 1735 corpus
1486 1684 1632 1724 Lucilii
1661 1684 1844 1723 ualidum

302 1746 481 1783 maneret
511 1746 718 1794 tamquam
748 1745 863 1784 miles
894 1744 982 1784 loco
1013 1757 1059 1784 ac
1089 1745 1262 1796 regione,
1294 1757 1414 1795 quam
1444 1745 1595 1784 ueritas
1627 1745 1664 1783 ei
1688 1755 1844 1795 semper

302 1805 438 1843 manet
480 1804 590 1844 cordi
641 1805 684 1843 in
734 1801 927 1843 dicendo'.
1002 1803 1148 1844 Poetae
1201 1805 1415 1844 ueritatem
1462 1804 1602 1844 laudat
1651 1803 1842 1843 Horatius

303 1876 414 1903 serm.
434 1863 476 1902 H
504 1866 548 1914 1,
581 1865 649 1903 31.
719 1864 825 1903 Loco
863 1876 909 1903 ac
946 1865 1107 1915 regione
1144 1866 1190 1903 ut
1226 1864 1356 1903 Plaut.
1382 1864 1522 1903 Pseud.
1545 1864 1628 1903 595
1669 1860 1727 1903 ‘hi
1766 1863 1843 1903 loci

303 1925 397 1963 sunt
435 1925 556 1973 atque
593 1923 668 1963 hae
705 1921 900 1976 regiones'
939 1924 1040 1962 Rud.
1063 1925 1147 1963 227
1191 1921 1303 1963 ‘haec
1340 1926 1434 1963 sunt
1472 1924 1560 1963 loca
1603 1925 1724 1974 atque
1766 1923 1842 1962 hae

304 1980 500 2035 regiones'
534 1983 650 2023 Lucr.
668 1983 710 2022 H
737 1985 822 2023 534
850 1980 909 2022 ‘at
945 1983 1105 2035 regione
1141 1984 1307 2034 locoque
1345 1985 1424 2023 alio
1454 1984 1650 2034 terrisque
1680 1984 1842 2022 remotis

304 2043 433 2082 multa
469 2042 564 2082 licet
601 2055 742 2095 genere
780 2055 862 2082 esse
900 2044 942 2082 in
979 2040 1040 2082 eo'
1080 2038 1158 2098 (IV
1186 2037 1308 2097 786):
1346 2043 1438 2082 uide
1469 2043 1548 2082 ind.
1569 2056 1734 2094 gramm.
1755 2054 1783 2081 s.
1803 2056 1841 2081 u.

302 2102 567 2153 hendiadyoin
615 2104 656 2142 et
703 2104 911 2142 castrensis
959 2115 1097 2142 sermo.
1171 2105 1319 2142 ueritas
1368 2104 1555 2142 creticum
1603 2102 1843 2141 uocabulum

305 2174 445 2202 uersus
470 2175 550 2201 non
575 2163 686 2213 capit
709 2163 813 2202 unde
838 2175 935 2202 uera
959 2164 1158 2202 sententia.
1176 2162 1366 2213 Lucilius,
1390 2175 1487 2202 uera
1510 2163 1615 2202 ratio
1634 2162 1842 2217 Lucretius

303 2222 501 2261 dixerunt.
1512 2239 1516 2242 ⁴

426 2277 535 2322 191.
561 2282 715 2322 Nonius
740 2295 777 2333 p.
801 2284 869 2333 13,
896 2284 950 2322 25
978 2279 1165 2334 ‘Crepera
1191 2295 1252 2322 res
1278 2283 1438 2334 proprie
1463 2282 1610 2322 dicitur
1634 2282 1765 2321 dubia.

304 2342 482 2382 Lucilius
519 2344 746 2392 satyrarum
777 2342 844 2382 lib.
864 2342 902 2380 V
935 2339 1140 2382 “smmum
1169 2344 1263 2382 solis
1298 2343 1399 2381 mihi
1434 2344 1478 2381 in
1514 2355 1660 2395 magno
1696 2353 1844 2382 merore

304 2403 475 2442 tristitia
511 2402 553 2440 in
590 2413 741 2442 summo
778 2414 936 2452 crepera
971 2403 1158 2442 inuentus
1190 2400 1392 2442 salutis’'.’
1454 2402 1631 2442 Verbum
1661 2402 1843 2442 substan-

304 2463 436 2501 tiuum
467 2474 557 2501 cum
588 2463 642 2501 sit
672 2463 873 2512 omissum,
903 2463 990 2501 iure
1019 2464 1155 2502 nostro
1181 2474 1252 2502 nos
1277 2463 1335 2501 sol
1358 2464 1394 2501 is
1418 2462 1495 2501 duo
1521 2463 1842 2502 constituerimus

304 2521 444 2561 uerba:
487 2522 547 2561 sol
589 2523 624 2561 is
666 2523 767 2561 mihi
809 2523 996 2561 inuentus
1032 2523 1076 2561 in
1118 2534 1279 2573 crepera
1310 2535 1370 2572 re,
1412 2521 1455 2560 id
1494 2523 1555 2561 est
1590 2523 1633 2561 in
1668 2521 1842 2566 tenebris

304 2583 496 2621 maeroris
527 2581 722 2631 datorque
753 2582 914 2622 salufis:
945 2582 1040 2622 conf
1068 2581 1153 2621 CIL
1178 2582 1199 2621 I
1226 2582 1281 2621 34
1315 2579 1364 2621 ‘is
1394 2582 1460 2620 hic
1485 2583 1586 2621 situs
1613 2583 1705 2632 quei
1729 2595 1841 2620 num-

306 2654 428 2691 quam
463 2642 594 2680 uictus
632 2643 694 2681 est
729 2639 925 2681 uirtutei'.
986 2641 1181 2681 Artemid.
1200 2641 1243 2680 H
1270 2642 1323 2680 36
1351 2655 1389 2692 p.
1411 2642 1514 2692 133,
1542 2641 1596 2680 25
1623 2642 1672 2679 Η
1705 2638 1843 2693 ἡλίους

336 2731 344 2739 .
366 2730 375 2740 .
407 2699 452 2740 τὰ
484 2699 669 2755 ἀρρενικὰ
700 2699 817 2741 τέκνα
855 2701 897 2741 οἷ
922 2704 1053 2754 γονεῖς
1083 2699 1408 2754 ὑποκοριζόμενοι
1444 2703 1608 2741 καλοῦσι
1635 2730 1673 2740 ..
1694 2730 1703 2740 .
1728 2699 1842 2753 ’ἥλιον

308 2790 346 2800 ..
366 2791 374 2799 .
405 2759 472 2800 καὶ
514 2760 587 2812 τὴν
629 2759 859 2814 ἐλευθερίαν
901 2763 1092 2814 καλοῦσιν
1133 2758 1344 2814 ἅνθρωποι
1373 2761 1470 2800 Hor.
1505 2774 1619 2800 serm.
1647 2760 1669 2799 I
1705 2761 1748 2810 7,
1784 2760 1840 2799 24

219 2824 224 2828 “
307 2818 447 2860 ‘solem
482 2820 603 2860 Asiae
639 2820 810 2860 Brutum
847 2818 1042 2872 appellat'
1086 2820 1156 2860 ubi
1191 2820 1455 2873 Kiesslingius
1493 2820 1600 2871 quod
1636 2821 1843 2870 comparat

307 2881 554 2931 epigramma
595 2879 854 2920 Kaibelianae
898 2881 1069 2933 sylloges
1115 2881 1198 2920 906
1243 2880 1359 2933 γαίης
1396 2875 1607 2934 Ἰλλυρίδος
1660 2879 1841 2932 δεύτερον

306 2937 438 2990 ’ἠέλιον
475 2941 729 2990 comparetur
765 2942 923 2991 oportet
959 2953 1050 2980 cum
1088 2939 1166 2980 Cic.
1193 2940 1241 2979 de
1271 2941 1353 2979 nat.
1379 2940 1483 2979 deor.
1502 2939 1545 2979 H
1571 2940 1618 2990 5,
1651 2940 1706 2978 14
1747 2936 1840 2990 ‘quo

309 2998 470 3049 quidem
495 3011 599 3038 anno
625 2999 667 3038 P.
686 2999 900 3040 Africanus
925 3000 985 3039 sol
1010 3000 1114 3039 alter
1137 3000 1333 3039 extinctus
1358 2996 1446 3039 est'.
1500 3001 1516 3039 i
1539 3011 1611 3050 pro
1635 3000 1672 3038 is
1695 3010 1840 3050 ponere
