2060 3444
87 1130 115 1181 §fl

817 262 904 299 dub.
932 275 966 298 u.
998 266 1244 299 1375—1378.
1722 263 1807 306 437

264 378 386 417 Ennii
417 379 551 416 tamen
582 376 829 428 probabilius
856 378 916 416 est
940 376 1146 416 annalium
1173 377 1265 416 libri
1291 377 1309 416 Ι
1335 378 1457 417 fuisse
1483 390 1620 418 uersus
1646 381 1810 429 propter

264 449 446 476 numeros
483 449 620 476 uersus
660 437 826 476 alterius
869 434 1023 478 ‘saxum
1062 437 1208 477 sudans
1246 434 1426 477 nitendo'
1467 451 1568 488 quae
1607 439 1729 477 uerba
1762 452 1809 478 ne

264 499 569 548 transponamus
615 485 749 536 monet
792 497 914 537 Νθιιιι
958 498 1188 537 auctoritas.
1258 495 1403 544 Quales
1447 498 1625 537 Lucilius
1670 498 1810 538 derisit

263 569 458 607 numeros,
490 558 591 596 tales
618 557 772 596 Ennius
804 556 988 596 adhibuit
1020 551 1131 611 (uide
1164 557 1215 597 ad
1245 557 1630 611 incert.u.1190):
1669 572 1809 610 nempe

262 617 392 657 uoluit
433 587 502 656 ille
548 618 743 657 aemulari
786 617 1004 657 Homerum
1048 619 1090 656 in
1135 619 1382 657 aerumnosis
1424 618 1555 658 helois
1606 618 1809 658 laboribus

261 679 388 717 metro
432 677 668 729 effingendis
719 674 903 731 (Dionys.
929 677 1058 717 Halic
1086 677 1133 717 de
1172 691 1297 730 comp.
1325 677 1432 717 uerb.
1462 679 1517 717 20
1562 692 1599 729 p.
1628 680 1684 719 90
1704 679 1740 715 Υ
1744 674 1808 732 R)

261 737 402 789 Itaque
434 738 616 777 imitatus
649 739 708 777 est
739 738 917 777 Lucilius
949 738 1016 777 lib.
1043 738 1152 777 XXX
1183 739 1208 777 1.
1242 751 1271 778 s.
1303 738 1491 788 Ennium,
1524 739 1634 778 cuius
1661 741 1702 778 et
1726 752 1808 778 rem

261 798 469 838 metricam
495 799 536 837 et
560 798 821 837 elocutionem
848 811 1040 851 agnoscas
1066 799 1108 837 in
1133 799 1256 838 Ieilwm
1276 793 1428 852 (annal.
1449 799 1469 838 I
1492 800 1545 838 14
1559 795 1629 852 V),
1654 800 1810 838 *nitendo

263 853 414 911 (annal.
440 858 515 897 XV
541 859 627 898 404
642 853 697 912 V)
731 858 821 898 aliis
854 859 980 898 ueluti
1013 861 1156 898 uersat.

386 913 527 959 1377.
575 917 711 958 Cicero
756 918 803 958 de
847 918 973 958 diuin.
999 919 1041 958 H
1069 920 1137 969 64,
1167 921 1248 958 133
1298 916 1358 958 ‘ut
1408 921 1443 959 si
1493 921 1582 971 quis
1633 920 1809 960 medicus

264 980 430 1030 aegroto
461 979 633 1030 imperet
663 980 709 1018 ut
734 982 868 1019 sumat
896 975 1183 1030 “terrigenam,
1215 979 1510 1032 herbigradam,
1542 980 1810 1031 domiportam

263 1040 455 1091 sanguine
488 1036 673 1079 cassam”
708 1041 842 1090 potius
875 1053 995 1090 quam
1027 1039 1233 1079 hominum
1266 1053 1374 1079 more
1409 1034 1526 1093 (conf
1547 1040 1704 1079 Petron.
1734 1035 1808 1095 90)

264 1096 502 1138 “cocleam''
519 1099 674 1138 diceret.
702 1112 795 1138 nam
809 1099 1061 1139 Pacuuianus
1074 1099 1250 1151 Amphio
1266 1097 1543 1151 “Quadrupes‚
1564 1100 1810 1153 tardigrada,

263 1160 451 1211 agrestis,
494 1159 656 1198 humilis
689 1173 847 1211 aspera,
887 1161 1018 1212 capite
1049 1160 1178 1210 breui,
1218 1162 1369 1200 ceruice
1403 1161 1600 1212 anguina,
1647 1163 1808 1212 aspectu

262 1221 376 1269 truci,
410 1221 631 1259 euiscerata
663 1221 853 1270 inanima,
886 1232 975 1259 cum
1002 1221 1167 1259 animali
1199 1217 1329 1260 son0”
1364 1234 1453 1260 cum
1479 1214 1646 1261 dixisset
1672 1221 1807 1260 obscu-

262 1281 362 1330 rius,
401 1281 487 1319 tum
526 1280 654 1319 Attici
695 1278 825 1331 (αείιοι
862 1275 1055 1335 Orellius)
1091 1281 1334 1332 respondent
1372 1278 1483 1320 “non
1527 1282 1810 1334 intellegimus,

263 1341 340 1379 nisi
378 1342 412 1379 si
450 1342 586 1390 aperte
625 1338 816 1380 dixeris’ffi
886 1341 942 1379 At
979 1341 1048 1380 ille
1085 1354 1164 1381 uno
1207 1341 1345 1380 uerbo.
1392 1338 1616 1381 “”testudo
1687 1336 1809 1396 (TRF

263 1400 311 1439 ed
336 1400 399 1439 111
423 1414 461 1451 p.
490 1401 557 1439 86.
585 1401 639 1439 87
656 1395 722 1455 R).
785 1401 954 1441 Velsum
999 1402 1115 1440 illum
1157 1401 1312 1441 Lucilio
1351 1401 1496 1441 tribuit
1527 1401 1571 1441 G.
1591 1402 1622 1441 Ι.
1642 1401 1810 1442 Vossius

263 1461 311 1499 de
354 1460 466 1499 uitiis
512 1474 627 1500 serm.
653 1461 674 1500 I
700 1474 784 1512 cap.
815 1462 868 1500 28
897 1456 1010 1515 (edit.
1037 1461 1219 1501 Francos.
1251 1462 1362 1500 1666
1397 1475 1434 1512 p.
1464 1457 1568 1515 120)
1616 1461 1809 1513 Corpetus

264 1520 356 1560 edit.
383 1534 420 1571 p.
450 1522 534 1559 274
569 1517 690 1560 ‘haud
724 1521 904 1571 absurde,
937 1535 1026 1560 cum
1059 1521 1272 1560 uideantur
1304 1535 1350 1560 eo
1382 1522 1541 1561 irrideri
1578 1522 1810 1562 Pacuui-ana

263 1577 350 1620 illa’
383 1582 430 1619 ut
460 1582 520 1620 ait
550 1581 593 1620 L.
614 1581 838 1630 Muellerus.
861 1581 954 1620 edit.
980 1582 1170 1633 p.2›1‹264}.--
1196 1582 1422 1623 Atuersus
1459 1582 1527 1621 ille
1554 1582 1655 1621 nihil
1682 1596 1808 1633 neque

264 1640 312 1679 ad
346 1640 565 1680 Pacuuium
597 1655 725 1692 neque
757 1641 809 1681 ad
840 1641 1051 1681 Lucilium.
1110 1642 1236 1689 Quem
1268 1655 1314 1680 ex
1347 1641 1498 1682 Graeco
1530 1642 1691 1682 uidetur
1722 1656 1808 1682 uer-

263 1702 359 1740 tisse
399 1700 535 1740 Cicero
573 1703 665 1752 ipse
696 1715 786 1741 cum
824 1702 955 1741 simile
993 1703 1047 1741 sit
1091 1703 1277 1754 aenigma
1315 1715 1376 1753 ap.
1403 1702 1547 1742 Athen.
1574 1703 1614 1742 11
1638 1717 1676 1754 p.
1705 1703 1809 1743 6313

263 1760 523 1814 προβάλλεται
561 1758 602 1800 δὲ
640 1759 716 1800 κᾶν
754 1764 835 1810 τοῖς
872 1761 1108 1813 συμποσίοις
1145 1761 1293 1816 γρίφου
1331 1761 1441 1810 τάξιν
1479 1761 1568 1815 ἕχον
1605 1761 1693 1816 περὶ
1731 1769 1810 1802 τῶν

263 1823 430 1874 κοχλιῶν
474 1820 617 1868 οὕτως·
663 1819 871 1875 ὑλογενής,
921 1819 1173 1874 ἀνάκανθος,
1220 1820 1456 1873 ἀναίματος,
1507 1820 1809 1877 ὑγροκέλευθος.

265 1880 361 1921 Cum
395 1882 469 1920 hoc
501 1894 619 1920 uersu
652 1882 754 1921 alius
787 1883 907 1933 poeta
940 1882 1120 1922 confudit
1145 1883 1310 1922 Hesiodi
1342 1896 1501 1922 uersum
1530 1897 1695 1935 operum
1723 1884 1803 1922 571

263 1937 347 1980 ἀλλ’
383 1936 493 1981 ὁπότ’
527 1939 578 1980 ἂν
610 1939 814 1994 φερέοικος
845 1940 923 1982 ἀπὸ
943 1940 1103 1995 ’χθονὸς
1134 1940 1189 1994 ἂμ
1222 1941 1330 1993 φυτὰ
1361 1943 1481 1999 βαίνῃ
1514 1943 1619 1982 unde
1655 1942 1808 1983 Cicero-

264 2001 324 2041 nis
357 2004 559 2042 auctorem
590 2003 688 2042 haec
729 2004 933 2054 scripsisse
972 2003 1145 2042 conicias
1184 2001 1393 2057 ὑλογενής,
1433 2001 1656 2057 φερέοικος,
1695 2001 1807 2043 ἀναί-

264 2077 396 2113 ματος,
427 2059 482 2113 ἀμ
513 2061 621 2111 φυτὰ
651 2062 814 2115 βαίνων.

387 2117 766 2163 1378.1uuenalis
791 2123 882 2163 XIV
911 2125 993 2164 205
1030 2120 1117 2163 ‘illa
1148 2126 1218 2163 tuo
1251 2125 1450 2163 sententia
1482 2137 1636 2176 semper
1667 2125 1709 2163 in
1742 2138 1808 2164 ore

264 2184 443 2222 uersetm
475 2183 535 2222 dis
569 2185 689 2233 atque
719 2185 808 2234 ipso
839 2184 936 2224 Ioue
968 2184 1089 2236 digna
1120 2185 1257 2234 poeta.
1297 2181 1433 2224 “unde
1464 2184 1613 2224 habeas
1652 2186 1810 2236 quaerit

264 2255 392 2291 nemo,
424 2242 493 2281 sed
523 2245 682 2293 oportet
706 2239 884 2283 habere”
888 2276 896 2284 .
949 2244 1022 2283 hoc
1054 2245 1282 2283 monstrant
1313 2245 1473 2284 notulae
1505 2246 1639 2295 pueris
1671 2258 1808 2296 repen-

265 2302 373 2341 tibus
405 2315 529 2352 assae,
560 2303 635 2342 hoc
666 2302 824 2342 discunt
850 2316 984 2343 omnes
1018 2306 1111 2343 ante
1143 2303 1264 2355 alpha
1295 2306 1336 2343 et
1365 2304 1458 2344 beta
1484 2301 1669 2355 puellae'.
1731 2304 1808 2343 Lu—

265 2362 349 2400 cilii
381 2374 464 2401 esse
489 2374 650 2401 uersum
677 2365 762 2402 207
790 2365 1016 2414 suspicatur
1042 2363 1318 2414 Buechelerus,
1351 2364 1528 2404 eiusdem
1553 2367 1696 2416 poetae
1725 2377 1809 2404 esse

265 2423 411 2461 conicit
436 2435 572 2462 uersus
598 2425 798 2474 sequentis
827 2424 909 2464 208
938 2424 1200 2475 paraphrasin
1228 2437 1350 2475 quam
1380 2424 1546 2476 praebet
1574 2425 1808 2464 scholiasta:

266 2479 371 2522 ‘assa
403 2483 537 2521 nutrix
569 2483 717 2522 dieitur
749 2497 850 2534 quae
888 2484 949 2522 la<⁴
989 2498 1066 2523 non
1089 2485 1287 2558 praestat
1317 2485 1539 2524 infantibus
1571 2485 1640 2524 sed
1680 2486 1808 2525 solum

265 2542 515 2594 diligentiam
550 2545 590 2582 et
620 2544 860 2583 munditiam
893 2541 1100 2583 adhibet
1107 2541 1250 2596 “shoc>
1283 2546 1484 2584 nutricula
1512 2546 1617 2584 sicca
1649 2547 1810 2584 uetusta

264 2602 486 2642 infantibus
506 2600 856 2643 monst·’'.1at’De
877 2604 948 2644 illo
968 2617 1085 2644 uersu
1106 2604 1245 2644 dubito
1265 2618 1316 2644 an
1336 2606 1470 2661 potius
1491 2605 1566 2644 tali
1586 2619 1632 2644 ex
1652 2606 1809 2644 senario

264 2661 456 2702 deductus
489 2663 543 2702 sit
574 2659 693 2703 unde
725 2663 871 2703 habeas
905 2665 1064 2715 quaerit
1094 2678 1222 2714 nemo,
1254 2664 1322 2704 sed
1354 2665 1498 2704 habere
1530 2661 1728 2705 addecet’·
1762 2664 1809 2703 de

263 2722 338 2761 hoc
370 2735 417 2762 ea
447 2721 496 2762 de
527 2735 647 2769 eausa
678 2723 817 2763 dubito
849 2724 956 2775 quod
988 2724 1165 2764 lucilius
1202 2725 1264 2764 bis
1288 2727 1407 2775 pueri
1439 2726 1610 2775 infantes
1641 2725 1709 2763 lib.
1736 2724 1809 2763 XV

263 2794 303 2820 u.
336 2782 420 2820 486
459 2782 554 2821 XIX
586 2797 622 2821 u.
656 2784 739 2822 566
786 2797 864 2823 non
896 2785 1086 2833 infantes,
1130 2785 1200 2824 ubi
1238 2784 1329 2824 uide
1374 2798 1475 2836 quae
1514 2785 1807 2824 adnotauimus.

895 2951 1144 2966 -ιψ-
1158 2958 1174 2960 .,
