2060 3444
827 316 930 351 XXII
956 327 990 352 u.
1018 319 1218 352 581—583.
1514 351 1521 357 .
1713 317 1798 359 217
1853 315 1865 325 ’

252 431 327 479 nis,
357 430 472 481 sequi
503 429 630 469 malui
663 429 864 470 adiectiua
895 430 1088 470 feminina
1117 430 1190 470 illa
1216 426 1408 470 ‘extincta
1435 432 1493 470 est
1521 431 1585 470 uel
1613 428 1802 471 mortua’:

252 489 395 541 quibus
427 490 659 530 deducimur
691 490 740 530 ad
774 490 905 530 Seruii
937 503 1075 531 comm.
1102 492 1145 530 in
1170 491 1290 543 Verg.
1317 491 1415 530 Aen.
1441 491 1500 531 IV
1527 492 1612 531 384
1642 488 1803 542 ‘sequar

252 551 352 590 atris
383 550 544 602 ignibus
577 548 733 591 absens'
768 551 839 591 ubi
871 551 1107 591 adnotatum
1139 553 1200 591 est
1227 548 1386 591 ‘absens
1413 552 1528 602 quasi
1553 554 1724 602 mortua,
1757 554 1802 592 ut

235 604 328 664 (IX
357 604 462 665 215)
516 607 705 651 “absenti
754 613 860 651 ferat
914 607 1112 652 inferias”
1130 608 1155 662 '‚
1211 612 1253 650 in
1310 611 1383 651 cod
1433 612 1679 652 Floriacensi
1729 607 1800 667 (F)

254 667 411 711 ‘absens
534 671 576 710 id
614 674 675 711 est
712 668 899 712 mortua’:
938 671 1043 724 quod
1082 671 1322 711 uocabulum
1362 672 1471 723 apud
1500 672 1701 712 Lucilium
1739 686 1800 713 su-

253 732 386 782 spicor
417 732 606 771 extitisse.
657 731 716 771 De
749 733 889 772 absens
919 745 993 784 pro
1024 735 1201 772 mortuus
1229 733 1362 784 posito
1389 732 1485 772 conf
1504 732 1648 772 Loewe
1675 732 1801 773 Gloss.

253 792 400 836 nomin.
427 806 464 843 p.
494 793 578 831 213
611 794 651 832 et
677 792 780 832 editt
804 793 855 832 ad
880 792 1011 832 Plaut.
1039 792 1169 833 Oasin.
1195 793 1348 845 prolog.
1376 807 1412 831 u.
1442 794 1509 833 20.
1562 793 1702 833 Solent
1727 793 1801 832 La-

251 852 329 892 tini
367 865 560 903 usurpare
598 853 737 892 absens
774 854 898 892 simili
936 866 1015 904 qua
1055 853 1233 892 Lucilius
1273 853 1409 904 posuit
1451 853 1626 893 ratione:
1671 853 1801 893 Plaut.

252 912 352 952 Rud.
383 914 466 951 742
507 909 545 952 ‘o
586 912 670 952 filia
707 926 814 964 mea,
858 926 979 964 quom
1016 913 1120 954 hanc
1156 913 1292 964 uideo,
1333 926 1513 953 mearum
1553 927 1615 953 me
1661 913 1802 954 absens

251 973 505 1013 miseriarum
531 971 771 1014 commones'
795 973 873 1014 Cic.
893 987 967 1026 pro
987 974 1070 1013 Mil.
1094 975 1146 1014 97
1177 971 1278 1014 ‘esse
1303 974 1406 1015 hanc
1432 969 1642 1029 (gloriam)
1668 988 1802 1026 unam,

254 1046 355 1084 quae
398 1033 640 1074 breuitatem
683 1034 793 1074 uitae
837 1035 1086 1086 posteritatis
1129 1035 1323 1074 memoria
1363 1035 1657 1085 consolaretur,
1701 1049 1802 1087 quae

253 1093 445 1144 efficeret,
482 1095 531 1134 ut
569 1093 752 1134 absentes
791 1095 1036 1145 adessemus,
1074 1095 1222 1135 mortui
1261 1092 1505 1135 uiueremus’
1539 1095 1698 1135 Vitruu.
1725 1096 1803 1136 VII

252 1167 426 1205 prooem.
455 1155 480 1194 8
506 1155 565 1194 ΙΧ
589 1167 763 1206 prooem.
787 1157 853 1195 17.
906 1154 1021 1195 Ouid.
1048 1158 1139 1195 met.
1166 1155 1241 1195 XV
1268 1156 1353 1195 868
1383 1153 1515 1195 ‘tarda
1541 1156 1595 1196 sit
1619 1156 1692 1196 illa
1718 1156 1802 1196 dies

253 1215 294 1254 et
325 1216 461 1255 nostro
494 1216 621 1255 serior
651 1228 764 1266 aeuo,
795 1229 876 1267 qua
902 1218 1024 1268 caput
1048 1215 1289 1268 Augustum,
1323 1230 1442 1267 quem
1466 1218 1678 1268 temperat,
1711 1217 1804 1256 orbe

252 1275 394 1314 relicto
414 1275 579 1315 accedat
598 1276 709 1315 caelo
728 1277 946 1327 faueatque
972 1277 1230 1328 precantibus
1257 1274 1412 1317 absens’
1446 1277 1584 1329 Eurip.
1605 1277 1700 1317 Hec.
1717 1278 1801 1316 312

253 1332 336 1374 ἐπεὶ
357 1330 394 1374 δ’
417 1332 554 1375 ἄπεστι
573 1335 742 1376 Parisin.
763 1338 892 1386 2712,
912 1335 995 1377 ἐπεὶ
1024 1331 1060 1376 δ’
1086 1335 1204 1377 ὄλωλε
1224 1337 1383 1388 reliqui.
1416 1338 1514 1377 abiit
1530 1351 1603 1389 pro
1624 1339 1804 1377 mortuus

253 1397 315 1436 est
345 1394 523 1436 Lucilius
555 1398 692 1447 posuit
722 1397 791 1436 lib.
817 1397 927 1436 XXX
952 1411 990 1436 u.
1021 1399 1147 1437 1093.
1197 1397 1372 1438 Pacilius
1404 1411 1550 1438 nornen
1583 1396 1729 1438 Oscum
1761 1399 1801 1437 in

254 1456 376 1495 titulo
410 1455 566 1496 Nolano
599 1451 704 1510 (125
739 1457 787 1497 de
812 1452 977 1512 Planta)
1005 1458 1172 1498 Paakul.
1222 1458 1319 1497 Fuit
1342 1458 1490 1498 Lucilii
1515 1460 1656 1509 poetae
1675 1458 1804 1498 fidelis

255 1516 431 1556 arcarius
474 1516 563 1570 (RG
589 1517 669 1556 VII
697 1519 720 1556 2
748 1532 785 1569 p.
816 1519 942 1570 1122,
970 1513 1079 1573 4W)
1126 1531 1243 1569 quem
1286 1520 1393 1558 inter
1435 1519 1586 1559 multos
1630 1519 1803 1570 primum

255 1578 463 1616 enumerat
495 1579 564 1628 qui
596 1579 764 1618 extincti
795 1579 906 1631 sunt:
938 1581 1095 1631 patrem
1127 1579 1307 1631 appellat
1334 1579 1560 1619 honorifice.
1606 1579 1804 1619 Paceilius

255 1635 341 1675 CIL
366 1637 426 1675 VI
454 1638 617 1677 36029:
662 1639 705 1677 at
742 1638 931 1678 credibile
975 1652 1055 1678 non
1100 1641 1160 1678 est
1203 1641 1365 1690 poetam
1406 1639 1580 1679 Pacilius
1624 1640 1804 1691 posuisse

254 1696 494 1747 trisyllabon
538 1698 655 1737 facile
700 1699 806 1748 quod
844 1700 980 1749 potuit
1022 1700 1153 1738 uitare
1198 1693 1309 1753 (uide
1351 1700 1402 1739 ad
1439 1699 1508 1739 lib.
1534 1700 1593 1738 VI
1619 1713 1656 1739 u.
1686 1694 1803 1754 261).

254 1756 398 1807 Itaque
442 1759 483 1796 et
524 1758 590 1797 hic
634 1760 674 1797 et
710 1758 778 1798 lib.
805 1759 863 1798 VI
887 1759 913 1797 l.
940 1772 969 1798 s.
1009 1759 1151 1799 melius
1193 1761 1271 1799 erit
1314 1762 1489 1800 statuere
1535 1761 1804 1811 quantitatem

256 1817 501 1868 syllabarum
526 1819 568 1856 in
594 1819 822 1858 nominibus
847 1819 1021 1870 propriis
1046 1821 1231 1871 inprimis
1257 1821 1300 1859 in
1326 1820 1636 1872 municipalibus
1662 1834 1805 1873 parum

261 1878 443 1917 constare
474 1879 615 1929 poetis.

378 1932 488 1978 582.
521 1938 675 1978 Nonius
708 1952 755 1978 ex
784 1941 1046 1992 grammatico
1078 1955 1116 1992 p.
1146 1941 1244 1991 215,
1272 1942 1295 1981 5
1325 1937 1471 1982 ‘Nasus
1493 1973 1500 1980 .
1523 1973 1530 1979 .
1554 1973 1561 1980 .
1582 1942 1716 1982 neutri
1737 1974 1743 1980 .
1766 1975 1773 1983 .
1797 1973 1804 1982 .

256 1997 362 2037 idem
395 1997 462 2037 lib.
489 1998 604 2037 XXII
643 1995 816 2039 “nasum
845 2032 852 2038 .
881 2032 888 2039 .
918 2032 924 2038 .
951 2012 1084 2040 serene
1106 2002 1228 2051 pedes
1261 1998 1397 2053 (pedes
1436 2001 1538 2042 dicic
1569 2003 1607 2041 L
1634 2015 1682 2041 m.
1713 1998 1804 2058 1)’'.

256 2058 391 2109 Nepos
429 2058 508 2098 dici
540 2060 581 2098 et
618 2059 768 2099 femina
804 2058 952 2111 potest'
974 2074 1005 2101 e.
1028 2075 1063 2112 q.
1085 2075 1112 2101 s.
1163 2061 1302 2102 Iunius
1341 2063 1502 2114 scripsit
1538 2075 1706 2103 suraeue
1735 2077 1805 2114 pe-

256 2118 394 2176 desue.
426 2118 706 2160 Lachmannus
743 2132 909 2160 suraene
939 2122 1127 2170 pedesne,
1171 2122 1385 2163 Muellerus
1423 2134 1606 2163 soeraene
1634 2125 1806 2173 pedesne

256 2179 403 2218 maluit
434 2179 563 2219 scribi.
607 2179 729 2220 Recte
755 2180 1045 2221 Lachmannus.
1090 2182 1320 2235 Interrogat
1350 2185 1471 2234 poeta
1502 2185 1638 2223 utrum
1663 2197 1805 2224 nasum

257 2252 308 2278 an
340 2252 429 2279 crus
460 2240 607 2279 rectius
639 2240 702 2279 illi
732 2242 855 2280 fuerit
881 2254 970 2284 cum
996 2244 1137 2282 rectius
1161 2242 1277 2282 dicat'
1294 2257 1367 2295 per
1392 2244 1638 2283 contrarium
1663 2258 1805 2284 nasum

256 2300 431 2349 turpiter
467 2299 692 2339 distortum.
763 2301 878 2340 Serui
915 2303 1045 2353 turpis
1083 2303 1228 2342 menda
1265 2306 1473 2344 enumerat
1512 2306 1805 2355 paterfamilias

258 2359 396 2397 eadem
434 2358 644 2412 diligentia
682 2374 762 2411 qua
798 2363 860 2400 uti
899 2362 1080 2402 solebant
1116 2364 1159 2402 in
1198 2365 1446 2415 emptionum
1485 2365 1648 2416 apochis
1687 2367 1727 2405 et
1763 2367 1805 2405 in

257 2419 521 2471 fugitiuorum
552 2421 934 2461 renuntiationibus:
967 2423 1062 2462 conf
1088 2435 1267 2474 papyrus
1299 2437 1361 2475 ap.
1388 2424 1643 2464 Wilckenum
1668 2425 1804 2464 Herm.

257 2479 351 2518 XIX
379 2479 493 2518 1884
520 2493 556 2531 p.
585 2481 670 2520 419
704 2480 851 2521 δοῦλον
877 2513 885 2521 .
913 2514 920 2521 .
949 2514 956 2521 .
983 2482 1243 2536 λευκόχρουν,
1275 2481 1493 2536 ὑπόσιμον,
1528 2483 1805 2538 εὐόφθαλμον,

259 2535 551 2592 εὖθύ<κωλον>
575 2535 631 2594 (p.
653 2536 770 2595 424).
804 2538 1070 2582 ‘Rectioribus
1096 2541 1291 2584 cruribus’
1313 2543 1468 2584 Pallad.
1487 2545 1566 2584 VII
1589 2547 1626 2595 7,
1649 2547 1671 2584 7
1702 2542 1806 2586 ‘crus

258 2596 419 2639 rectius'
447 2599 586 2639 Horat.
614 2613 729 2640 serm.
748 2602 769 2641 Ι
791 2603 828 2652 2,
850 2603 917 2642 81.
961 2603 1080 2643 Nunc
1104 2605 1147 2642 in
1173 2606 1471 2644 enumeratione
1498 2606 1674 2656 positum
1699 2606 1805 2645 idem

260 2660 342 2698 fere
373 2661 433 2699 est
471 2662 592 2711 atque
621 2673 754 2711 porro.
817 2662 1045 2714 Respondet
1082 2665 1201 2714 poeta
1238 2664 1323 2715 ipse
1361 2678 1406 2705 eo
1445 2667 1697 2716 pentametro
1736 2667 1806 2717 qui

262 2718 496 2771 insequitur.

380 2774 491 2820 583.
524 2780 679 2820 Nonius
717 2795 763 2820 ex
801 2784 1063 2834 grammatico
1100 2797 1138 2834 p.
1169 2786 1265 2835 149,
1295 2787 1317 2823 7
1360 2781 1567 2835 ‘Petilum‚
1608 2788 1727 2826 tenue
1766 2789 1805 2825 et

261 2839 372 2878 exile.
423 2839 602 2879 Lucilius
633 2840 700 2880 lib.
731 2842 829 2880 XII
852 2836 986 2895 (XXII
1010 2839 1309 2898 Lachmannus)
1339 2841 1539 2897 “insignis
1565 2847 1693 2884 uariis
1719 2859 1804 2885 cru-

260 2899 366 2937 cibus
398 2900 438 2937 et
469 2897 665 2950 petilis''.'
716 2903 828 2940 uare's
859 2903 1040 2942 cruribus
1069 2905 1175 2942 recte
1201 2905 1414 2943 Bentinus:
1445 2905 1707 2955 respondetur
1731 2907 1806 2946 hoc

261 2960 511 3010 pentametro
544 2959 580 2998 ei
616 2973 718 3010 quae
756 2961 1006 3001 antecedenti
1044 2965 1179 3002 uersui
1216 2965 1322 3004 inest
1358 2965 1594 3014 quaestioni.
1658 2965 1804 3006 Seruus

261 3019 332 3068 qui
370 3018 492 3058 nullis
530 3019 655 3071 signis
693 3021 898 3071 praeditus
936 3025 1014 3071 est,
1052 3023 1280 3073 appellatur
1315 3021 1468 3076 ἄσημος
1501 3019 1806 3078 (Gradenwitzii

262 3077 476 3121 introduct.
496 3080 538 3118 in
558 3078 681 3119 doctr.
700 3093 840 3134 papyr.
861 3081 969 3134 Lips.
993 3083 1107 3122 1900
1126 3078 1163 3134 p.
1181 3084 1248 3123 61.
1281 3083 1486 3124 Fuerstius
1506 3084 1700 3140 Philolog.
1714 3086 1807 3127 LXI
