2060 3444
310 275 394 320 162
914 275 981 314 XII
1005 291 1040 314 u.
1068 279 1268 316 433-437.

308 391 421 442 Gapt.
450 392 534 430 496
570 388 645 431 ‘est
675 392 759 431 illic
790 393 846 430 mi
876 405 956 431 una
988 405 1075 443 spes
1107 394 1303 443 cenatica,
1335 394 1370 432 si
1396 407 1442 433 ea
1467 393 1676 445 decolabit,
1707 394 1843 436 redibo

307 452 384 490 huc
413 451 466 490 ad
498 464 630 491 senem
657 451 706 491 ad
733 464 871 491 cenam
896 449 1093 503 asperam’
1119 452 1189 491 ubi
1214 453 1314 492 codd
1340 466 1474 494 omnes
1500 455 1699 494 decollabit
1723 457 1840 495 sicuti

307 510 437 550 Oasin.
467 512 549 550 307
592 509 642 550 ‘si
682 524 766 552 sors
812 514 946 551 autem
989 512 1202 552 decolassit
1245 513 1424 565 gladium
1465 515 1612 553 faciam
1656 516 1842 555 culcitam

306 584 474 621 eumque
505 568 746 611 incumbam’
780 572 879 611 codd
909 572 1057 611 habent
1081 573 1286 612 decollasit.
1338 572 1517 612 Correxit
1542 573 1764 614 Gronouius
1791 575 1842 614 ad

305 630 392 669 Liu.
413 631 566 670 XXVII
589 633 655 681 17,
677 633 702 670 4
729 643 822 671 113113
848 632 935 671 1060
961 632 1153 671 Varronis
1179 634 1284 672 recte
1310 633 1461 672 tradito
1486 647 1559 672 rer.
1585 636 1681 673 rust.
1707 634 1727 672 I
1755 637 1793 684 2,
1813 636 1838 674 8

307 687 400 730 ‘duo
431 692 615 742 inprimis
647 694 847 742 spectasse
877 692 1066 731 uidentur
1097 691 1231 731 Italici
1262 692 1439 732 homines
1470 694 1513 731 in
1545 693 1720 743 colendo,
1751 707 1841 745 pos-

304 753 441 790 sentne
473 751 625 791 fructus
650 764 722 802 pro
748 753 915 802 inpensa
941 764 987 791 ac
1011 751 1147 791 labore
1172 751 1300 791 redire
1327 754 1367 791 et
1391 755 1526 791 utrum
1551 753 1708 793 saluber
1730 754 1840 794 locus

304 812 407 850 esset
437 823 489 850 an
520 823 610 850 non.
657 824 824 862 quorum
850 812 884 851 si
912 813 1150 851 alterutrum
1181 812 1336 851 decolat
1368 815 1408 852 et
1437 812 1563 852 nihilo
1595 814 1726 853 minus
1752 815 1840 864 quis

277 880 279 882 ·
303 871 393 910 uult
424 871 564 920 colere,
595 873 727 910 mente
759 874 820 911 est
851 869 1006 922 captus'
1033 884 1064 910 e.
1093 885 1128 922 q.
1155 885 1184 911 3.
1234 872 1376 922 Itaque
1407 873 1691 925 grammaticus
1724 875 1839 913 uetus

303 944 421 980 quem
459 932 640 981 sequitur
676 931 887 971 Diomedes
925 931 1032 982 apud
1070 931 1258 971 Plautum
1295 932 1439 982 duplex
1471 933 1498 971 ll
1532 933 1684 985 legerat
1721 934 1839 973 sicuti

302 992 431 1030 nostri
461 990 610 1030 habent
647 991 800 1031 codices
839 991 1023 1031 mendose
1061 1004 1132 1031 nec
1169 992 1288 1030 aliter
1324 992 1431 1042 apud
1464 992 1673 1031 Lucilium.
1734 993 1839 1032 Nam

303 1050 410 1089 credi
441 1052 581 1101 nequit
611 1051 718 1101 apud
748 1051 948 1091 Lucilium
979 1052 1170 1091 decollaui
1199 1063 1260 1090 me
1290 1052 1371 1102 legi
1403 1051 1543 1091 debere
1573 1065 1646 1102 pro
1670 1054 1838 1102 priuaui

300 1123 361 1149 me
390 1112 584 1161 positum,
622 1111 691 1150 sed
721 1111 828 1150 idem
859 1111 960 1150 illud
991 1111 1282 1151 restituendum
1314 1113 1375 1150 est
1405 1112 1579 1151 decolauc’
1609 1123 1669 1151 me
1698 1125 1724 1151 a
1759 1112 1838 1151 colo

300 1170 523 1210 deductum.
587 1171 753 1210 Dixerat
783 1172 1041 1210 intransitiue
1072 1170 1238 1210 Plautus
1268 1183 1356 1220 spes
1387 1171 1582 1217 deodata,
1617 1183 1702 1211 sors
1732 1173 1837 1212 deco-

301 1230 412 1269 111εεὶ1
442 1243 514 1281 pro
553 1232 700 1280 effluet,
740 1233 938 1270 eucmesoet
974 1231 1237 1270 similitudine
1274 1244 1367 1270 usus
1405 1244 1532 1281 aquae
1568 1232 1611 1269 in
1649 1233 1735 1270 colo
1771 1233 1837 1271 uel

301 1289 430 1329 cribro
462 1292 609 1329 sensim
641 1290 849 1330 defluentis
881 1293 922 1330 et
952 1292 1173 1341 pereuntis3
1211 1291 1398 1330 similiter
1427 1291 1556 1330 Varro
1590 1292 1742 1340 fructus
1773 1292 1836 1331 de-

299 1350 398 1388 colat
428 1351 562 1400 ponit:
599 1351 667 1390 sed
698 1350 875 1390 Lucilius
912 1351 1105 1399 fructibus
1141 1363 1200 1390 me
1237 1351 1412 1389 decolaui
1449 1351 1507 1389 ait
1542 1351 1755 1390 transitiue
1796 1353 1836 1391 et

300 1411 367 1459 qui
405 1411 534 1461 magis
572 1411 732 1461 proprie
770 1410 978 1449 decolandi
1015 1410 1179 1449 uerbum
1217 1410 1406 1449 adhibeat
1445 1411 1574 1449 simile
1604 1411 1836 1459 percolandi

298 1469 430 1508 uerbo.
477 1469 740 1520 Scripseritne
765 1461 947 1509 Lucilius*
970 1467 1131 1520 ‘quibus
1156 1469 1350 1509 fructibus
1375 1482 1438 1508 me
1461 1469 1509 1509 de
1529 1469 1669 1509 Colaui
1686 1467 1832 1510 uictus’

297 1531 416 1580 rupto
460 1529 598 1582 uerbo,
642 1543 693 1569 an
738 1543 879 1569 manca
922 1531 1004 1569 sint
1046 1531 1130 1569 eius
1174 1529 1297 1569 uerba
1340 1529 1446 1580 apud
1482 1529 1715 1569 Diomedem
1752 1532 1832 1570 tra-

297 1589 384 1628 dita
414 1589 577 1629 difficile
608 1592 669 1629 est
700 1590 751 1629 ad
779 1589 1097 1629 diiudicandum:
1129 1589 1231 1628 illud
1254 1591 1389 1628 tamen
1414 1590 1542 1641 magis
1568 1589 1727 1628 uidetur
1751 1602 1833 1630 esse

296 1649 513 1699 probabile.
534 1671 592 1676 —
611 1650 779 1690 Fructus
816 1651 947 1689 uictus
979 1651 1072 1689 sunt
1103 1662 1201 1700 quos
1232 1651 1386 1699 fructus
1415 1651 1521 1688 uitae
1555 1649 1654 1688 dicit
1683 1649 1832 1690 Fronto

297 1709 348 1748 ad
379 1709 431 1748 M.
453 1709 662 1750 Caesarem
687 1710 749 1748 III
776 1711 800 1749 3
827 1723 865 1760 p.
893 1711 945 1748 41
963 1710 1001 1748 N
1034 1706 1191 1749 ‘merito
1228 1710 1379 1749 fructus
1411 1710 1520 1748 uitae
1557 1722 1668 1748 meae
1705 1711 1832 1749 omnis

296 1770 337 1807 in
369 1771 408 1808 te
442 1782 487 1809 ac
518 1772 588 1809 tuo
620 1772 785 1820 parente
817 1766 1036 1809 constitui’:
1074 1770 1178 1808 uitai
1211 1769 1405 1808 fructibus
1436 1769 1591 1808 Lucret.
1617 1769 1678 1808 III
1706 1770 1830 1808 1007.

295 1828 475 1880 Euripid.
502 1829 668 1881 Meleag.
696 1831 781 1869 518
807 1829 980 1869 Nauckii
1019 1824 1163 1883 (TGFZ
1184 1842 1221 1879 p.
1250 1824 1355 1883 526)
1395 1828 1533 1876 παῖδες
1576 1826 1618 1868 δὲ
1657 1829 1831 1882 χρηστοί,

294 1886 371 1927 κᾶν
396 1889 567 1942 θάνωσι,
598 1889 777 1941 δώμασιν
801 1888 923 1929 καλόν
947 1904 984 1928 τι
1009 1888 1267 1941 θησαύρισμα
1291 1891 1373 1935 τοῖς
1397 1888 1554 1928 τεκοῦσί
1574 1902 1614 1927 τε
1638 1886 1831 1941 ἀνάθημα

294 1947 450 2000 βιότουε
493 1947 764 1996 ὑποσακίζεται
803 1947 849 1988 τὰ
886 1947 1063 2002 χρήματα
1099 1949 1248 2000 legitur
1279 1947 1380 1987 OAF
1406 1947 1468 1986 III
1491 1961 1529 1998 p.
1558 1949 1655 1998 523,
1683 1949 1766 1987 645
1781 1948 1828 1987 Κ.

414 2003 526 2048 435.
558 2009 714 2048 Νο111113
739 2022 776 2059 p.
804 2009 902 2057 363,
931 2010 953 2047 7
989 2005 1208 2047 ‘Protelare
1238 2020 1374 2047 rursus
1407 2007 1608 2047 adiuuare.
1637 2039 1643 2045 .
1666 2039 1673 2046 .
1696 2039 1703 2046 .
1723 2008 1829 2047 idem

294 2067 360 2106 lib.
387 2067 465 2106 XH
497 2065 633 2107 “hunc
655 2100 661 2107 .
685 2100 691 2107 .
714 2100 721 2107 .
741 2065 968 2120 possunt”.'
1020 2067 1079 2106 De
1111 2068 1264 2118 protelo
1295 2067 1467 2107 diximus
1502 2066 1551 2106 ad
1583 2067 1641 2105 VI
1665 2080 1702 2105 u.
1731 2068 1827 2106 248.

293 2127 440 2167 Versus
473 2127 677 2168 Homerici
707 2129 886 2179 exemplo
917 2128 1105 2166 uidentur
1135 2128 1257 2167 fuisse
1282 2142 1297 2166 ι
1325 2127 1409 2166 240
1441 2124 1564 2180 αὐτὰρ
1595 2121 1708 2166 ἔπειτ’
1741 2124 1828 2166 ἐπέ-

293 2190 396 2239 θηκε
427 2187 579 2241 θυρεὸν
610 2186 732 2241 μέγαν
763 2184 887 2239 ὑψόσ’
921 2185 1054 2240 ἀείρας
1086 2185 1268 2241 ὄβριμον·
1301 2185 1375 2226 οὐκ
1405 2184 1456 2226 ἂν
1486 2184 1555 2226 τόν
1585 2200 1627 2240 γε
1653 2185 1736 2226 δύω
1760 2184 1827 2226 καὶ

292 2243 414 2286 εἴκοσ’
442 2245 588 2299 ἅμαξαι
613 2246 752 2287 ἐσθλαὶ
777 2247 1026 2301 τετράκυκλοι
1051 2242 1120 2286 ἀπ’
1149 2244 1288 2294 οὔδεος
1313 2241 1553 2299 ὀχλίσσειανῖ
1603 2245 1827 2297 Cyclopean

292 2307 506 2358 diligenter
536 2309 697 2357 poetam
727 2309 869 2359 legisse
899 2308 1149 2359 intellegitur
1179 2319 1198 2344 6
1237 2307 1471 2359 fragmentis
1505 2305 1601 2345 libri
1625 2305 1710 2344 XV.
1742 2305 1825 2345 Mo-

292 2366 442 2406 desffius
475 2365 590 2406 Ouid.
616 2369 775 2407 metam.
801 2367 878 2406 XH
904 2368 988 2406 432
1023 2364 1199 2406 ‘caudice
1232 2367 1302 2416 qui
1331 2367 1452 2405 misso
1483 2379 1601 2417 quem
1632 2366 1700 2404 uix
1729 2366 1826 2417 iuga

291 2426 386 2466 bina
416 2424 636 2467 mouerent’
669 2428 759 2467 fast.
786 2427 805 2465 I
831 2428 917 2477 564
951 2424 1034 2466 ‘uix
1064 2427 1161 2478 iuga
1191 2427 1409 2465 mouissent
1439 2426 1614 2476 quinque
1637 2425 1699 2464 bis
1723 2425 1824 2464 illud

290 2483 417 2537 opus’.

411 2541 522 2587 437.
548 2543 728 2586 Diomed.
756 2546 822 2586 GL
847 2547 870 2585 I
893 2560 931 2597 p.
959 2547 1058 2595 487,
1079 2546 1133 2584 23
1148 2545 1185 2584 Κ
1212 2542 1312 2584 ‘Alii
1337 2546 1470 2584 autem
1494 2546 1642 2595 putant
1660 2557 1685 2584 a
1703 2545 1823 2594 faece,

291 2619 411 2657 quam
443 2604 684 2646 Graecorum
711 2607 874 2657 quidam
898 2606 1020 2660 τρύγα
1045 2605 1261 2656 appellant,
1292 2605 1540 2656 tragoediam
1564 2605 1823 2654 nominatam,

288 2679 361 2716 per
389 2667 655 2705 mutationem
684 2667 912 2706 litterarum
943 2681 969 2705 v
999 2667 1042 2704 in
1073 2681 1099 2704 α
1129 2677 1263 2715 uersa,
1301 2665 1489 2714 quoniam
1520 2665 1617 2703 olim
1647 2663 1822 2703 nondum

209 2740 214 2744 ·
288 2727 467 2775 personis
499 2739 524 2765 a
555 2726 753 2776 Thespide
783 2727 970 2776 repertis,
1007 2726 1107 2764 tales
1138 2724 1295 2764 fabulas
1327 2725 1510 2775 peruncti
1540 2736 1610 2763 ora
1646 2722 1820 2762 faecibus

244 2782 247 2786 ’
288 2784 517 2836 agitabant,
552 2788 600 2825 ut
628 2798 786 2825 rursum
817 2788 877 2825 est
906 2785 1100 2825 Horatius
1131 2785 1245 2823 testis
1276 2785 1350 2823 sic:
1389 2781 1608 2834 “Ignotum
1644 2783 1820 2834 tragicae

288 2857 412 2895 genus
455 2846 655 2885 inuenisse
699 2845 895 2885 Camenae
927 2876 934 2883 .
969 2875 976 2883 .
1010 2876 1017 2883 .
1051 2845 1192 2883 infecti
1233 2843 1408 2883 faecibus
1458 2839 1558 2882 ora''
1598 2837 1688 2896 (ΑΡ
1713 2836 1819 2896 275)

287 2904 372 2942 Α111
403 2917 429 2944 a
459 2906 554 2944 uino
587 2904 844 2955 arbitrantur,
875 2906 1086 2956 propterea
1117 2903 1218 2953 quod
1249 2904 1345 2943 olim
1375 2901 1469 2956 τρύξ
1503 2901 1765 2941 dictitabatur
1794 2914 1819 2940 a

289 2977 366 3013 quo
415 2964 605 3017 τρύγητος
653 2965 848 3014 hodieque
897 2964 1099 3003 uindemia
1148 2965 1225 3012 est,
1274 2964 1369 3012 quia
1413 2961 1662 3000 Liberalibus
1712 2960 1818 3011 apud

287 3023 443 3062 Atticos
482 3024 545 3062 die
583 3025 684 3063 festo
722 3024 856 3062 Liberi
893 3025 1019 3074 patris
1058 3024 1197 3061 uinum
1233 3021 1461 3060 cantoribus
1498 3020 1570 3072 pro
1611 3021 1817 3059 corollario
