2060 3444
853 310 903 346 1x
929 323 965 347 u.
993 315 1193 348 εῖτ-«301.
1718 313 1804 358 139

254 426 394 467 theton
428 427 551 478 atque
583 426 728 466 canina
759 426 794 465 si
824 425 966 479 lingua
997 425 1104 477 dico,
1135 426 1237 466 nihil
1270 427 1321 467 ad
1351 441 1434 479 me,
1468 441 1612 469 nomen
1642 429 1712 469 hoc
1742 429 1805 469 illi

255 483 360 528 est”.
422 486 519 526 item
553 483 603 526 “s
635 488 816 526 nostrum
849 488 889 526 et
919 488 1150 537 semz‘yraeoe
1188 488 1294 539 quod
1332 488 1502 529 dicimus
1540 490 1671 541 sigma
1707 490 1806 529 nihil

256 548 399 588 erroris
429 542 596 587 habet’'.
659 548 829 599 apparet
860 561 954 600 ergo
985 548 1084 587 haec
1115 548 1217 587 nihil
1250 549 1361 588 aliud
1393 563 1515 600 quam
1551 550 1684 590 locum
1725 551 1805 601 syl-

254 608 369 649 labae
401 609 535 648 tenere
567 620 640 647 nec
664 609 800 647 tamen
826 608 1003 659 syllabas
1031 605 1142 648 esse'.
1193 608 1363 649 Versum
1388 610 1563 660 primum
1589 623 1612 649 a
1638 609 1803 650 librario

254 667 369 709 foede
399 668 699 720 pessumdatum
733 663 816 708 esse
846 670 1030 720 apparet:
1063 668 1186 708 uerba
1212 682 1237 708 a
1261 682 1305 709 re
1331 683 1377 708 ex
1409 670 1547 710 littera
1571 685 1592 710 r
1616 670 1804 711 librarius

255 729 431 780 deduxit,
463 728 605 768 deinde
636 742 727 779 11011,
760 741 862 779 quae
894 729 1069 778 numeris
1101 729 1338 780 repudiatur
1369 731 1486 776 abest,
1519 744 1567 770 ex
1599 730 1680 770 illis
1712 744 1737 770 α
1762 744 1805 771 re

254 791 352 829 nata
383 790 454 829 est.
503 789 552 828 In
584 789 712 829 altero
744 803 863 829 uersu
894 790 929 828 si
955 790 1024 829 hoc
1049 790 1297 840 corripimus,
1330 792 1437 830 stare
1462 791 1623 831 uidetur
1647 805 1804 831 uersus:

255 850 363 901 quod
393 849 481 889 fieri
511 863 627 901 posse
659 849 693 889 is
724 850 842 890 facile
874 849 1022 901 credat,
1055 850 1128 900 qui
1157 851 1320 901 poetam
1352 863 1417 891 ore
1448 849 1606 901 cb‘rupto
1645 846 1803 906 (incert.

254 925 291 950 u.
321 904 457 964 1243)
488 911 532 949 in
565 910 673 950 exitu
703 910 926 950 hexametri
956 911 1135 961 posuisse
1171 913 1436 963 grammatico
1474 911 1686 952 crediderit
1723 914 1804 952 tra-

255 971 376 1011 denti.
439 971 527 1022 Ego
558 983 667 1011 nunc
696 971 766 1011 hoc
803 983 934 1010 errore
971 971 1128 1010 librarii
1166 985 1212 1011 ex
1250 972 1485 1024 compendio
1506 975 1564 1021 -Η-
1583 972 1608 1012 i.
1636 986 1668 1012 e.
1702 975 1805 1012 enim

254 1033 395 1072 natum
423 1043 507 1071 esse
539 1031 750 1071 statuerim
776 1025 875 1085 (Cic.
897 1029 1007 1071 Orat.
1030 1031 1077 1070 ed
1096 1031 1378 1084 Heerdegenus
1397 1032 1505 1084 Lips.
1529 1034 1643 1073 1884
1669 1048 1707 1084 p.
1727 1034 1806 1073 ΧΠ

254 1092 298 1131 L.
320 1092 526 1132 Traubeus
562 1092 694 1132 Neues
725 1091 877 1131 Archiv
902 1093 929 1131 f.
955 1097 990 1131 a.
1018 1092 1053 1131 d.
1082 1090 1221 1132 Gesch.
1247 1093 1382 1132 XXVI
1408 1095 1520 1133 1901
1549 1107 1588 1145 p.
1617 1088 1723 1147 240)
1765 1096 1806 1133 et

253 1153 352 1192 haec
389 1152 472 1192 fere
510 1151 685 1191 arbitror
721 1151 925 1203 scripsisse
963 1154 1143 1203 poetam:
1187 1167 1225 1192 r:
1268 1166 1349 1193 non
1392 1154 1567 1193 multum
1610 1156 1687 1204 est,
1730 1153 1805 1194 hoc

255 1213 566 1264 cacosyntheton
598 1214 719 1263 atque
752 1212 896 1252 canina
927 1213 962 1252 si
992 1213 1133 1265 lingua
1165 1213 1272 1253 dico:
1310 1214 1414 1254 nihil
1452 1214 1503 1253 ad
1540 1228 1622 1264 me,
1659 1228 1804 1254 nomen

255 1274 358 1313 enim
387 1273 453 1312 illi
483 1275 554 1312 est.
616 1273 728 1312 Dicit
761 1274 890 1325 igitur
927 1275 1066 1325 poeta:
1110 1270 1199 1314 ‘hoc
1230 1288 1251 1314 r
1282 1275 1317 1314 si
1355 1275 1667 1326 cacosyntheton
1704 1274 1804 1326 dico,

255 1336 296 1374 et
315 1333 349 1374 si
375 1334 519 1373 canina
544 1333 686 1386 lingua
704 1332 811 1384 dico,
842 1347 922 1374 non
947 1334 1120 1374 multum
1146 1336 1223 1374 est:
1254 1335 1330 1375 hoc
1355 1336 1459 1375 nihil
1485 1335 1537 1375 ad
1561 1349 1642 1386 me3
1669 1349 1762 1375 nam
1785 1349 1805 1374 r

253 1394 317 1434 illi
346 1395 506 1434 litterae
537 1407 683 1434 nomen
713 1395 891 1445 profecto
925 1390 1012 1434 est’.
1073 1407 1153 1435 non
1183 1396 1349 1435 multum
1380 1397 1541 1436 seruaui
1572 1398 1804 1447 comparato

255 1469 292 1494 u.
321 1455 407 1494 374
439 1454 510 1494 ubi
539 1454 634 1494 uide
666 1467 772 1506 quae
804 1454 1100 1495 adnotauimus.
1158 1452 1497 1507 ‘Gacosyntheton
1529 1458 1589 1496 est
1618 1457 1804 1496 indecens

254 1517 460 1556 structura
490 1515 703 1555 uerborum
734 1515 830 1556 talis
858 1517 905 1555 ut
937 1512 1166 1566 “uersaque
1197 1517 1414 1556 inuencum
1443 1518 1559 1569 terga
1584 1517 1804 1568 fatigamus

253 1571 402 1616 hasta''
418 1573 428 1590 '
463 1574 614 1615 Charis.
642 1574 709 1615 GL
729 1575 751 1615 Ι
775 1590 813 1627 p.
836 1577 934 1626 271,
957 1577 1010 1614 22
1026 1576 1064 1615 Κ
1089 1576 1270 1616 Diomed.
1290 1577 1317 1616 1.
1337 1590 1365 1617 s.
1393 1591 1431 1628 p.
1454 1577 1553 1627 451,
1576 1579 1628 1616 17
1656 1577 1804 1617 Donat.

254 1637 281 1677 1.
307 1649 336 1676 s.
361 1636 420 1676 IV
445 1650 482 1687 p.
512 1636 611 1686 395,
639 1637 706 1675 18.
740 1637 838 1685 392,
866 1637 920 1676 27
953 1636 1053 1675 Mar.
1079 1636 1182 1676 Plot.
1203 1637 1228 1675 l.
1255 1650 1283 1676 s.
1310 1637 1370 1676 VI
1393 1651 1432 1688 p.
1460 1637 1559 1687 454,
1582 1639 1635 1677 17
1661 1637 1804 1678 Isidor.

256 1697 355 1748 orig.
380 1696 402 1735 Ι
429 1696 497 1746 33,
526 1697 592 1735 12.
660 1695 726 1735 Ad
761 1696 867 1736 hunc
905 1709 1023 1747 quem
1060 1697 1132 1736 isti
1170 1710 1304 1737 omnes
1344 1697 1532 1737 adferunt
1562 1697 1735 1750 Vergilii
1766 1712 1803 1737 u.

255 1755 354 1796 Aen.
379 1755 438 1796 IX
465 1757 548 1796 606
583 1755 752 1795 adnotat
783 1757 923 1796 auctus
956 1757 1027 1807 qui
1058 1757 1205 1797 dicitur
1231 1756 1395 1797 Seruius
1426 1755 1503 1798 ‘est
1528 1759 1664 1798 autem
1690 1771 1805 1798 caco-

256 1817 473 1868 syntheton
505 1818 545 1856 et
573 1816 940 1857 homoeoteleuton:
970 1830 1064 1857 nam
1096 1814 1293 1871 <mdiu-s>
1324 1818 1378 1858 sit
1401 1819 1479 1858 ita:
1512 1815 1662 1859 “uersa
1685 1819 1804 1859 hasta

256 1878 517 1916 iuuencorum
565 1878 681 1929 terga
730 1874 981 1930 fatigamus''
1000 1874 1010 1891 ’
1063 1878 1250 1918 similiter
1299 1878 1346 1918 de
1395 1879 1471 1919 hoc
1519 1879 1803 1931 cacosyntheto

256 1937 471 1989 Pompeius
497 1936 565 1977 GL
589 1937 628 1974 V
652 1951 691 1989 p.
718 1938 817 1988 295,
845 1938 882 1978 3.
910 1937 988 1977 5Κ
1021 1934 1234 1978 ‘naturalis
1267 1951 1395 1979 sermo
1428 1952 1508 1979 non
1539 1940 1699 1990 poterat
1733 1953 1805 1991 per

256 2010 424 2038 uersum·
459 2010 632 2038 currere:
677 1994 825 2049 “uersa
867 1998 985 2038 hasta
1027 2000 1242 2038 iuuencum
1284 2001 1400 2051 terga
1442 1997 1715 2051 fatigamus’':
1760 2001 1806 2039 ut

256 2059 384 2110 possit
415 2058 520 2098 stare
550 2058 621 2097 ille
652 2071 802 2108 uersus,
834 2059 1060 2098 naturalem
1085 2071 1308 2099 sermonem
1333 2057 1558 2099 conuertit'.
1610 2060 1806 2100 Similiter

256 2118 377 2158 schol.
402 2117 585 2170 Euripid.
610 2118 760 2159 Hecub.
788 2120 872 2158 801
919 2117 1224 2168 κακοσυνθέτως
1270 2115 1389 2159 εἶπεν.
1438 2119 1516 2160 ἔδει
1559 2119 1633 2173 γὰρ
1678 2120 1804 2168 οὕτως

256 2178 397 2218 εἰπεῖν·
435 2177 503 2218 καὶ
540 2177 587 2218 τὰ
625 2173 747 2218 δίκαι’
789 2176 1015 2231 ὅρισθέντες
1051 2178 1157 2232 παρὰ
1200 2186 1271 2220 τοῦ
1315 2183 1416 2220 θεοῦ
1460 2184 1593 2233 τηρεῖν
1636 2179 1680 2221 ἕν
1722 2184 1805 2229 τοῖς

257 2238 484 2292 πράγμασιν
514 2236 662 2286 ἀδίκως
694 2239 820 2291 ζῶμεν
851 2239 921 2279 ubi
953 2240 1060 2291 apud
1089 2242 1253 2291 poetam
1283 2241 1433 2294 legitur
1463 2239 1574 2297 νόμῳ
1605 2239 1680 2294 γὰρ
1713 2239 1804 2288 τοὺς

257 2297 381 2346 θεοὺς
417 2295 627 2352 ἡγούμεθα
663 2297 731 2339 καὶ
768 2300 894 2351 ζῶμεν
930 2296 1049 2339 ἄδικα
1092 2298 1158 2339 καὶ
1194 2296 1323 2340 ’δίκαι’
1372 2298 1593 2354 ὡρισμένοι.
1660 2296 1804 2352 Itaque

258 2359 549 2409 cacosyntheton
580 2358 632 2398 ad
662 2358 856 2399 σύνθεσιν
887 2360 1100 2400 uerborum
1133 2373 1254 2411 quam
1278 2361 1371 2400 inde
1399 2361 1448 2401 ab
1474 2360 1692 2401 Aristotele
1718 2362 1804 2401 lau-

259 2419 409 2458 dabant
433 2419 611 2459 rhetores
636 2420 831 2470 pertinet:
865 2417 988 2471 ‘quod
1011 2420 1117 2460 male
1143 2421 1394 2472 collocatum,
1426 2421 1469 2460 id
1494 2422 1805 2472 cacosyntheton

258 2476 418 2519 uocant'
452 2478 617 2526 Quintil.
644 2479 744 2519 VIII
771 2481 815 2531 3,
844 2480 897 2520 59
949 2480 1125 2532 dicitque
1169 2481 1439 2521 calumniator
1489 2482 1597 2533 apud
1639 2482 1804 2521 Lucian.

258 2537 347 2592 περὶ
378 2544 447 2579 τοῦ
480 2538 533 2592 μὴ
566 2539 650 2594 ῥᾳδ.
683 2550 784 2579 πιστ.
818 2539 985 2597 διαβολῇ
1018 2553 1104 2592 cap.
1134 2542 1207 2581 14:
1245 2536 1317 2596 (ἢν
1355 2539 1397 2582 δὲ
1435 2540 1640 2594 ποιητικὸς
1674 2533 1699 2596 ᾖ
1737 2540 1805 2581 καὶ

260 2597 324 2639 ἐπὶ
361 2597 486 2655 τούτῳ
526 2597 624 2653 μέγα
655 2594 823 2656 φρονῇ,)
858 2597 928 2652 εμα
959 2595 1025 2640 Δί’
1060 2599 1240 2654 ἐχλεύασέ
1278 2613 1351 2642 σου
1393 2600 1607 2651 Φιλόξενος
1645 2600 1691 2641 τὰ
1729 2601 1803 2653 ἔπη

259 2657 326 2698 καὶ
357 2657 524 2712 διέσυρε,
554 2657 621 2699 καὶ
651 2657 800 2713 ἄμετρα
830 2655 938 2700 εἶπεν
969 2658 1069 2701 αὐτὰ
1099 2659 1167 2701 καὶ
1197 2659 1502 2702 κακοσύνθετα’.
1551 2662 1612 2701 De
1644 2662 1804 2702 nomine

258 2719 419 2759 litterae
449 2733 472 2758 r
503 2719 588 2772 agit
619 2733 742 2770 quam
773 2721 958 2760 caninam
987 2721 1188 2762 uocabant
1220 2717 1330 2777 (uide
1363 2723 1413 2762 ad
1444 2722 1513 2762 lib.
1538 2722 1559 2761 Ι
1584 2736 1622 2761 11.
1649 2724 1673 2760 2
1702 2734 1804 2773 quae

260 2779 454 2819 adnotata
485 2774 596 2834 sunt)
635 2781 677 2819 in
715 2781 946 2821 transcursu
984 2782 1102 2821 sicuti
1139 2783 1182 2821 in
1220 2782 1347 2822 altero
1385 2783 1610 2835 fragmento
1649 2782 1697 2821 de
1734 2795 1804 2821 no-

260 2840 367 2879 mine
398 2852 416 2879 s
445 2840 624 2890 litterae,
654 2839 725 2879 ubi
754 2842 1002 2891 semigraecei
1039 2841 1255 2882 secundum
1291 2844 1434 2893 poetae
1475 2842 1805 2894 orthographiam

261 2900 484 2950 posuimus:
517 2899 704 2939 simfliter
728 2899 857 2940 Varro
876 2913 952 2940 rer.
971 2902 1068 2940 rust.
1087 2901 1130 2941 Π
1151 2905 1188 2952 1,
1211 2904 1234 2941 2
1264 2899 1328 2942 ‘ut
1352 2902 1605 2954 semigraecis
1634 2902 1803 2953 pastori-

260 2959 334 2999 bus
360 2959 491 2998 dicam
517 2957 683 2999 Graece:
713 2958 756 3007 ὅς
781 2957 853 3014 πέρ
879 2975 957 3012 μου
982 2959 1129 3000 πολλὸν
1154 2958 1341 3013 ἄμείνων’
1362 2962 1424 3001 m
1446 2963 1513 3011 10,
1536 2963 1558 3000 1
1588 2958 1729 3014 ‘genus
1744 2993 1751 3000 .
1769 2993 1801 3002 ..

263 3018 368 3070 quod
399 3031 471 3058 uos
502 3019 749 3072 philograeci
777 3021 933 3061 uocatis
965 3018 1244 3072 amphibium'.
1308 3021 1393 3068 Quo
1425 3022 1624 3073 pertineat
1653 3022 1805 3062 Lucilii

261 3079 370 3119 istud
401 3081 659 3131 praeceptum
691 3079 738 3119 de
772 3093 789 3120 s
822 3081 972 3132 littera,
1002 3082 1212 3122 nescimus.
1274 3082 1413 3134 Magni
1443 3084 1579 3122 tamen
1610 3083 1804 3122 momenti
