2060 3444
703 268 833 305 incort.
861 267 937 304 sed.
964 279 998 303 u.
1029 270 1274 304 1273—1277.
1677 266 1765 310 403

219 384 263 421 in
301 381 586 422 commentario
624 381 676 420 ad
710 382 775 420 12.
839 382 962 420 bonus
999 382 1046 420 ut
1081 381 1150 420 lib.
1176 381 1286 420 XXX
1312 394 1348 419 u.
1378 382 1461 420 972
1504 377 1597 420 ‘non
1638 381 1764 420 bonus

219 439 355 492 bello’,
391 453 525 492 asper,
561 442 609 480 ut
639 440 757 493 Verg.
783 440 881 480 Aen.
908 440 966 479 XI
993 441 1078 480 664
1118 437 1253 490 ‘quem
1289 441 1372 479 telo
1411 441 1603 491 primum,
1648 453 1765 491 quem

221 503 476 553 postremum,
503 512 646 552 aspera
668 500 797 553 uirgo,
822 500 943 540 deicis
953 496 987 539 ?’
1014 500 1035 539 I
1057 501 1111 539 14
1139 497 1377 550 ‘studiisque
1404 500 1622 551 asperrima
1641 497 1766 548 belli’‚

220 558 459 601 uocabulum
490 559 651 600 uidetur
682 571 766 600 esse
792 561 1003 600 castrensis
1036 561 1239 600 sermonis.
1295 559 1430 599 Verba
1462 559 1652 599 uidentur
1683 573 1766 599 esse

219 620 449 661 Pacideiani
474 615 562 675 (lib.
577 620 635 659 IV
654 633 691 659 u.
715 621 799 659 153
814 615 942 675 seqq.)
969 621 1039 671 qui
1065 621 1263 673 gloriatur
1288 619 1407 660 facile
1432 631 1474 659 se
1501 620 1764 660 Aeserninum

218 682 439 731 uicturum,
483 680 589 731 quod
626 681 810 732 quamuis
847 681 973 721 bonus
1011 681 1096 732 ipse
1135 679 1294 719 Samnis
1335 681 1389 719 sit
1425 681 1466 719 et
1502 681 1542 719 in
1582 680 1676 720 ludo
1721 693 1767 719 ac

219 741 386 781 rudibus
418 741 545 780 cuiuis
578 742 676 780 satis
709 754 836 792 asper,
867 742 909 780 in
937 754 1076 793 pugna
1099 742 1189 792 ipsa
1214 741 1290 781 sibi
1316 740 1447 791 impar
1472 740 1675 780 habendus
1702 742 1767 791 sit,

220 802 392 854 ignauus
424 802 466 840 et
495 800 618 851 rudis,
649 801 821 840 bellator
850 801 1109 841 umbraticus.

342 856 485 902 1275.
517 860 646 900 Varro
691 861 739 900 de
781 861 922 914 lingua
963 860 1111 900 Latina
1155 860 1257 900 libro
1290 860 1369 899 VH
1397 861 1480 900 103
1528 857 1673 900 ‘Multa
1717 860 1767 899 ab

200 921 457 965 ‘animalium
487 921 652 961 uocibus
683 921 834 963 tralata
865 922 908 960 in
938 921 1137 971 homines,
1174 923 1324 972 partim
1358 934 1459 972 quae
1490 923 1584 960 sunt
1615 923 1766 971 aperta,

218 982 368 1032 partim
399 980 578 1021 obscura.
639 982 850 1032 perspicua
881 983 927 1020 ut
954 1011 962 1020 .
984 1013 992 1020 .
1015 1012 1021 1020 .
1050 981 1226 1021 eiusdem
1259 977 1488 1032 “quantum
1515 1011 1524 1020 .
1547 1014 1554 1021 .
1577 1011 1584 1020 .
1611 981 1767 1032 equita-

219 1037 367 1081 tum''.'
426 1038 636 1092 ‘quantum
664 1041 876 1081 Hinnitum
903 1043 1025 1092 atque
1052 1038 1304 1092 quiritatum'
1332 1041 1559 1081 Muellerus.
1616 1042 1767 1080 Tamen

219 1102 383 1141 minime
421 1114 577 1142 neeesse
616 1103 676 1141 est
713 1101 790 1141 duo
832 1101 980 1141 adferri
1009 1102 1206 1142 uocabula
1238 1101 1382 1152 quibus
1416 1104 1623 1141 enarretur
1653 1114 1767 1152 prae-

220 1164 391 1213 coptum.
453 1161 591 1202 Potest
622 1162 802 1214 intellegi
834 1163 1026 1211 equitatus
1055 1164 1264 1213 tamquam
1296 1164 1478 1211 equitatio
1516 1162 1564 1201 de
1595 1164 1768 1213 strepitu

220 1234 414 1273 equorum
446 1223 707 1273 equitumque
738 1223 1038 1262 incurrentium.

344 1276 486 1322 1276.
538 1281 679 1322 Festus
728 1295 766 1333 p.
798 1283 902 1332 322,
929 1283 983 1321 22
1019 1279 1202 1333 ‘Sargus,
1252 1282 1372 1333 piscis
1421 1295 1563 1335 genus,
1613 1281 1682 1332 qui
1725 1283 1768 1321 in

220 1342 422 1394 Aegyptio
471 1342 574 1381 mari
622 1342 705 1382 fere
748 1343 937 1382 nascitur.
1017 1341 1198 1382 Lucilius
1243 1338 1395 1393 “quem
1529 1338 1768 1381 mouebit''.’

220 1402 280 1441 De
292 1402 434 1452 helope
448 1402 592 1441 Athen.
606 1402 687 1441 VH
699 1415 737 1453 p.
747 1403 832 1441 282
843 1401 880 1440 D
903 1403 1030 1442 tradit
1043 1402 1327 1453 Epicharmum
1340 1402 1466 1442 Musis
1481 1397 1555 1456 (71
1572 1397 1766 1456 Kaibelii)

221 1461 348 1515 egisse
389 1463 464 1501 hoc
507 1475 625 1502 uersu
667 1461 737 1502 τόν
767 1477 806 1502 τε
843 1462 1109 1515 πολυτίματον
1147 1461 1268 1502 ἔλοπα
1305 1464 1404 1513 κτλ.,
1441 1461 1490 1501 de
1528 1463 1696 1502 raritate
1728 1464 1767 1500 et

220 1522 350 1573 pretio
386 1522 526 1562 huius.
549 1523 670 1573 piscis
708 1522 862 1562 Aelian.
896 1524 987 1562 hist.
1014 1523 1134 1562 anim.
1160 1523 1262 1561 VIII
1290 1524 1356 1561 28.
1426 1522 1543 1575 Sargi
1581 1524 1768 1562 naturam

222 1583 387 1634 exponit
414 1582 559 1621 Athen.
586 1582 666 1621 VH
691 1596 727 1633 p.
751 1583 832 1622 321
850 1582 903 1632 Β,
934 1584 1143 1634 capturam
1176 1583 1330 1622 Aelian.
1356 1583 1448 1622 hist.
1475 1584 1595 1622 anim.
1621 1583 1720 1622 XIII
1742 1585 1765 1621 2

222 1655 345 1692 quam
376 1641 495 1682 Cares
533 1655 711 1682 exercere
748 1645 904 1692 narrat,
942 1655 1032 1682 cum
1069 1643 1208 1692 helops
1244 1644 1287 1682 in
1318 1642 1558 1693 Pamphylia
1594 1642 1684 1693 capi
1715 1644 1770 1682 sit

221 1702 363 1742 solitus
412 1702 549 1741 eodem
593 1704 755 1742 auctore
786 1702 887 1741 Vm
914 1703 987 1741 28:
1030 1702 1219 1742 Puteolos
1262 1714 1342 1753 qua
1385 1704 1546 1754 regione
1589 1701 1768 1741 Lucilius

222 1774 339 1801 senex
389 1761 710 1802 commorabatur
764 1761 997 1802 deferebant
1043 1763 1171 1813 pisces
1226 1763 1329 1802 tales
1379 1764 1526 1802 nautae
1575 1762 1770 1814 Aegyptii

222 1817 377 1876 (Senec.
404 1823 523 1876 epist.
554 1823 626 1872 77,
661 1817 718 1876 1).
792 1822 852 1862 De
896 1822 1070 1872 Aegypto
1114 1822 1293 1862 ablatiuo
1336 1823 1428 1862 uide
1473 1822 1524 1862 ad
1567 1822 1635 1861 lib.
1669 1822 1768 1861 XHI

221 1895 259 1921 u.
281 1883 386 1932 446,
430 1881 650 1935 Αἰγύπτιος
693 1882 935 1936 μιαρώτατος
978 1887 1057 1922 τῶν
1101 1881 1256 1935 ἰχθύων
1299 1882 1476 1934 κάπηλος
1523 1885 1768 1922 memoratur

224 1942 272 1981 ab
304 1941 509 1993 Archippo
540 1941 653 1982 CAF
679 1942 699 1981 I
723 1955 761 1993 p.
784 1943 882 1993 684,
910 1943 984 1982 25:
1011 1943 1107 1982 conf
1132 1943 1269 1981 quen.
1295 1943 1354 1981 IV
1382 1944 1449 1983 33.
1499 1943 1678 1989 moueMt,
1703 1943 1768 1982 cui

223 2003 394 2042 saliuam
424 2002 631 2042 mouebitz'
651 2002 701 2042 de
731 2002 853 2042 uerbo
885 2015 1045 2042 mouere
1070 2003 1162 2042 uide
1188 2003 1415 2042 Bentleium
1448 2003 1500 2042 ad
1530 2003 1625 2042 Hor.
1653 2015 1767 2043 serm.

221 2062 243 2101 I
271 2063 344 2112 10,
371 2062 438 2101 78.
508 2062 715 2102 Sententia.
753 2063 895 2102 similis
933 2065 1021 2102 erat
1059 2065 1181 2114 atque
1220 2063 1316 2102 Hor.
1350 2063 1462 2114 epod.
1493 2063 1535 2102 II
1569 2064 1623 2102 49
1639 2076 1768 2114 seqq:

222 2122 324 2162 tales
350 2121 494 2162 herbae
520 2123 554 2162 si
580 2124 644 2162 cui
669 2123 877 2174 appositae
903 2124 1031 2173 erunt,
1057 2122 1372 2174 quemvmouebit
1393 2135 1534 2175 sargus
1552 2121 1769 2173 helopsue?

222 2181 343 2221 Libro
368 2182 427 2221 IV
458 2182 602 2221 tribuit
631 2182 909 2232 Baehrensius,
939 2183 1069 2233 possis
1100 2183 1275 2223 tribuere
1307 2183 1429 2222 etiam
1455 2183 1503 2222 V.

346 2236 488 2282 1277.
514 2241 665 2281 Paulus
691 2255 730 2293 p.
751 2243 850 2292 256,
872 2245 924 2282 11
955 2240 1241 2293 ‘Querqueram
1269 2243 1457 2294 frigidam
1484 2255 1573 2282 cum
1599 2244 1768 2282 tremore

135 2311 146 2322 ³
224 2315 249 2341 a
280 2300 430 2341 Graeco
461 2300 638 2355 κάρκαρα
670 2304 822 2342 certum
853 2304 915 2342 est
945 2302 1043 2352 dici,
1079 2303 1186 2342 unde
1217 2305 1258 2342 et
1288 2316 1432 2343 carcer.
1496 2303 1672 2343 Lucilius
1700 2335 1707 2342 .
1730 2336 1738 2344 .
1761 2335 1768 2342 .

224 2359 381 2415 (incert.
412 2375 450 2400 u.
486 2356 620 2416 1194)
677 2364 718 2402 et
773 2363 871 2401 alibi
922 2359 1177 2413 “querquera
1232 2364 1490 2413 consequitur
1547 2364 1769 2414 capitisque

224 2417 439 2461 dolores”.'
491 2421 631 2461 Festus
656 2435 694 2473 p.
717 2423 814 2472 257,
830 2423 884 2462 33
910 2419 935 2461 ‘.
952 2454 983 2461 ..
1010 2424 1050 2462 et
1075 2422 1172 2461 alibi
1201 2419 1408 2473 “querque
1427 2419 1548 2461 —-''.’
1599 2423 1770 2461 Videtur

224 2495 261 2520 u.
286 2483 485 2532 pertinere
516 2482 567 2520 ad
599 2482 667 2521 lib.
694 2482 731 2519 V
763 2477 878 2536 (conf
905 2496 942 2521 u.
967 2478 1071 2536 189)
1104 2495 1183 2533 quo
1214 2482 1393 2522 Lucilius
1432 2483 1479 2522 de
1512 2495 1584 2522 sua
1614 2483 1768 2521 ualetu-

225 2541 316 2580 dine
354 2543 637 2592 conqueratur:
681 2544 888 2582 enumerat
930 2542 1059 2582 morbi
1095 2541 1159 2582 sui
1196 2555 1313 2593 quem
1351 2544 1509 2594 saepius
1546 2543 1770 2593 perpetitur

225 2600 403 2653 singulos
441 2601 588 2654 gradus
626 2603 667 2641 et
706 2602 864 2655 singula
906 2603 1169 2642 incrementa:
1213 2603 1308 2641 conf
1342 2602 1441 2642 Cels.
1467 2602 1530 2641 111
1558 2604 1612 2641 10
1651 2598 1768 2642 ‘Con-

225 2660 479 2700 siderandum
522 2662 644 2701 etiam
688 2664 766 2712 est,
802 2662 981 2702 febresne
1025 2663 1131 2702 solae
1169 2663 1268 2712 sint,
1311 2675 1363 2702 an
1401 2663 1481 2701 alia
1519 2675 1677 2713 quoque
1707 2662 1769 2701 his

226 2720 335 2760 mala
375 2721 578 2772 accedant,
619 2722 662 2761 id
705 2723 782 2772 est,
825 2735 918 2762 num
965 2724 1086 2773 caput
1122 2722 1274 2772 doleat,
1311 2736 1407 2762 num
1444 2723 1585 2774 lingua
1616 2735 1769 2773 aspera,

226 2793 322 2819 num
346 2781 578 2831 praecordia
602 2782 760 2822 intenta
786 2783 878 2822 sint.
941 2781 985 2822 Si
1016 2782 1161 2833 capitis
1193 2781 1349 2822 dolores
1380 2784 1485 2831 sunt,
1515 2795 1647 2822 rosam
1679 2794 1767 2820 cum

228 2842 338 2879 aceto
380 2841 545 2879 miscere
589 2838 774 2891 oportet'.
824 2863 883 2869 —
926 2843 1188 2891 consequitwr,
1231 2843 1278 2880 ut
1319 2841 1398 2880 Cic.
1430 2841 1478 2880 de
1523 2844 1621 2880 orat.
1655 2841 1715 2879 III
1742 2842 1766 2879 6

228 2896 427 2949 ‘Namque
451 2901 539 2938 tum
563 2900 670 2940 latus
696 2901 733 2940 ei
757 2901 906 2940 dicenti
932 2900 1180 2940 condoluisse
1205 2900 1467 2951 sudoremque
1488 2901 1658 2939 multum
1677 2913 1767 2939 con-

227 2960 404 2999 secutum
443 2971 526 2999 esse
563 2959 841 3010 audiebamus,
878 2973 924 3000 ex
962 2972 1059 3010 quo,
1097 2973 1186 2999 cum
1224 2959 1508 3010 cohorruisset,
1545 2972 1634 2999 cum
1666 2959 1773 2998 febriv

226 3018 388 3058 domum
418 3018 539 3057 rediit
569 3019 710 3069 dieque
736 3021 906 3070 septimo
932 3021 993 3059 est
1016 3019 1156 3059 lateris
1181 3019 1314 3058 dolore
1340 3014 1385 3073 (i.
1406 3032 1438 3059 e.
1463 3020 1644 3070 pleuriti:
1675 3019 1768 3058 uide

1412 3086 1482 3122 26·
