2060 3444
805 293 906 331 xxx
931 307 956 331 u
989 298 1190 334 θεῖ-991.
1692 293 1778 341 321

230 411 418 450 similiter
450 409 528 449 Cic.
549 409 725 461 Philipp.
743 409 786 449 Π
813 411 881 460 16,
908 411 962 449 41
998 407 1148 449 ‘Velim
1178 410 1279 449 mihi
1310 410 1432 460 dicas,
1464 411 1544 450 nisi
1567 411 1781 451 molestum

231 473 310 521 est,
346 470 392 510 L.
412 470 621 510 Turselius
659 483 740 521 qua
783 470 885 510 facie
924 466 1063 510 fuerit’
1105 471 1245 510 histor.
1283 470 1470 522 Apollon.
1498 471 1591 522 Tyr.
1618 484 1702 523 cap.
1726 473 1779 511 15

232 533 331 570 extr.
363 527 458 570 ‘Sed
488 531 525 570 si
554 530 632 569 tibi
662 531 877 570 molestum
907 543 988 570 non
1020 532 1091 582 est,
1123 530 1259 570 indica
1289 532 1390 570 mihi
1419 544 1564 570 nomen
1596 534 1635 571 et
1667 544 1781 572 casus

229 587 354 631 tuos':
385 603 458 630 nec
490 591 609 631 aliter
640 591 781 630 multis
813 594 906 630 ante
933 592 1104 631 saeculis
1130 591 1300 631 Plautus
1332 591 1433 631 Rud.
1457 593 1542 631 120
1577 588 1672 641 ‘sed,
1703 593 1781 631 nisi

228 651 443 691 molestum
480 653 559 701 est,
595 653 736 702 paucis
773 653 1047 702 percontarier
1083 651 1177 692 uolo
1210 665 1284 704 ego
1317 665 1364 690 ex
1394 648 1452 691 te'
1485 647 1562 706 (=
1582 652 1703 692 Poen.
1726 654 1782 692 50

230 712 336 751 Pers.
360 707 466 766 599)
500 711 616 763 Epid.
638 713 725 752 460
759 708 868 753 ‘uolo
899 714 939 751 te
971 712 1105 752 uerbis
1142 712 1345 763 pauculis,
1384 714 1420 752 si
1458 712 1538 751 tibi
1567 713 1783 753 molestum

229 785 310 812 non
340 769 430 811 est’.
491 771 527 812 εἰ
557 771 611 824 μή
643 772 682 812 τί
711 783 774 813 σοι
805 771 975 826 χαλεπόν
1007 772 1113 813 Plat.
1133 773 1236 812 Tim.
1254 773 1277 812 I
1299 786 1339 824 p.
1369 773 1484 812 1713.

350 828 463 873 988.
494 833 650 873 Nonius
675 847 715 885 p.
737 834 836 883 303,
859 835 911 872 17
940 830 1088 884 Terre,
1114 833 1299 885 dirigere,
1326 833 1480 873 ducere.
1514 863 1522 872 .
1545 864 1552 872 .
1575 865 1582 872 .
1603 833 1783 873 Lucilius

228 893 297 932 lib.
317 893 428 931 XXX
466 889 595 944 “quid
623 924 661 933 ..
683 925 690 932 .
715 896 761 933 ut
797 893 848 933 ad
887 896 928 934 te
959 897 1134 943 spectant
1163 889 1397 949 (expectant
1431 889 1486 948 G)
1516 925 1523 931 .
1545 924 1554 933 .
1575 925 1584 934 .
1609 895 1784 947 uestigia

229 955 365 993 omnia
394 965 436 993 se
465 966 629 1005 prorsus
670 948 832 1008 (prosus
869 954 910 993 L
934 967 984 994 m.
1008 950 1114 1009 1)''.'
1175 954 1287 994 Idem
1319 968 1357 1005 p.
1379 955 1479 1004 402,
1507 955 1530 993 6
1565 951 1784 1006 ‘specim-0,

231 1014 415 1065 dirigere.
470 1013 650 1054 Lucilius
682 1014 750 1053 lib.
770 1015 882 1053 XXX
915 1012 1046 1065 “quid
1074 1046 1081 1053 .
1103 1045 1112 1054 .
1133 1046 1141 1054 .
1166 1016 1417 1055 intravorsu's
1450 1017 1574 1054 aetate
1602 1017 1785 1066 spectent

232 1069 463 1129 (expectent
503 1070 558 1129 G)
693 1075 762 1114 sed
799 1076 934 1114 omnia
973 1072 1199 1126 prorsus'’.'
1269 1075 1495 1127 Porphyrio
1535 1075 1586 1115 ad
1621 1075 1786 1115 Horatii

232 1136 346 1185 epist.
367 1135 387 1173 I
409 1137 452 1184 1,
474 1136 529 1174 74
564 1132 574 1149 ‘
593 1132 722 1186 “quia
752 1148 814 1174 me
846 1136 1022 1187 uestigia
1052 1132 1252 1186 terrent'',
1297 1132 1565 1189 Luc<il>iana
1604 1130 1786 1191 (luciana

231 1190 347 1249 codd)
380 1197 474 1234 sunt
503 1195 613 1234 haec.
675 1195 714 1235 A
744 1195 893 1234 fabella
934 1209 1028 1248 ergo
1061 1196 1237 1247 Aesopia
1274 1196 1410 1248 arguit
1445 1197 1554 1235 inter
1590 1209 1631 1235 se
1669 1210 1786 1248 repu-

233 1255 442 1308 gnantiam
491 1256 715 1306 hominum,
765 1256 900 1295 dicens
949 1256 1110 1295 beluam
1158 1257 1377 1296 multorum
1433 1258 1612 1308 capitum
1673 1254 1786 1298 esse'.

229 1315 319 1362 Quo
350 1315 567 1355 tetenderit
598 1316 706 1367 apud
736 1316 938 1355 Lucilium
978 1316 1129 1356 fabella
1171 1316 1340 1367 Aesopi,
1377 1330 1459 1356 non
1494 1318 1626 1368 patet:
1665 1331 1787 1369 quam

233 1377 473 1427 locupletius
506 1378 546 1416 et
572 1378 770 1428 copiosius
795 1379 982 1416 narrarat
1005 1377 1198 1428 Lucilius,
1224 1390 1344 1428 quam
1370 1390 1506 1417 omnes
1530 1378 1690 1429 reliqui,
1717 1379 1787 1430 qui

236 1449 283 1476 ea
314 1438 379 1476 usi
402 1438 497 1476 sunt
522 1438 746 1488 scriptores.
803 1438 923 1476 Babr.
946 1439 1044 1488 103,
1067 1439 1120 1477 17
1142 1434 1297 1494 σῴζοιο,
1323 1437 1465 1490 φησίν·
1497 1435 1551 1490 ἢν
1577 1433 1614 1477 δ’
1637 1435 1787 1491 ἄπειμι,

238 1495 464 1553 συγγνώσῃ·
505 1499 662 1537 πολλῶν
699 1495 773 1552 γὰρ
813 1497 902 1551 ἴχνη
940 1497 1100 1551 θηρίων
1138 1512 1184 1550 με
1221 1498 1364 1538 κωλύει
1405 1492 1462 1538 ὧν
1493 1497 1680 1547 ἐξιόντων
1712 1497 1787 1539 οὐκ

236 1556 333 1610 ἔχεις
365 1554 386 1597 ὃ
415 1571 482 1609 μοι
509 1556 657 1605 δείξεις.
710 1557 877 1598 (lautior
909 1571 1030 1609 quam
1054 1559 1117 1598 leo
1144 1558 1294 1609 Aesopi
1318 1559 1539 1598 Mercurius
1565 1561 1626 1599 est
1650 1560 1786 1611 hymn.

235 1618 440 1657 Homerici
463 1618 506 1655 in
530 1618 651 1657 Merc.
672 1620 725 1657 76
758 1618 884 1658 Cacus
909 1618 979 1657 ille
1005 1631 1069 1670 ap.
1089 1618 1240 1670 Vergil.
1259 1618 1360 1658 Aen.
1379 1619 1481 1658 VIII
1500 1620 1585 1658 207
1607 1620 1786 1671 Propert.

236 1678 292 1716 IV
322 1679 366 1727 9,
394 1680 444 1716 11
488 1677 604 1716 Ouid.
630 1679 722 1718 fast.
747 1678 770 1717 I
797 1679 883 1718 550
925 1679 996 1729 qui
1028 1676 1204 1732 eauersos
1249 1679 1376 1719 cauda
1418 1680 1544 1719 traxit
1586 1681 1629 1718 in
1670 1683 1788 1719 antra

236 1738 358 1777 boues
396 1751 445 1776 ne
484 1751 565 1788 qua
601 1739 735 1778 forent
770 1738 939 1789 pedibus
976 1740 1151 1792 uestigia
1187 1736 1335 1779 rectis'.
1381 1761 1432 1766 —
1468 1742 1503 1779 et
1532 1741 1586 1779 ad
1617 1743 1651 1779 tc
1681 1743 1788 1780 recte

237 1798 388 1838 Iunius.
438 1819 497 1825 —
547 1797 888 1850 orthographiam
937 1798 1086 1839 Lucilii
1135 1800 1243 1839 intro
1292 1811 1435 1839 uorsus
1485 1801 1655 1852 utroque
1699 1801 1787 1841 loco

237 1859 450 1902 seruarunt
493 1858 594 1898 codd
629 1859 755 1898 Nonii
794 1860 914 1899 sicuti
957 1860 1176 1900 exaduorso
1220 1860 1290 1899 lib.
1315 1860 1447 1899 XXIX
1477 1874 1516 1900 u.
1546 1861 1652 1900 846:
1695 1862 1788 1901 uide

237 1919 357 1958 indic.
383 1932 550 1971 gramm.
570 1931 600 1958 s.
620 1933 658 1958 u.
688 1920 975 1970 orthoyraphia.

359 1975 471 2020 990.
504 1979 659 2019 Nonius
690 1994 728 2031 p.
752 1981 850 2031 350,
878 1981 947 2020 24«
965 1977 1174 2031 ‘Manicae‚
1206 1981 1351 2032 quibus
1376 1993 1519 2021 manus
1544 1981 1788 2022 vinciuntur.

238 2039 415 2079 Lucilius
465 2039 533 2078 lib.
559 2040 669 2078 XXX
713 2037 802 2080 “sic
829 2071 837 2079 .
859 2071 867 2079 .
889 2071 899 2080 ,
924 2037 1044 2080 est''.'
1120 2040 1271 2093 Agitur
1319 2042 1367 2080 de
1417 2043 1566 2081 amoris
1615 2043 1789 2094 laqueis:

240 2100 359 2151 Apul.
386 2101 478 2139 met.
504 2099 545 2138 Π
566 2101 590 2139 5
619 2096 732 2139 ‘serit
755 2100 987 2151 blanditias,
1012 2101 1170 2140 inuadit
1199 2102 1399 2152 spiritum,
1425 2104 1573 2142 amoris
1598 2103 1790 2158 profundi

239 2161 389 2211 pedicis
440 2161 613 2200 aeternis
664 2158 836 2212 alligat'.
910 2161 1201 2212 Aristophanes
1252 2161 1355 2201 OAF
1386 2162 1406 2201 I
1441 2177 1480 2214 p.
1509 2163 1613 2214 556,
1647 2164 1731 2202 666
1752 2164 1790 2203 Κ

239 2219 332 2268 τοὺς
362 2219 538 2272 κόσμους
567 2218 635 2260 καὶ
661 2219 731 2269 τὰς
756 2219 943 2273 ἐσθῆτας,
974 2216 1038 2269 αἷς
1068 2227 1237 2275 χρῶνται
1267 2222 1313 2262 αἱ
1338 2226 1526 2276 γυναῖκες
1550 2223 1790 2272 καλλωπιζό-

241 2295 374 2333 μεναι,
424 2280 594 2334 παγίδας
622 2311 659 2320 ..
680 2310 690 2320 .
721 2276 842 2320 εἶπεν.
915 2281 992 2320 AP
1019 2282 1052 2320 V
1087 2283 1161 2333 55,
1196 2283 1220 2321 3
1277 2285 1421 2336 γλῆναι
1476 2283 1673 2323 λασίαισιν
1723 2280 1787 2323 ὑπ’

241 2338 414 2394 ὀφρύσιν
457 2339 748 2394 ἀστράπτουσαι
792 2340 1025 2395 σπλάγχνων
1074 2339 1274 2396 ἡμετέρων
1317 2342 1457 2382 δίκτυα
1500 2342 1567 2383 καὶ
1609 2344 1790 2398 παγίὸεςτ

242 2400 360 2454 παγίς
380 2402 612 2440 nominatur
637 2402 871 2454 cognomine
897 2403 1086 2441 meretrix
1111 2415 1174 2454 ap.
1194 2401 1358 2441 Lucian.
1380 2403 1474 2442 dial.
1494 2406 1652 2445 meretr.
1675 2407 1743 2455 11,
1764 2406 1788 2443 2

241 2461 378 2510 initio,
428 2461 656 2500 meretrices
708 2461 898 2501 dicuntur
946 2461 1109 2515 παγίδες
1151 2467 1221 2502 τοῦ
1265 2462 1357 2515 βίου
1401 2463 1589 2514 Amphid.
1618 2463 1719 2503 GAF
1751 2465 1792 2503 Π

243 2534 280 2571 p.
303 2522 401 2566 243,
422 2521 511 2559 4K.
572 2520 648 2560 ΑΡ
674 2521 731 2560 XI
758 2523 812 2561 52
859 2521 1122 2575 σαγηνευθεὶς
1159 2518 1223 2561 ὑπ’
1264 2521 1376 2576 ἔρωτι
1421 2523 1580 2563 Heliod.
1604 2525 1626 2563 I
1657 2537 1743 2576 cap.
1765 2527 1788 2565 9

244 2575 304 2628 οἷς
335 2580 483 2620 ἅπασιν
520 2578 541 2620 ὃ
578 2580 707 2635 πατήρ
746 2596 824 2633 μου
862 2580 1127 2635 σαγηνευθεὶς
1163 2582 1261 2634 ὅλην
1300 2580 1459 2635 ἐκείνην
1489 2582 1556 2623 καὶ
1586 2583 1695 2624 ἔπνει
1726 2584 1792 2624 καὶ

244 2639 415 2693 ἔβλεπεν.
477 2641 579 2680 Vide
609 2642 729 2681 indic.
755 2655 922 2694 gramm.
948 2655 978 2682 s.
998 2656 1036 2681 u.
1067 2643 1408 2693 spondeiazontes.

365 2695 476 2741 991.
515 2701 669 2741 Nonius
701 2715 740 2752 p.
762 2703 836 2748 35,
865 2704 916 2741 31
960 2700 1312 2754 ‘Discerniculum,
1353 2716 1446 2744 acus
1484 2717 1587 2754 quae
1625 2706 1792 2756 capillos

246 2761 460 2799 mulierum
503 2763 597 2800 ante
641 2762 813 2801 frontem
856 2761 1022 2813 diuidit,
1065 2763 1174 2802 dicta
1218 2776 1242 2802 a
1279 2763 1550 2803 discernendo.
1612 2765 1792 2806 Lucilius

246 2820 315 2859 lib.
336 2820 446 2859 XXX
490 2817 754 2871 “euplocamo
787 2851 796 2860 .
819 2852 856 2860 ..
892 2819 1099 2872 capillo''.'
1162 2823 1312 2875 Agitur
1354 2824 1402 2863 de
1444 2824 1562 2864 rebus
1605 2827 1792 2876 pretiosis

248 2892 347 2930 quas
389 2892 533 2930 parare
576 2882 735 2930 oportet
772 2882 966 2920 'maritum
1010 2883 1217 2921 matronae
1260 2883 1326 2921 uel
1370 2885 1591 2925 amatorem
1632 2886 1794 2925 mulieri

249 2935 400 2993 (Plaut.
421 2939 580 2978 Trucul.
601 2941 655 2978 52
678 2952 785 2991 seqq.
805 2940 962 2979 Lucret.
982 2941 1040 2979 IV
1069 2943 1182 2980 1125
1204 2937 1351 2996 seqq.):
1377 2955 1520 2981 aurum
1544 2957 1650 2983 nunc
1675 2945 1794 2985 debet

250 2998 496 3051 grandesque
527 3011 669 3050 parare
701 3000 934 3052 zmaragdos
965 3001 1198 3051 euplocamo
1225 3002 1376 3054 digitis,
1408 3002 1793 3056 discerniculumque
1862 3033 1868 3038 -

250 3059 397 3110 capillo
431 3060 548 3110 quale
579 3059 823 3111 descriptum
849 3061 909 3107 est
939 3060 990 3100 ab
1016 3061 1061 3100 Ε.
1081 3060 1308 3101 Lovatellia
1330 3062 1491 3102 Mitteil.
1512 3063 1549 3103 d.
1569 3065 1674 3104 arch.
1693 3065 1792 3106 Inst.

321 3132 439 3159 Lucan
455 3133 521 3160 reu.
541 3132 588 3159 ed..
606 3132 717 3159 unx.
744 3133 787 3160 11.
1459 3133 1503 3165 21
