2060 3444
794 281 896 319 xxx
920 294 957 319 u.
979 284 1180 319 svs—980.
1685 279 1774 324 319

229 410 314 438 esse
346 399 516 449 apparet
546 398 589 436 in
619 396 773 447 plurali
802 397 1012 445 ficedulae:
1048 397 1192 435 Munro
1223 396 1409 436 lacunam
1445 397 1591 435 statuit
1627 397 1777 436 factam

229 471 314 498 esse
345 459 437 509 post
466 457 576 496 istud
607 456 773 496 uerbum
806 469 927 507 quam
959 457 1164 508 suppleuit
1194 456 1327 496 uerbis
1360 459 1395 495 et
1423 456 1613 507 undique,
1651 456 1777 496 Lach-

226 530 398 558 mannus
428 517 599 567 ficedula
629 518 767 568 posuit
798 517 1067 568 singulariter.
1125 515 1251 562 Quem
1281 518 1387 556 recte
1419 517 1560 556 fecisse
1587 516 1777 555 arbitror:

226 578 333 618 idem
358 590 433 618 usu
457 577 571 617 uenit
595 577 790 616 Varronis
811 577 836 616 1.
858 589 887 616 s.
908 589 950 625 s.‚
975 577 1082 616 idem
1107 576 1255 616 Lucilii
1279 576 1347 616 lib.
1368 576 1426 615 VI
1451 590 1488 615 u.
1517 577 1601 616 252
1625 574 1778 627 ‘pluma

226 641 348 690 atque
387 634 662 689 amphitapoe'
695 637 871 676 XXX·u.
899 638 984 676 995
1028 634 1139 676 ‘lana
1176 649 1275 688 opus
1313 649 1430 676 omne
1467 636 1591 687 perit,
1634 637 1777 687 pallor,

226 699 352 738 tiniae
386 699 522 738 omnia
554 694 741 737 caedunt'
781 699 921 737 incert.
947 711 984 736 u.
1013 697 1127 737 1315
1163 694 1265 736 ‘tum
1302 709 1440 748 spara,
1480 699 1568 736 tum
1608 697 1778 736 rumices

226 761 458 810 portantur,
508 758 673 811 tragula
721 755 870 809 porro',
919 757 1026 797 idem
1073 757 1180 809 apud
1224 756 1395 797 Graecos
1442 759 1581 808 poetas
1632 758 1778 797 aetatis

225 819 482 859 Lucilianae:
522 817 690 858 Nicand.
716 818 831 857 Ther.
860 818 945 858 405
979 816 1073 858 οὐδέ
1110 832 1169 866 τις
1207 813 1296 857 οὐδ’
1338 816 1482 865 οἰωνὸς
1519 815 1620 871 ὑπὲρ
1657 815 1779 857 νέκυν

227 879 332 932 ἴχνια
363 878 514 931 τείνας,
552 877 731 932 αἰγυπιοὶ
761 876 884 932 γῦπές
922 892 981 929 τε,
1018 877 1140 931 κόραξ
1177 873 1206 917 τ’
1247 875 1449 931 ὄμβρήρεα
1486 877 1648 930 κρώζων
1685 875 1779 918 οὐδὲ

228 936 300 991 μὲν
337 938 435 979 ὅσσα
460 953 499 979 τε
531 933 627 990 φῦλ’
663 936 895 990 ὀνομάζεται
920 935 1055 991 οὔρεσι
1079 941 1223 991 θηρῶν
1248 937 1459 978 δαίνυνται
1482 938 1669 989 Alexiph.
1694 939 1776 977 182

218 996 291 1039 7ὅτε
324 997 489 1053 ροιζηδὰ
521 996 719 1051 μέλισσαι,
749 996 999 1052 πεμφρηδὼν
1032 996 1183 1050 σφῆκές
1213 1013 1252 1038 τε
1277 996 1345 1037 καὶ
1370 996 1414 1037 ἐκ
1439 996 1623 1051 βέμβικες
1655 996 1779 1052 ὅρειαι

226 1062 393 1113 γλεῦκος
418 1059 504 1107 ἅλις
536 1059 744 1099 δαίνυνται
775 1054 1029 1114 (Schneideri
1054 1058 1211 1098 Gallim.
1237 1059 1257 1097 Ι
1281 1072 1320 1109 p.
1348 1053 1454 1112 374)
1488 1058 1588 1098 Cato
1621 1058 1669 1098 de
1695 1072 1778 1111 agr.

229 1120 323 1159 cult.
354 1121 451 1171 162,
479 1121 503 1159 3
545 1116 632 1159 ‘nec
669 1120 773 1158 tinia
809 1131 882 1158 nec
924 1131 1080 1159 uermes
1122 1116 1320 1171 tangent'.
1389 1118 1667 1170 Descripserat
1706 1119 1780 1158 hoc

227 1193 349 1220 uersu
386 1182 507 1231 poeta
543 1179 673 1220 uitam
710 1179 883 1219 similem
920 1184 991 1219 τοῦ
1029 1177 1094 1219 ἐπὶ
1129 1179 1294 1232 Κρόνου
1331 1178 1443 1231 βίου,
1485 1192 1563 1230 quo
1600 1180 1779 1230 tempore

230 1241 359 1280 fertur
389 1239 432 1280 τὸ
464 1237 550 1292 μέλι
580 1238 677 1280 αὐτὸ
709 1238 750 1288 ἐς
779 1237 827 1279 τὰ
858 1238 1030 1291 στόματα
1061 1237 1189 1293 ἐσρεῖν
1221 1238 1263 1279 ἐκ
1294 1244 1366 1279 τοῦ
1391 1238 1568 1292 οὐρανοῦ
1594 1234 1778 1293 (Lucian.

230 1301 363 1368 Fugit:
387 1295 474 1355 17),
498 1300 564 1339 uel
588 1302 737 1339 terram
762 1300 877 1339 illam
901 1300 972 1339 ubi
995 1301 1109 1350 porci
1134 1300 1238 1340 cocti
1257 1299 1468 1339 ambulant
1488 1294 1667 1373 (Petron.
1690 1295 1779 1398 453.

231 1360 318 1407 Qua
348 1361 391 1399 in
427 1374 471 1399 re
509 1362 669 1400 secutus
707 1362 769 1400 est
804 1361 953 1400 ueteris
992 1360 1219 1399 comoediae
1250 1360 1413 1400 Atticae
1450 1362 1591 1411 poetas
1631 1353 1688 1399 ὧν
1724 1374 1742 1399 ε
1761 1375 1781 1407 ς

229 1419 336 1461 ἐστιν
381 1419 402 1461 ὃ
440 1415 718 1468 Ἀττικώτατος
763 1420 1032 1474 Φερεκράτης,
1081 1417 1124 1468 ὃς
1169 1419 1212 1460 ἐν
1254 1423 1337 1468 τοῖς
1377 1419 1632 1460 Μεταλλεῦσί
1679 1431 1781 1471 φησι

230 1476 397 1536 (Athen.
423 1481 482 1519 VI
506 1495 545 1532 p.
574 1481 658 1520 268
686 1493 707 1519 e
733 1479 836 1520 GAF
861 1481 881 1519 I
906 1495 944 1532 p
974 1481 1072 1530 175,
1099 1481 1207 1520 22K
1249 1481 1299 1520 de
1341 1482 1431 1519 uita
1466 1480 1575 1531 apud
1610 1475 1779 1534 inferos)

263 1573 270 1580 .
293 1573 300 1580 .
326 1541 366 1580 τί
395 1541 494 1613 δῇτα
524 1539 658 1593 λέξεις,
689 1537 889 1580 τάπίλοιπ’
924 1535 1057 1613 ήνπερ’
1091 1540 1229 1597 πύθῃς
1268 1538 1385 1581 ὀπταὶ
1416 1540 1544 1593 κίχλαι
1574 1539 1649 1594 γὰρ
1681 1538 1780 1579 ἀνα-

231 1600 367 1654 βράσει
398 1596 433 1640 τ’
467 1599 685 1654 ἠρτυμέναι
715 1599 804 1654 περὶ
835 1599 877 1640 τὸ
910 1595 1014 1653 στόμ’
1049 1582 1223 1641 ἐπέτοντ’
1259 1599 1542 1653 ἀντιβολοῦσαι
1574 1603 1781 1640 καταπιεῖν

231 1659 310 1701 ὑπὸ
342 1661 570 1715 μυρρίναισι
600 1659 848 1713 κάνεμώναις
877 1658 1107 1714 κεχυμένοις
1133 1656 1361 1716 (κεχυμέναι
1386 1655 1543 1715 uulgo).
1593 1660 1674 1699 Vbi
1699 1674 1780 1700 me-

231 1723 440 1761 morantur
469 1721 579 1760 turdi
610 1722 692 1761 assi
722 1723 762 1760 et
793 1721 889 1760 elixi
913 1735 950 1760 u.
979 1722 1034 1760 23
1068 1721 1138 1771 qui
1170 1735 1232 1772 ap.
1258 1721 1404 1760 Athen.
1431 1721 1457 1759 1.
1484 1734 1513 1761 s.
1539 1722 1599 1760 ita
1630 1721 1781 1773 legitur

231 1781 273 1820 in
311 1780 384 1821 cod
409 1781 463 1820 A:
502 1778 618 1821 ὀπταὶ
655 1779 722 1820 καὶ
758 1781 886 1833 κίχλαι
922 1779 996 1834 γὰρ
1033 1780 1091 1829 εἰς
1128 1778 1366 1834 ἀναβρασεις
1406 1781 1645 1834 αναβρασεις
1684 1779 1780 1820 ἀνα-

231 1837 367 1895 βραστ’
402 1839 632 1895 ἠρτυμέναι,
663 1854 726 1892 ap.
752 1841 852 1881 Poll.
878 1841 936 1880 VI
964 1842 1020 1880 60
1052 1838 1168 1881 ὀπταὶ
1199 1841 1326 1894 κίχλαι
1358 1835 1396 1880 δ’
1430 1839 1495 1881 ἐπὶ
1526 1837 1651 1880 τοῖσδ’
1681 1839 1780 1881 ἀνά-

232 1896 369 1954 βραστ’
404 1899 638 1955 ἠρτυμέναι,
676 1901 794 1941 lectio
826 1901 995 1954 uulgata
1036 1898 1152 1941 ὀπταὶ
1188 1900 1317 1954 κίχλαι
1352 1899 1428 1955 γὰρ
1467 1900 1522 1949 εἰς
1561 1896 1779 1953 ἀνάβραστ’

232 1959 448 2015 ἠρτυμέναι
479 1961 647 2001 debetur
677 1961 894 2001 Meinekio:
927 1962 975 2013 de
1006 1959 1243 2014 ἀναβράζειν
1274 1961 1408 2014 κίχλας
1440 1961 1548 2011 quod
1579 1961 1690 2000 aliud
1721 1963 1783 2000 est

233 2023 354 2073 atque
381 2018 506 2061 ὀπτᾶν
531 2022 627 2061 conf
646 2023 885 2072 interpretes
912 2021 963 2061 ad
986 2021 1193 2072 Aristoph.
1213 2021 1386 2062 Acharn.
1411 2022 1524 2061 1005
1552 2022 1642 2061 Pac.
1666 2023 1779 2060 1197

233 2082 333 2121 Bau.
362 2082 459 2121 510.
521 2081 650 2134 κίχλαι
687 2095 842 2133 semper
879 2082 961 2122 fere
998 2082 1040 2120 in
1077 2082 1274 2121 eiusmodi
1316 2081 1465 2121 fabulis
1510 2084 1783 2121 memorantur

233 2142 341 2193 apud
371 2141 531 2182 Atticos
571 2142 701 2181 ueluti
734 2141 841 2181 idem
878 2141 1136 2182 Pherecrates
1167 2142 1299 2194 Persis
1340 2141 1441 2181 GAF
1467 2141 1487 2180 I
1512 2156 1550 2193 p.
1580 2143 1678 2191 182,
1706 2141 1782 2181 91<

233 2201 280 2241 τὰ
311 2199 354 2241 δὲ
386 2200 436 2254 δὴ
469 2199 614 2255 δένδρη
646 2200 719 2241 τάν
749 2205 832 2250 τοῖς
864 2200 996 2255 ὄρεσιν
1032 2202 1192 2255 χορδαῖς
1230 2199 1370 2250 ὀπταῖς
1406 2200 1596 2255 ἐριφείοις
1635 2204 1783 2253 φυλλο-

234 2261 368 2314 ροήσει
397 2260 465 2301 καὶ
496 2261 715 2310 τευθιδίοις
743 2259 929 2302 ἁπαλοῖσι
953 2262 1104 2314 κίχλαις
1128 2257 1161 2301 τ’
1190 2260 1526 2315 ἀναβράστοις-
1541 2261 1783 2301 Telecleides

234 2322 585 2372 Amphictionibus
609 2322 636 2360 1.
664 2335 692 2361 s.
720 2334 748 2361 s.
774 2336 813 2372 p.
842 2323 941 2372 209,
970 2324 1022 2361 12
1057 2319 1172 2362 ὀπταὶ
1204 2319 1246 2361 δὲ
1278 2321 1406 2374 κίχλαι
1438 2317 1518 2373 μετ’
1553 2320 1783 2374 ἀμητίσκων

234 2381 291 2429 εἰς
330 2380 401 2421 τὸν
438 2376 588 2434 φάρυγ’
629 2379 882 2422 εἰσεπέτοντο.
945 2379 1163 2435 ἠρτυμέναι
1201 2382 1309 2432 quod
1345 2382 1496 2433 legitur
1538 2395 1601 2433 ap.
1640 2382 1783 2421 Phere-

235 2443 384 2481 cratem
421 2441 528 2481 idem
566 2443 626 2481 est
663 2442 771 2493 quod
809 2443 937 2482 cwrati
973 2455 1036 2493 ap.
1074 2441 1294 2481 Lucilium:
1338 2455 1410 2493 pro
1455 2444 1603 2481 curatis
1640 2442 1783 2492 scripsi

236 2503 364 2541 curati
400 2513 463 2541 os:
499 2503 592 2541 cocti
631 2501 900 2542 Stowasserus
933 2502 1045 2541 stud.
1072 2502 1242 2541 Vindob.
1269 2502 1305 2540 V
1335 2502 1448 2541 1883
1478 2516 1518 2552 p.
1547 2503 1643 2540 256.
1706 2503 1782 2541 De-

236 2562 441 2612 scripsisse
477 2562 603 2614 igitur
639 2561 819 2602 Lucilius
856 2562 1018 2602 uidetur
1053 2575 1134 2602 non
1171 2563 1300 2601 uitam
1339 2561 1512 2601 Saturno
1550 2575 1642 2614 rege
1680 2575 1783 2612 quae

236 2622 360 2661 fuerit
390 2621 476 2671 sed,
515 2621 635 2661 sicuti
666 2622 713 2661 fit
744 2622 852 2673 apud
882 2622 1181 2672 Pherecratem,
1218 2623 1359 2662 narrat
1389 2621 1570 2662 fabulam
1611 2622 1659 2660 de
1697 2622 1784 2661 uita

236 2682 356 2721 beata
386 2683 645 2721 mortuorum.

359 2737 471 2782 980.
503 2742 657 2781 Nonius
682 2755 721 2792 p.
748 2743 848 2791 341,
875 2742 900 2781 5
935 2739 1120 2782 ‘Lassum
1150 2742 1299 2781 dicitur
1326 2742 1555 2793 fatigatum.
1604 2742 1784 2782 Lucilius

238 2800 307 2839 lib.
334 2801 444 2839 XXX
476 2797 664 2840 “leonem
695 2803 905 2852 aegrotum
936 2815 983 2842 ac
1012 2799 1223 2842 lassum''.'
1276 2801 1466 2852 Sequitur
1490 2801 1668 2841 Lucilius
1694 2815 1783 2841 eam

239 2861 410 2900 formam
448 2860 629 2912 apologi‚
667 2873 788 2910 quam
825 2861 985 2900 exhibet
1015 2861 1259 2901 Themistius
1291 2874 1346 2900 or.
1373 2861 1474 2900 XIII
1497 2875 1535 2911 p.
1564 2863 1649 2900 214
1663 2861 1783 2900 Dind.

240 2918 371 2973 ὥσπερ
408 2918 478 2959 τὸν
514 2918 672 2971 λέοντα,
716 2916 764 2959 ὃν
800 2918 986 2972 ἐποίησεν
1023 2919 1233 2972 Αἴσωπος,
1272 2918 1608 2974 ἀρρωστοῦντα
1649 2919 1692 2960 ἐν
1735 2924 1787 2976 τῷ

244 2979 424 3035 σπηλαίῳ
455 2976 481 3030 ἡ
513 2977 640 3032 κερδὼ
665 2977 864 3032 ἐρεσχελεῖ,
895 2979 1099 3020 εἰσιόντων
1129 2978 1176 3019 τὰ
1202 2979 1315 3032 ἰ’σχνη
1342 2979 1529 3019 δεικνῦσα
1553 2985 1633 3019 τῶν
1659 2977 1784 3035 ζῴων,

241 3037 428 3088 ἐξιόντων
459 3036 502 3078 δὲ
533 3036 594 3079 οὔ.
644 3039 722 3086 Qui
751 3039 795 3078 in
826 3040 1123 3091 comparatione
1148 3040 1355 3079 Platonem
1383 3040 1564 3091 sequitur
1587 3040 1783 3080 Alcibiad.
