2060 3444
727 297 1017 334 XXVI-XXIX
1042 310 1077 334 u.
1106 301 1306 334 ceo—963.
1708 298 1797 341 313

244 410 366 450 bilius
399 423 521 461 quam
553 411 740 450 senarios.
805 410 995 452 Sermone
1026 413 1221 452 castrensi
1252 414 1382 452 utitur
1412 414 1532 464 poeta
1565 413 1696 463 qualis
1737 414 1798 453 est

236 471 402 520 prodire
437 472 482 510 in
519 471 660 517 altmn,
696 472 892 520 proeliari
926 473 999 511 sub
1042 474 1161 512 uitem
1197 475 1349 522 procul.
1418 473 1562 513 Procul
1606 474 1797 524 proeliari

243 531 462 582 posteriore
494 533 626 571 aetate
659 529 720 571 est
751 534 904 572 emmas
927 545 1112 582 puynare
1144 527 1275 586 (Caes.
1301 533 1338 573 b.
1364 546 1396 573 c.
1423 533 1443 572 I
1471 535 1540 583 26,
1569 528 1625 588 1).
1648 554 1702 560 ——
1723 534 1796 573 sub

242 591 362 630 uitem
393 592 624 642 scripsimus
657 592 874 632 secundum
906 593 1098 632 lemmata
1128 593 1246 632 Pauli
1280 596 1319 633 et
1344 594 1454 634 Festi
1486 595 1527 632 et
1556 593 1659 632 illud
1687 594 1796 644 quod

244 651 445 691 antecedit
486 653 559 692 sub
602 654 722 692 uitem
762 653 898 693 hastas
935 655 1062 694 iacere
1106 656 1146 693 et
1191 653 1297 704 quod
1341 656 1524 705 sequitur
1561 653 1679 693 Pauli
1721 655 1794 693 sub

243 713 403 752 niueam
427 713 563 752 iacere.
614 712 764 752 Milites
789 727 861 764 per
884 715 1017 754 iocum
1042 715 1202 754 uincam
1221 715 1482 766 appellabant
1500 716 1630 760 uitem,
1657 716 1796 754 contra

242 772 369 812 uitem
399 772 643 813 centurionis
674 775 855 813 uincam:
886 775 982 814 conf
1008 774 1113 814 Fest.
1141 776 1181 814 et
1206 775 1318 814 Paul.
1344 775 1370 813 1.
1398 788 1427 814 s.
1455 787 1484 814 s.
1519 772 1608 813 ‘sub
1634 776 1795 814 uincam

241 833 371 872 iacere
391 832 582 872 dicuntur
599 834 749 874 milites
769 847 860 873 cum
879 835 1106 874 astantibus
1125 835 1426 875 centurionibus
1444 836 1577 875 iacere
1596 837 1797 888 coguntur

242 890 388 933 sudes'.
439 893 545 933 Oonf
566 893 618 932 ad
641 895 781 934 incert.
808 909 845 934 u.
875 896 1002 935 1349.

363 948 476 994 961.
508 953 738 994 Priscianus
766 954 832 994 GL
858 955 901 994 H
925 970 962 1006 p.
992 957 1090 1005 338,
1118 956 1194 995 2Κ
1227 953 1420 995 ‘Naeuius
1452 956 1691 996 neutraliter
1720 956 1796 995 hoc

244 1012 424 1053 Samnite
455 1014 627 1064 protulit
656 1016 700 1053 in
731 1017 906 1055 carmine
937 1016 1035 1055 belli
1066 1016 1217 1055 Punici.
1269 1016 1320 1055 ad
1349 1017 1461 1056 cuius
1487 1016 1796 1056 similitudinem

243 1073 362 1113 debet
405 1070 511 1114 “hoc
555 1071 671 1114 dite''
716 1075 806 1115 dici.
842 1107 848 1115 .
877 1107 884 1115 .
914 1108 920 1115 .
952 1076 1132 1116 Lucilius
1173 1079 1310 1116 tamen
1362 1073 1610 1129 τεὠμοττριβὲς
1662 1077 1795 1116 oleum

245 1131 442 1173 Casinas'’
475 1147 548 1185 pro
581 1133 797 1175 Casinate'.
850 1135 991 1175 Oleum
1023 1138 1112 1188 agri
1145 1136 1345 1177 Casinatis
1377 1138 1423 1176 ut
1455 1138 1654 1188 optimum
1690 1140 1795 1177 cem-

243 1194 450 1234 mendauit
476 1195 605 1235 Varro
636 1190 710 1235 rer.
737 1197 844 1235 hum.
871 1197 928 1235 XI
948 1210 1010 1248 ap.
1030 1197 1203 1237 Macrob.
1225 1197 1387 1236 Saturn.
1406 1197 1469 1236 ΠΙ
1492 1198 1565 1247 16,
1588 1199 1642 1236 12
1678 1210 1796 1248 quem

242 1255 374 1294 locum
405 1256 546 1295 attulit
577 1256 723 1296 Dousa.
788 1253 907 1296 ‘Flos
938 1255 1024 1297 olei'
1059 1258 1164 1308 quod
1198 1258 1427 1308 appellatur
1458 1258 1500 1296 in
1532 1257 1663 1297 edicto
1695 1257 1793 1297 Dio-

242 1315 407 1354 cletiani
431 1315 494 1354 IH
522 1318 542 1355 1
579 1316 711 1356 oleum
743 1316 940 1368 optimum
972 1320 1012 1357 et
1042 1318 1379 1368 pretiosissimum
1409 1318 1567 1368 Latine,
1600 1317 1706 1356 idem
1736 1318 1796 1357 ibi

157 1404 160 1406 ,
242 1374 391 1416 Graece
423 1378 483 1416 est
513 1374 647 1416 ἔλαιον
679 1373 925 1429 ὀμφάκινονι
959 1379 1065 1429 quod
1097 1392 1145 1417 ex
1177 1379 1265 1418 olea
1298 1379 1427 1418 adhuc
1465 1379 1671 1418 inmatura
1708 1378 1796 1417 fieri

242 1435 359 1476 docet
382 1436 538 1476 Plinius
565 1438 646 1476 nat.
672 1437 764 1477 hist.
790 1438 870 1477 ΧΠ
891 1439 977 1478 130
1003 1438 1078 1477 XV
1100 1442 1137 1479 9.
1181 1439 1294 1478 Idem
1319 1439 1451 1478 oleum
1473 1438 1623 1479 Graece
1648 1438 1796 1478 dicitur

242 1493 457 1549 ὠμοτριβές
485 1493 765 1551 (Bluemnerus
792 1498 845 1537 ad
869 1498 929 1538 ed.
956 1499 1085 1538 Diocl.
1110 1514 1148 1550 p.
1179 1501 1245 1539 71.
1276 1494 1349 1553 72)
1378 1499 1485 1553 quod
1511 1501 1797 1538 commemorat

243 1556 541 1607 Theophrastus
580 1558 724 1609 fragm.
749 1558 807 1597 IV
836 1559 889 1598 15
934 1557 1019 1598 ἐπεὶ
1062 1558 1129 1598 καὶ
1170 1562 1222 1614 τῷ
1249 1557 1293 1599 ἐκ
1330 1564 1410 1598 τῶν
1447 1558 1590 1598 ἐλαιῶν
1629 1558 1796 1611 μάλιστα

242 1621 411 1669 χρῶνται
441 1620 494 1672 τῷ
522 1615 738 1671 ὠμοτριβεῖ
762 1624 833 1671 τῆς
865 1619 1049 1670 φαυλίας.
1106 1619 1336 1670 Septenarii
1365 1621 1524 1670 partem
1556 1632 1641 1659 esse
1672 1620 1797 1659 uerba

243 1678 335 1716 ante
367 1689 572 1716 caesuram
603 1678 737 1728 posita
768 1680 919 1719 euincit
953 1678 1123 1731 Casinas
1162 1679 1406 1719 adiectiuum
1445 1679 1492 1718 de
1535 1680 1647 1719 cuius
1685 1693 1794 1719 men-

242 1749 336 1776 sura
367 1739 525 1777 constat
557 1737 648 1776 Silii
684 1738 866 1778 uersibus
896 1739 955 1777 IV
983 1741 1065 1779 227
1099 1740 1178 1779 ΧΠ
1205 1740 1309 1779 527:
1341 1737 1565 1792 ὠμοτριβής
1599 1741 1643 1779 in
1674 1753 1793 1780 uersu

242 1797 406 1848 ponitur
435 1799 482 1836 ut
513 1797 740 1851 οἰκοτριβὴς
772 1812 833 1850 ap.
860 1800 1004 1839 Athen.
1031 1800 1068 1838 X
1093 1814 1131 1850 p.
1160 1801 1244 1839 432
1261 1800 1305 1839 F.

363 1853 475 1897 962.
514 1858 696 1898 Donatus
741 1859 791 1898 ad
830 1859 1009 1899 Terentii
1048 1859 1253 1911 Adelphos
1278 1859 1340 1899 111
1370 1862 1405 1910 1,
1434 1861 1458 1898 8
1500 1857 1548 1899 ‘E
1594 1873 1637 1899 re
1680 1863 1789 1900 nata.

243 1917 309 1956 Sic
340 1919 500 1968 proprie
532 1918 700 1958 dicimus
733 1919 780 1958 de
811 1920 874 1958 his
907 1932 1009 1970 quae
1041 1922 1181 1960 contra
1218 1920 1470 1960 uoluntatem
1508 1922 1688 1960 nostram
1726 1933 1790 1960 ac-

243 1977 435 2028 ciderunt,
467 1979 513 2017 ut
544 1992 648 2018 nunc
679 1980 824 2018 uitium
856 1981 1039 2032 uirginis.
1103 1994 1196 2033 ergo
1229 1994 1250 2020 6
1280 1995 1323 2019 re
1355 1982 1464 2031 nata,
1497 1994 1543 2019 ex
1575 1982 1677 2020 uitio
1709 1981 1789 2020 uir-

242 2038 358 2089 ginis.
422 2039 478 2078 sic
515 2038 693 2078 Lucilius
734 2036 864 2090 “puer
894 2040 959 2080 hic
998 2053 1018 2080 6
1055 2054 1098 2080 re
1135 2043 1233 2080 nata
1278 2036 1384 2095 (here
1427 2043 1525 2080 nata
1566 2037 1792 2095 Leidensis)

241 2099 298 2137 sic
341 2100 424 2138 eius
461 2099 567 2139 dedit
600 2100 709 2138 haud
746 2101 877 2139 malus
915 2097 1014 2140 ὥθ’.
1083 2102 1138 2140 Et
1176 2103 1233 2141 sic
1276 2101 1421 2140 maluit
1465 2098 1610 2141 dicere'
1639 2115 1671 2141 e.
1697 2115 1733 2152 q.
1762 2115 1794 2141 s.

241 2158 408 2197 Numeri
438 2159 628 2198 uidentur
659 2173 744 2199 esse
775 2161 987 2211 trochaici,
1026 2163 1243 2212 septenarii
1281 2174 1486 2201 caesuram
1524 2161 1611 2201 fieri
1648 2159 1742 2213 post
1774 2175 1793 2202 e

241 2230 284 2258 re
313 2221 411 2258 nata
443 2220 633 2267 conicias,
670 2221 779 2259 haud
809 2222 940 2260 malus
971 2223 1014 2260 in
1046 2223 1156 2261 exitu
1192 2234 1331 2261 uersus
1369 2221 1547 2272 positum
1583 2222 1708 2262 fuisse
1746 2224 1793 2261 ut

242 2278 375 2317 Plaut.
401 2279 502 2317 Rud.
532 2280 585 2318 35
614 2275 740 2334 (haud
764 2281 915 2320 malam
943 2283 1040 2330 3373
1073 2282 1230 2321 Terent.
1257 2281 1428 2333 Adelph.
1457 2283 1541 2322 479
1572 2279 1653 2321 ‘hic
1680 2282 1794 2331 Geta,

243 2341 463 2388 praeterea,
494 2340 541 2378 ut
569 2341 709 2390 captus
736 2342 798 2380 est
823 2353 1039 2390 seruorum,
1071 2354 1149 2381 non
1176 2342 1306 2381 malus
1331 2355 1460 2392 neque
1485 2339 1621 2381 iners':
1651 2351 1814 2393 nempe·

246 2398 289 2436 in
321 2399 462 2437 seruili
492 2411 662 2449 persona
687 2399 945 2440 describenda
971 2401 1175 2441 sollemnis
1202 2401 1363 2440 uidetur
1386 2403 1510 2441 fuisse
1535 2402 1630 2442 talis
1656 2403 1792 2442 litotes

245 2458 374 2497 ueluti
404 2458 474 2497 lib.
498 2459 616 2498 XXII
640 2473 677 2498 u.
706 2461 791 2499 579
827 2458 979 2500 ‘seruus
1011 2475 1138 2512 neque
1169 2461 1315 2501 infidus
1348 2462 1509 2501 domino
1540 2475 1668 2512 neque
1705 2462 1793 2501 inu-

245 2514 346 2557 tilis’
386 2518 437 2557 ad
468 2518 640 2558 Herenn.
666 2519 726 2558 IV
752 2521 821 2570 51,
849 2522 904 2560 64
920 2523 1015 2560 extr.
1057 2519 1253 2561 ‘seruulus
1290 2534 1368 2560 non
1407 2516 1677 2576 inurbanus').
1740 2525 1796 2562 est

243 2579 408 2629 propter
439 2591 606 2629 sequens
638 2583 672 2619 et
702 2581 806 2620 male
835 2583 1053 2632 repetitum
1086 2595 1110 2621 a
1140 2582 1318 2621 librario.
1345 2603 1404 2608 ——
1430 2594 1449 2620 e
1479 2594 1523 2622 re
1552 2585 1651 2622 nata
1680 2582 1791 2632 Apu-

244 2638 346 2678 leius
386 2641 546 2679 metam.
573 2639 632 2678 IV
660 2641 714 2679 14
734 2641 836 2680 med.
868 2641 906 2678 V
933 2643 957 2681 8
979 2642 1080 2681 med.
1119 2663 1177 2668 —
1214 2643 1271 2682 sic
1314 2643 1436 2692 dedit,
1480 2643 1537 2681 sic
1581 2642 1701 2692 dixit,
1747 2644 1793 2681 ut

243 2697 313 2736 lib.
339 2698 513 2738 XXVm
536 2713 574 2738 u.
605 2700 687 2739 758
720 2701 831 2739 XXX
856 2715 895 2740 u.
925 2703 1051 2741 1036.
1077 2724 1136 2729 -«
1163 2704 1246 2742 eius
1277 2702 1511 2741 iambicum:
1546 2703 1643 2742 conf
1669 2702 1792 2742 inter-

244 2759 375 2808 pretes
415 2758 467 2797 ad
510 2759 667 2798 Terent.
687 2760 846 2799 Phorm.
871 2763 966 2800 113.
990 2763 1074 2801 185
1113 2762 1309 2802 Luchsius
1353 2761 1618 2802 Studemundi
1649 2762 1752 2801 stud.
1772 2763 1793 2801 Ι
1840 2780 1845 2784 ·

246 2830 285 2867 p.
314 2818 398 2856 346
432 2818 626 2858 Dziatzko
659 2819 709 2859 ad
740 2819 887 2860 Heaut.
916 2822 1014 2860 551.
1069 2823 1131 2861 hic
1162 2822 1407 2861 aduerbium.

365 2872 478 2918 963.
515 2878 656 2918 Festus
694 2881 859 2929 p..273,
887 2882 911 2919 9
952 2877 1233 2933 ‘Redarguisse
1271 2894 1342 2931 per
1379 2894 1399 2919 6
1437 2881 1615 2920 litteram
1655 2880 1791 2932 Scipio

244 2935 458 2976 Africanus
483 2937 601 2977 Pauli
631 2938 737 2977 filius
769 2939 917 2978 dicitur
948 2941 1192 2990 enuntiasse3
1225 2942 1271 2979 ut
1301 2940 1406 2979 idem
1434 2942 1557 2979 etiam
1582 2941 1790 2991 pertisum.

245 2997 358 3036 cuius
390 2994 441 3034 ᾗ.
480 2991 692 3051 (meminit)
729 2998 926 3048 Lucilius,
972 3012 1062 3038 cum
1100 3001 1160 3039 ait
1198 2996 1309 3050 “quo
1347 3001 1514 3039 facetior
1552 3000 1714 3040 uideare
1734 3003 1793 3040 -et

245 3056 346 3095 scire
377 3055 467 3106 plus
503 3070 623 3107 quam
661 3059 784 3114 ceteri
820 3060 1014 3109 pertisum
1050 3060 1242 3099 hominem
1278 3073 1358 3099 non
1395 3062 1623 3112 pertaesum
1661 3061 1793 3100 dicere
