2060 3444
928 272 975 307 IX
1004 285 1038 308 u.
1069 276 1149 308 362.
1734 272 1816 315 135

265 389 409 441 reliqu.
430 388 489 428 ed.
509 388 552 427 F.
573 387 713 427 Dousa
732 387 800 426 lib.
820 387 877 426 IX
897 388 1038 440 fragm.
1062 389 1085 426 7
1109 383 1329 427 ‘Charisius
1348 386 1416 426 lib.
1435 386 1467 426 Ι.
1511 386 1663 427 Lucius
1682 385 1815 427 Aemi-

265 451 344 491 lius
368 452 404 490 et
426 452 579 490 caetera
603 448 778 498 nomina,
811 461 912 498 quae
945 449 1037 487 ante
1066 447 1103 485 V
1134 447 1284 487 habent
1308 447 1340 498 Ι,
1372 446 1522 498 duplici
1548 447 1590 487 II
1614 448 1815 499 genitiuos

265 510 488 563 singulares
530 509 644 548 finire
688 508 851 558 debent,
895 511 939 547 nt
975 520 1132 548 necesse
1171 508 1225 547 sit
1261 507 1454 547 aduersus
1494 507 1814 547 obseruationem

264 569 514 610 nominatiuo
557 580 638 608 non
680 570 873 608 minorem
917 568 1002 607 fieri
1040 567 1281 620 genifiuum,
1325 566 1446 618 idque
1484 567 1613 606 Varro
1651 567 1814 608 tradens

264 630 428 681 adiecit,
487 630 733 680 Vocatium*
773 629 1017 682 singularem
1072 639 1226 678 quoque
1281 627 1426 667 talium
1482 628 1688 667 nominum
1743 641 1815 679 per

264 691 412 742 duplex
435 690 478 730 Π
515 689 636 730 scribi
668 689 827 739 debere,
866 689 935 729 sed
957 691 1123 739 propter
1153 689 1415 739 differentiam
1453 699 1616 727 casuum
1655 690 1813 739 corripi.

262 751 446 791 Lucilius
476 752 612 791 tamen
644 751 684 789 et
716 763 787 800 per
816 761 940 789 unum
965 749 987 788 I
1016 750 1059 788 in
1091 748 1272 801 genitiuo
1302 747 1423 788 scribi
1447 760 1565 798 posse
1591 749 1813 800 existimatr,

263 811 323 851 ait
347 811 471 851 enim:
503 832 561 838 —
594 810 780 850 seruandi
805 809 962 849 numeri
987 811 1022 849 et
1044 820 1188 848 uersus
1212 808 1386 857 faciendi
1410 820 1483 848 nos
1511 807 1620 848 Caeli
1644 809 1814 848 Nwmeri

261 884 471 911 numerum
504 873 550 911 ut
581 867 777 910 seruemu’
811 870 1062 920 modwmque.
1118 869 1336 920 Nunquam
1363 868 1468 908 enim
1494 868 1568 908 hoc
1595 869 1812 919 intulisset,

262 934 342 972 nisi
367 933 408 972 et
435 931 561 972 Caelii
590 934 625 971 et
647 931 831 970 Numerii
854 943 926 980 per
949 930 992 969 H
1015 930 1133 969 huius
1158 929 1344 968 Numerii
1369 929 1597 969 faciendum
1623 929 1811 969 crederet.

262 992 444 1043 Denique
475 994 516 1031 et
546 992 588 1030 in
618 991 722 1031 libro
750 1002 770 1026 *
798 991 942 1041 quarto
974 990 1032 1030 sic
1063 991 1139 1036 ait:
1171 1011 1229 1016 —
1260 1001 1381 1041 porro
1411 989 1487 1028 hoc
1517 991 1553 1029 si
1580 986 1685 1038 filiu'
1711 990 1812 1029 Luci

262 1053 357 1092 ferit
381 1052 530 1092 collum
556 1053 603 1092 ut
629 1050 799 1101 Corneli,
825 1047 1118 1101 Cornificique'.
1176 1049 1230 1090 Et
1254 1051 1297 1089 in
1329 1049 1614 1089 commentario
1648 1050 1699 1090 ad
1724 1050 1762 1089 h.
1784 1051 1810 1090 l.

261 1113 367 1154 idem
405 1112 560 1153 Dousa:
599 1109 678 1151 ‘Ita
715 1112 888 1163 optimos
925 1111 998 1150 hos
1035 1123 1174 1151 uersus
1213 1123 1260 1150 ex
1297 1111 1427 1150 ueteri
1464 1109 1598 1150 codice
1638 1109 1810 1151 Charisii

261 1174 366 1213 eruit
390 1170 524 1213 Pater’
551 1173 782 1225 relegatque
807 1172 996 1211 lectorem
1026 1171 1077 1210 ad
1104 1170 1291 1211 Caesellii
1315 1170 1438 1211 uerba¹
1458 1169 1532 1210 GL
1552 1170 1633 1209 VH
1651 1184 1690 1222 p.
1713 1172 1812 1221 206,

263 1234 317 1273 23
332 1234 379 1272 Κ.
456 1232 731 1273 Coloniensem
779 1232 885 1271 hunc
937 1231 1114 1271 codicem
1157 1232 1281 1272 fuisse
1326 1231 1442 1271 docet
1483 1230 1639 1270 Keilius
1685 1230 1758 1271 GL
1790 1231 1811 1271 I

259 1307 298 1345 p.
317 1292 702 1333 XXIV—XXVIII:
734 1293 873 1333 Dousa
904 1304 1006 1343 quae
1039 1291 1146 1332 solus
1179 1305 1226 1331 ex
1256 1293 1336 1332 isto
1374 1291 1510 1331 codice
1540 1291 1729 1342 tradidit,
1762 1303 1810 1331 ea

259 1353 463 1394 inclinatis
494 1353 674 1393 indicaui
703 1352 871 1403 litteris;
903 1352 946 1392 in
977 1352 1199 1392 exhibenda
1239 1352 1499 1392 adnotatione
1530 1348 1708 1403 Dousae‚
1740 1351 1810 1391 ubi

259 1414 301 1452 in
332 1414 512 1454 uersibus
543 1413 693 1453 Lucilii
722 1413 859 1465 posuit
890 1415 956 1459 etc,
987 1426 1008 1453 e
1040 1414 1228 1452 contextu
1258 1414 1348 1464 ipso
1378 1413 1521 1463 poetae
1551 1413 1660 1452 iusta
1684 1412 1810 1452 uerba

258 1474 406 1514 Lucilii
437 1474 632 1526 suppleui.
690 1473 845 1513 Codicis
876 1473 1137 1524 Neapolitani
1161 1473 1200 1512 N
1232 1467 1431 1524 scriptura
1462 1485 1510 1512 ex
1534 1474 1650 1524 parte
1676 1468 1810 1512 deleta

258 1535 448 1575 restituta
479 1534 654 1574 editione
672 1534 943 1585 Neapolitana
968 1548 999 1573 ω
1025 1535 1067 1573 et
1086 1533 1207 1572 Keilii
1233 1533 1466 1585 apographo
1493 1531 1566 1572 GL
1592 1532 1613 1571 I
1635 1545 1675 1583 p.
1699 1534 1766 1584 78,
1782 1533 1806 1572 5

261 1589 437 1648 (litteras
475 1607 574 1646 quas
613 1594 736 1634 editio
772 1594 1043 1645 Neapolitana
1080 1595 1187 1633 recte
1226 1594 1405 1633 seruauit
1440 1593 1646 1633 inclinatis
1684 1593 1808 1645 signi-

258 1653 466 1694 ficauimus
503 1649 688 1708 litteris):
728 1651 754 1693 ‘.
775 1685 783 1693 .
805 1685 813 1693 .
839 1655 1004 1693 nomina
1036 1666 1137 1704 quae
1170 1655 1262 1693 ante
1293 1667 1323 1692 u
1353 1649 1503 1692 habent
1532 1654 1549 1692 i
1585 1652 1738 1704 duplici
1776 1654 1807 1692 ii

259 1714 445 1766 genetiuo
476 1715 674 1765 singulari
705 1714 813 1754 finiri
843 1713 988 1754 debent
1012 1726 1171 1754 necesse
1202 1714 1256 1753 sit
1281 1713 1471 1753 aduersus
1497 1713 1808 1754 obseruationem

257 1776 462 1814 nominum
486 1775 736 1814 nominatiuo
761 1774 953 1814 minorem
971 1774 1059 1814 fieri
1077 1774 1325 1826 genetiuum:
1350 1773 1472 1824 idque
1494 1773 1624 1814 Varro
1643 1773 1806 1815 tradens

259 1835 385 1875 adicit
518 1847 591 1884 quc
634 1829 756 1888 (quae
801 1834 860 1874 ed.
886 1828 964 1888 pr.)
1010 1835 1255 1886 singularem
1297 1834 1443 1873 talium
1484 1834 1693 1874 nominum
1734 1847 1808 1885 per

258 1895 403 1947 duplex
427 1895 442 1934 i
467 1895 586 1935 scribi
612 1894 754 1935 debere
779 1925 788 1934 .
810 1925 818 1933 .
840 1925 848 1934 .
875 1907 1036 1935 casuum
1064 1895 1266 1946 corrumpi
1297 1895 1346 1934 .i.
1373 1925 1382 1934 .
1405 1925 1411 1932 .
1433 1925 1441 1933 .
1468 1896 1599 1934 tamen
1623 1897 1660 1935 et
1680 1906 1759 1944 per
1790 1896 1808 1935 i

258 1955 488 2008 genetiuum
525 1955 647 1995 scribi
695 1967 813 2007 posse
856 1956 1077 1995 existimat:
1128 1955 1188 1994 ait
1230 1956 1337 1994 enim
1383 1951 1603 1995 “seruandi
1650 1956 1807 1995 numeri

258 2029 466 2055 numerum
495 2017 543 2055 ut
573 2028 776 2055 seruemus
803 2046 811 2055 .
833 2045 871 2055 ..
897 2012 1014 2064 quc''.
1075 2015 1309 2066 Numquam
1341 2016 1447 2055 enim
1477 2015 1552 2055 hoc
1588 2015 1804 2066 intulisset,

257 2077 336 2116 nisi
372 2078 413 2116 et
450 2089 658 2115 numerum
693 2088 766 2128 per
801 2077 817 2115 i
856 2076 974 2115 huius
1003 2106 1011 2114 .
1032 2105 1041 2114 .
1062 2106 1070 2114 .
1095 2075 1329 2126 faciendum
1371 2076 1558 2115 crederet.
1621 2075 1805 2126 Denique

257 2137 299 2176 et
327 2137 371 2175 in
401 2136 505 2176 libro
534 2133 618 2175 ΠΠ
649 2137 706 2176 sic
732 2136 783 2175 ad
809 2149 927 2187 porro
952 2136 1028 2175 hoc
1056 2167 1062 2174 .
1085 2167 1092 2174 .
1114 2167 1122 2174 .
1148 2137 1220 2175 uui
1249 2130 1476 2190 (mertum)
1502 2136 1643 2175 fecerit
1673 2137 1803 2175 colum

256 2198 303 2236 ut
322 2195 497 2236 Cornelii
521 2195 801 2247 Cornificiique
827 2198 868 2236 et
892 2196 1013 2248 paulo
1039 2193 1145 2247 post’
1174 2191 1367 2251 (δεραίων
1390 2208 1431 2235 n.
1451 2190 1571 2250 366).
1625 2196 1718 2236 Non
1743 2199 1805 2236 est

257 2256 363 2307 quod
389 2256 437 2296 de
462 2256 493 2295 I.
513 2255 673 2296 Dousae
698 2256 775 2296 fide
800 2256 1026 2296 dubitemus
1054 2257 1124 2307 qui
1150 2255 1378 2296 Coloniensi
1402 2255 1506 2295 libro
1535 2268 1631 2295 usus
1656 2255 1804 2307 Lucilii

256 2328 395 2356 uersus
425 2318 465 2356 et
491 2315 664 2356 Charisii
688 2317 811 2356 uerba
835 2317 978 2357 melius
1004 2317 1228 2356 seruauerit
1252 2329 1373 2368 quam
1399 2316 1473 2356 cod
1496 2316 1801 2367 Neapolitanus.

257 2376 415 2415 Etenim
449 2377 728 2428 supplementa
757 2374 939 2429 <Lucius
963 2375 1158 2416 Aemilius
1190 2379 1225 2416 et
1254 2374 1407 2429 cetera>
1433 2378 1597 2415 nomina
1627 2378 1802 2428 genuina

257 2448 341 2476 esse
371 2437 543 2476 testatur
567 2431 699 2477 Bedae
724 2437 834 2477 locus
860 2449 890 2477 s.
911 2450 939 2476 s.
967 2450 1086 2488 quem
1116 2437 1159 2476 in
1185 2436 1358 2477 editione
1382 2435 1530 2475 Lucilii
1555 2449 1636 2475 non
1661 2437 1802 2476 attulit

257 2495 405 2547 Dousa,
429 2497 552 2536 uerba
578 2494 874 2550 ‘<uocatiuum>
900 2498 1144 2549 singularem
1168 2492 1394 2549 (quo>que'
1427 2495 1712 2536 confirmantur
1743 2509 1800 2549 eo,

257 2556 364 2606 quod
395 2558 534 2596 auctor
564 2556 751 2597 editionis
782 2557 975 2608 principis
1000 2558 1219 2597 etiamtunc
1244 2558 1287 2596 111
1311 2557 1579 2608 Neapolitano
1605 2556 1802 2608 adgnouit

257 2628 356 2666 quae
391 2618 650 2667 sinqulaoem,
687 2619 759 2668 qui
796 2617 869 2657 cod
905 2617 1049 2658 habuit
1091 2629 1240 2667 quoque
1282 2618 1541 2667 simularem,
1578 2617 1697 2656 sicuti
1727 2629 1800 2667 pro

257 2677 516 2725 differentiam
552 2689 717 2717 caswwm
754 2678 857 2716 male
895 2678 1031 2728 posuit
1070 2677 1172 2717 illud
1202 2677 1351 2717 lectum
1381 2677 1622 2727 frequentius
1653 2688 1799 2716 casum.

257 2736 439 2787 Denique
481 2737 524 2775 in
567 2737 715 2776 Lucilii
757 2737 937 2777 uersibus
980 2739 1118 2777 incert.
1157 2739 1271 2776 1294
1307 2750 1387 2787 seq.
1431 2737 1590 2776 oculum
1642 2736 1800 2776 librarii

256 2796 517 2847 Neapolitani
548 2798 717 2848 apparet
747 2810 771 2837 a
801 2799 934 2848 priore
969 2795 1127 2838 numeri
1165 2797 1368 2837 aberrasse
1406 2797 1457 2836 ad
1494 2797 1666 2836 alterum
1695 2796 1798 2835 illud

256 2856 441 2902 Numeri,
482 2857 544 2896 ita
585 2858 632 2896 ut
672 2856 804 2896 media
841 2869 943 2908 quae
981 2858 1078 2907 sint,
1121 2858 1225 2897 male
1263 2858 1521 2905 omittantur,
1551 2857 1594 2894 in
1627 2855 1799 2896 Charisii

257 2915 388 2955 uerbis
433 2928 534 2966 quae
582 2916 843 2956 subsecuntur
891 2930 915 2956 a
963 2918 1095 2968 priore
1145 2920 1180 2956 et
1222 2916 1273 2956 ad
1315 2917 1513 2968 posterius
1561 2919 1611 2962 et,
1660 2917 1721 2955 ita
1750 2918 1798 2956 ut

257 2976 497 3015 omittantur
531 2976 655 3016 uerba
688 2976 811 3017 C'aelii
848 2979 891 3016 et.
954 2976 1164 3016 Praeterea
1201 2976 1415 3016 admodum
1445 2975 1630 3029 religiose
1661 2975 1798 3016 Dousa

256 3036 299 3076 in
324 3037 608 3077 commentario
634 3036 686 3076 ad
709 3037 804 3077 h.‘u.
827 3033 1045 3088 ‘Putabam
1069 3037 1214 3088 inquit,
1240 3033 1375 3077 ‘Pater
1394 3049 1510 3076 sensu
1529 3036 1797 3076 commodiore
