2060 3444
274 270 362 313 204
859 270 963 306 XVI]
987 282 1021 306 u.
1050 273 1247 307 546—547.

272 399 309 423 u.
332 385 428 424 545.
463 384 558 422 546.
590 383 767 433 posuisse
799 382 903 422 inter
936 383 1031 422 541.
1066 383 1150 422 542
1176 383 1279 433 inde,
1304 383 1499 423 euincitur
1530 385 1634 435 quod
1659 399 1695 423 u.
1718 385 1802 424 545

274 446 313 483 et
347 444 428 481 546
464 443 600 482 eadem
632 444 835 494 spectatur
859 443 1022 482 Helena.
1078 443 1137 482 De
1168 445 1254 483 tota
1285 443 1417 483 indole
1447 444 1588 487 horum
1618 457 1804 484 uersuum

272 503 463 542 iudicium
489 502 584 541 ferri
608 503 752 552 potest,
784 504 819 541 si
844 503 1094 554 aposiopesin
1119 517 1155 541 u.
1184 504 1280 542 543.
1309 504 1393 542 544
1418 505 1524 543 10010
1551 505 1804 555 interpretati

273 563 436 602 erimus:
468 558 678 602 ‘Helenam
708 563 838 613 ipsam
869 562 1037 613 denique
1069 584 1127 590 -—
1158 564 1250 602 nolo
1276 563 1421 602 dicere:
1451 565 1538 603 tute
1568 564 1660 603 uide
1686 565 1804 615 atque

273 622 497 672 disyllabon
522 623 623 673 elige
649 619 845 672 quoduis'.
874 644 928 648 ——
956 620 1064 667 Quae
1091 622 1219 672 qualis
1239 624 1292 662 sit
1309 623 1557 675 intellegitur
1576 626 1804 674 comparato

273 682 325 721 ad
354 681 447 720 Her.
466 682 525 720 IV
552 683 620 731 30,
648 683 699 720 41
737 679 848 720 ‘mihi
886 683 1016 721 tecum
1056 695 1130 732 par
1162 684 1327 722 certatio
1358 696 1437 722 non
1470 685 1546 732 est,
1577 683 1666 722 ideo
1699 683 1805 734 quod

273 742 444 793 populus
488 742 688 781 Romanus
732 755 792 780 me
838 763 893 768 —-
938 743 1030 781 nolo
1074 742 1222 792 dicere,
1265 756 1313 781 ne
1357 744 1421 781 cui
1463 743 1564 782 forte
1609 742 1805 795 adrogans

274 802 427 840 uidear:
464 803 503 840 te
544 803 676 840 autem
709 814 825 851 saepe
856 801 1076 853 ignominia
1114 802 1277 854 dignum
1314 799 1487 852 putauit'
1522 803 1590 852 38,
1618 803 1673 842 50
1705 802 1804 842 111οᾶ.

270 858 392 900 .“Η1110
427 861 589 911 quidem
619 863 734 911 pater
765 883 822 887 —
852 862 944 900 nolo
975 861 1142 900 nimium
1175 862 1303 901 dicere
1336 884 1391 889 —
1423 875 1502 902 non
1527 863 1804 902 tenuissimum

273 921 556 972 patrimonium
587 919 776 971 reliquit'.
838 921 1026 971 Inprimis
1058 921 1133 960 huc
1165 922 1263 961 facit
1295 922 1362 972 54,
1390 923 1442 960 67
1477 923 1571 960 extr.
1605 918 1697 968 ‘Qui
1726 923 1806 962 ista

273 982 401 1020 forma
432 982 471 1020 et
503 982 634 1020 aetate
665 994 792 1031 nuper
823 981 976 1020 alienae
1002 981 1109 1020 domi
1136 1003 1191 1008 --
1216 982 1309 1021 11010
1334 982 1450 1032 1111110
1475 979 1618 1021 (110010’
1654 983 1721 1031 30,
1748 983 1801 1021 41

272 1041 372 1080 med.
413 1037 488 1079 ‘Tu
531 1042 633 1080 istuc
678 1041 797 1080 audes
841 1041 988 1090 dicere,
1031 1042 1100 1091 qui
1143 1055 1268 1091 nuper
1310 1042 1461 1081 alienae
1498 1041 1605 1080 domi
1637 1063 1692 1068 —-
1724 1055 1803 1081 non

274 1101 401 1140 ausim
438 1100 583 1150 dicere,
616 1114 664 1139 ne
696 1113 781 1139 cum
815 1103 853 1139 te
886 1100 1007 1153 digna
1038 1101 1224 1150 dicerem,
1264 1114 1325 1140 me
1356 1101 1566 1153 indignum
1598 1102 1803 1152 quippiam

273 1160 417 1199 dixisse
461 1157 612 1199 uidear'
666 1160 843 1199 quenal.
875 1160 976 1199 Vm
1009 1161 1092 1199 275
1133 1157 1219 1200 ‘aut
1266 1162 1404 1211 pastor
1452 1161 1529 1200 fuit
1579 1156 1649 1200 aut
1702 1161 1804 1200 illud

275 1220 379 1270 quod
412 1219 540 1259 dicere
572 1217 693 1259 nolo'.
755 1220 887 1270 Atque
924 1221 966 1259 in
992 1229 1042 1259 'eo
1075 1220 1324 1271 potissimum
1355 1221 1464 1260 iocus
1494 1221 1620 1271 pollet
1649 1221 1804 1271 Lucilii,

275 1279 379 1330 quod
417 1292 522 1329 eam,
566 1292 666 1330 quae
702 1280 899 1330 loquitur,
943 1283 1147 1331 tamquam
1189 1280 1414 1331 loquentem
1451 1281 1493 1319 in
1530 1282 1617 1319 uita
1653 1280 1806 1320 inducit

273 1352 482 1390 personam
513 1352 630 1378 uersu
661 1340 900 1388 hexametro,
934 1353 1011 1390 quo
1042 1340 1127 1391 ipse
1158 1341 1286 1379 utitur
1314 1341 1442 1390 110010.
1499 1340 1612 1379 Vnde
1638 1342 1806 1391 apparet

274 1412 352 1438 non
383 1400 541 1449 poetam
574 1400 705 1450 ipsum
736 1400 864 1450 loqui,
905 1400 973 1438 sed
1004 1412 1049 1438 ex
1080 1413 1250 1450 persona
1280 1400 1446 1439 alicuius
1477 1399 1672 1450 mulieris,
1705 1412 1805 1450 quae

274 1461 425 1508 caueat,
457 1471 506 1498 ne
532 1459 726 1498 obscaeno
751 1460 890 1498 utatur
914 1459 1119 1508 uocabulo,
1152 1473 1229 1509 quo
1257 1459 1432 1498 Helenae
1462 1460 1615 1499 facinus
1640 1460 1804 1499 indicet:

273 1516 402 1557 ueluti
443 1531 602 1558 uersum
646 1519 842 1569 disyllabo
886 1521 978 1569 apte
1023 1519 1177 1570 expleat
1215 1520 1359 1569 aliquis
1397 1520 1431 1558 si
1470 1516 1701 1559 ‘moecham'
1741 1520 1806 1558 uel

275 1575 477 1618 ‘scortum'
524 1578 656 1617 addat.
719 1577 847 1624 Quare
891 1591 977 1617 cum
1022 1593 1058 1617 u.
1093 1580 1177 1618 538
1227 1578 1467 1630 Penelopam
1516 1579 1806 1629 colloquentem

274 1638 601 1688 deprehendimus
639 1651 727 1678 cum
764 1639 877 1689 patre
910 1640 980 1678 aut
1016 1639 1179 1689 ancilla,
1217 1639 1290 1678 hoc
1323 1651 1481 1689 quoque
1519 1639 1605 1678 loco
1642 1638 1807 1677 eandem

275 1699 396 1737 uerba
439 1699 568 1737 facere
610 1700 829 1737 statuemus
873 1700 913 1738 et
956 1700 1113 1738 saturae
1157 1699 1482 1749 compositionem
1525 1698 1649 1737 talem
1685 1699 1806 1738 fuisse

274 1757 579 1809 suspicabimur,
624 1758 754 1808 qualis
797 1760 858 1797 031
894 1758 1055 1797 Horatii
1098 1772 1211 1798 serm.
1242 1758 1283 1797 Π
1310 1760 1354 1808 3,
1388 1759 1469 1797 187
1498 1770 1605 1809 seqq.
1643 1760 1683 1797 et
1712 1758 1753 1796 II
1779 1759 1804 1797 5

274 1819 371 1857 tota.
429 1814 558 1866 ‘Vide‚
583 1817 793 1868 Penelopa,
824 1831 873 1856 ne
904 1831 1092 1870 rugosum
1118 1831 1258 1868 corpus
1285 1820 1325 1857 et
1350 1820 1459 1858 aetas
1485 1820 1555 1856 tua
1580 1819 1807 1868 contempta

274 1878 411 1916 futura
454 1879 507 1916 sit
542 1877 669 1927 Vlixi,
713 1879 746 1916 si
782 1875 970 1916 redierit’.
1039 1878 1147 1917 Haec
1187 1878 1383 1917 dicentem
1421 1878 1606 1917 ancillam
1643 1877 1807 1927 corripit

275 1938 416 1988 regina
459 1934 513 1975 ‘et
555 1937 746 1976 Alcmena
777 1936 1081 1987 Amphitryonis
1125 1940 1211 1977 erat
1252 1951 1351 1977 uxor
1394 1939 1433 1976 et
1475 1937 1646 1986 Helena,
1687 1949 1806 1988 quam

275 1997 459 2045 detestor,
490 1997 585 2046 quia
615 1996 711 2034 belli
742 2008 863 2036 causa
893 1998 972 2035 fuit
1001 1999 1042 2035 et
1075 1997 1202 2048 origo,
1239 2010 1339 2036 uxor
1368 1997 1548 2036 Menelai.
1603 1997 1807 2046 Nupserat

275 2058 455 2106 utraque,
486 2057 620 2095 tamen
650 2056 747 2094 haec
777 2055 972 2106 Paridem,
1004 2057 1142 2095 Iouem
1172 2057 1244 2095 illa
1276 2056 1351 2096 sibi
1385 2057 1623 2095 inuenerunt
1653 2056 1805 2095 adulte-

277 2112 392 2154 rum’.
454 2114 580 2154 Addit
617 2117 823 2166 praeterea
858 2116 1145 2167 pulcherrimas
1183 2116 1272 2155 illas
1309 2116 1494 2155 mulieres
1512 2128 1603 2154 non
1635 2116 1806 2155 caruisse

275 2175 427 2214 mendis
451 2175 601 2213 formae
628 2175 733 2214 credi
759 2178 951 2226 oportere.
1003 2176 1135 2215 Simili
1157 2175 1273 2215 modo
1291 2176 1396 2214 ludit
1414 2175 1612 2214 Lucianus
1632 2173 1733 2214 Gall.
1751 2177 1803 2213 17

277 2232 351 2287 ἐγὼ
395 2231 438 2273 δὲ
480 2233 667 2274 τοσοῦτόν
704 2235 770 2274 σοί
804 2250 927 2287 φημι,
967 2233 1164 2286 ὑπερφυὲς
1201 2232 1326 2287 μηδὲν
1362 2233 1548 2288 γενέσθαι
1578 2233 1680 2285 τότε,
1712 2233 1806 2285 μήτε

275 2293 344 2334 τὸν
381 2293 535 2333 Αἴαντα
571 2293 674 2334 οὕτω
712 2292 834 2347 μέγαν
872 2294 965 2346 μήτε
1008 2294 1081 2346 τὴν
1113 2290 1306 2346 Ἑλένην
1351 2293 1499 2346 αὐτὴν
1542 2293 1645 2333 οὕτω
1682 2292 1807 2345 καλὴν

278 2351 330 2402 ὡς
365 2353 525 2393 οἴονται.
581 2349 688 2393 εἶδον
718 2353 792 2407 γὰρ
823 2353 967 2406 λευκὴν
999 2353 1069 2406 μέν
1099 2369 1188 2394 τινα
1218 2352 1284 2394 καὶ
1314 2353 1485 2406 ἐπιμήκη
1511 2352 1579 2393 τὸν
1603 2352 1807 2406 τράχηλον,

277 2411 329 2462 ὡς
372 2412 537 2461 εἰκάζειν
575 2413 725 2453 κύκνου
766 2412 965 2467 θυγατέρα
1001 2410 1120 2466 εἶναι,
1152 2412 1197 2453 τὰ
1236 2409 1272 2453 δ’
1307 2411 1403 2453 ἄλλα
1439 2412 1545 2452 πάνυ
1582 2413 1807 2466 πρεσβῦτιν,

277 2470 476 2524 ἡλικιῶτιν
514 2471 651 2525 σχεδὸν
687 2479 756 2525 τῆς
783 2468 976 2526 Εκάβης,
1014 2473 1065 2526 ἥν
1101 2488 1144 2527 γε
1179 2472 1332 2525 Θησεὺς
1368 2479 1524 2525 πρῶτον
1555 2470 1734 2524 ἁρπάσας
1765 2467 1807 2512 ἔν

273 2528 481 2583 Ἀφίδναις
513 2528 601 2585 ειχε,
633 2531 729 2572 κατὰ
761 2532 829 2573 τὸν
856 2528 1048 2586 Ἡρακλέα
1078 2532 1288 2586 γενόμενος
1318 2535 1395 2572 κτλ.
1457 2532 1517 2570 Ex
1548 2546 1584 2571 u.
1614 2533 1694 2571 541
1729 2545 1808 2571 mm

277 2594 424 2632 licitum
450 2605 528 2631 esse
553 2592 698 2643 pendet
723 2593 853 2644 priore
878 2593 964 2633 loco
989 2593 1210 2632 infinitiuus
1235 2593 1455 2643 praesentis
1476 2595 1642 2641 tangere,
1667 2591 1807 2631 deinde

276 2652 494 2691 infinitiuos
532 2652 697 2702 perfecti
733 2654 867 2703 posuit
902 2654 1022 2703 poeta
1057 2655 1180 2702 fuisse
1216 2666 1252 2690 u.
1281 2653 1384 2701 542,
1421 2652 1601 2690 habuisse
1637 2665 1674 2690 u.
1709 2652 1805 2690 545.

232 2749 238 2753 ,
277 2712 467 2763 Epitheta
498 2711 709 2751 Homerica
740 2712 876 2751 eodem
907 2725 984 2762 quo
1016 2712 1195 2751 Lucilius
1226 2712 1343 2751 modo
1374 2711 1537 2751 adhibet
1564 2710 1725 2750 Charite
1748 2710 1807 2749 IV

281 2774 318 2820 1,
345 2772 369 2810 8
403 2768 500 2823 ὑπὲρ
538 2769 610 2822 τὴν
650 2770 890 2811 λευκώλενον
921 2770 987 2811 καὶ
1017 2771 1284 2823 καλλίσφυρον
1315 2769 1496 2822 ἐφαίνετο
1527 2768 1596 2817 τὰς
1621 2764 1805 2822 Ὁμήρου.

398 2825 508 2870 547.
533 2831 756 2870 Macrobius
777 2830 934 2870 Saturn.
954 2832 1013 2870 VI
1040 2834 1077 2881 1,
1103 2833 1158 2871 43
1181 2829 1373 2870 ‘Lucilius
1394 2825 1616 2884 (Parisinus
1635 2824 1805 2883 Lucius)

279 2891 319 2928 in
358 2891 524 2939 septimo
563 2890 713 2930 decimo
752 2887 928 2942 “magna
959 2888 1262 2930 ...homini'’.'
1330 2890 1451 2929 Recte
1493 2890 1658 2939 ponitur
1700 2888 1806 2938 apud

277 2949 521 2987 Macrobium
564 2949 788 3001 Vergilium
840 2950 1041 2990 imitatum
1084 2963 1167 2989 esse
1210 2963 1299 2988 cum
1339 2950 1487 2988 scribat
1528 2948 1626 2987 Aen.
1651 2948 1689 2985 V
1721 2949 1803 2987 422

281 3005 442 3065 ‘Magna
493 3021 583 3051 ossa
630 3010 875 3062 lacertosque
925 3007 1060 3051 Exuit’
1110 3009 1278 3058 Lucilii,
1303 3009 1407 3049 hunc
1456 3020 1615 3049 uersum
1664 3008 1805 3058 hyper-
