2060 3444
279 253 366 296 216
849 251 950 286 XXII
975 263 1009 286 u.
1038 254 1235 286 5⁷e—581.

283 366 494 406 column
517 367 567 404 11
593 366 688 403 extr.
716 364 831 403 Auct
858 364 949 403 bell.
974 364 1058 403 Afr.
1087 364 1154 414 54,
1182 364 1219 402 4.
1272 362 1380 402 Codd
1405 363 1553 402 Donati
1578 374 1814 412 quamquam,

281 437 479 475 quaquam
502 425 697 475 impressi,
723 425 930 473 quoiquam
955 425 985 463 I.
1000 424 1146 474 Dousa,
1178 422 1247 473 qui
1272 423 1431 462 datiuus
1458 436 1537 462 non
1561 422 1658 461 ferri
1681 423 1815 473 potest

281 487 372 537 post
403 485 567 524 domino.
631 483 779 530 Quodsi
810 484 971 534 scripsit
1008 495 1205 532 quaquam
1235 482 1429 532 Lucilius,
1471 481 1608 522 diuisit
1645 483 1814 522 uocabu-

282 547 365 584 lum
402 556 649 593 nequaquam
681 544 786 594 quod
823 556 962 582 r·eue1a
999 545 1042 581 in
1074 542 1281 581 adiectiuis
1313 555 1429 593 saepe
1467 542 1683 592 usurpatur
1716 536 1815 595 (010.

282 604 388 643 Lael.
419 605 472 642 69
508 600 600 642 sibi
631 616 881 653 nequaquam
913 600 1063 654 parem'
1094 602 1203 641 Caes.
1228 602 1265 641 b.
1292 601 1392 641 Gall
1419 601 1476 640 IV
1505 602 1570 652 23,
1599 598 1666 639 4‘
1671 614 1816 652 nequa-

286 677 405 715 quam
448 663 634 702 idoneum
678 659 825 702 locum'
870 663 966 701 Hor.
993 662 1107 713 epist.
1133 662 1174 701 ΙΙ
1202 665 1244 712 1,
1273 663 1328 701 20
1380 658 1647 712 ‘nequaquam
1697 661 1820 700 simili

285 725 440 764 ratione
444 718 489 777 ’,)
510 724 628 762 sicuti
643 723 850 761 Terentius
865 722 1108 762 Η60111.175
1133 693 1254 760 ‘haud
1277 734 1476 772 quaquam
1495 722 1616 760 etiam
1636 717 1818 760 cessant’.

287 784 363 823 Sed
399 784 503 822 recte
542 795 787 831 quanquam:
833 782 1026 832 apodosin
1071 782 1198 833 fingas
1242 780 1293 820 ad
1337 781 1558 831 exemplum
1601 780 1821 819 carminum

287 843 568 894 sepulcralium
610 842 738 880 ueluti
780 841 822 880 in
868 841 1042 880 Kaibelii
1073 840 1199 880 IGSI
1229 835 1338 880 793b
1382 840 1419 879 εἰ
1459 840 1528 879 καί
1567 850 1641 879 σου
1684 839 1821 880 κεύθει

287 903 428 950 κάλλος
460 899 551 942 νέον
583 896 613 941 ὦ
640 900 886 955 Κλεοπάτρα,
918 900 1065 953 τύμβος
1090 899 1155 940 καὶ
1182 900 1362 953 φροῦδον
1387 905 1498 951 σῶμα
1523 897 1674 952 λέλογχε
1699 898 1822 950 κόνις,

287 957 365 1002 ἀλλ’
400 959 516 1014 ἀρετὰ
547 961 680 1013 βιοτᾶς
712 958 797 1000 αἰὲν
829 961 961 1007 ζωοῖσι
1004 958 1150 1012 μέτεστι
1181 962 1258 999 κτλ.
1320 959 1428 999 lucili
1464 959 1529 997 uel
1565 959 1688 998 lucilli
1724 958 1823 998 codd

256 1048 260 1050 ἡ
289 1021 487 1062 Martialis
519 1023 554 1061 si
594 1021 763 1060 editores
802 1023 907 1060 recte
947 1021 1204 1071 interpretor:
1243 1019 1347 1070 quod
1378 1018 1587 1058 Palatinus
1626 1031 1724 1058 saec.
1749 1019 1823 1058 XV

292 1082 474 1122 exhibere
500 1080 646 1120 dicitur
672 1080 819 1120 luceileef
843 1081 938 1120 Itali
964 1083 1024 1120 est
1049 1081 1324 1119 commentum.
1346 1101 1401 1106 -
1421 1079 1485 1118 1110
1511 1079 1629 1118 situs:
1660 1078 1824 1118 uerbum

291 1141 590 1182 substantiuum
622 1141 758 1180 omisit
782 1142 828 1179 ut
853 1140 1023 1180 adsolet:
1056 1139 1160 1190 quod
1185 1141 1227 1178 in
1255 1139 1450 1190 Scipionis
1476 1138 1605 1189 elogio
1632 1133 1824 1192 (Bueche-

290 1203 365 1242 leri
398 1199 525 1240 Oarm.
555 1201 642 1239 Lat.
670 1201 791 1252 epigr.
818 1200 838 1239 I
866 1201 889 1239 9
916 1215 953 1251 p.
985 1202 1006 1238 7
1051 1199 1199 1251 legitur
1244 1196 1298 1238 ‘is
1341 1199 1405 1238 hic
1449 1195 1572 1238 situs’
1619 1200 1827 1238 excusatur

291 1260 534 1314 pronomine.
549 1282 607 1287 -—
620 1259 820 1299 Martialis
846 1259 970 1299 uerba
992 1260 1199 1312 intelleges
1220 1260 1449 1309 comparato
1470 1257 1634 1304 Quintil.
1654 1258 1690 1296 X
1712 1260 1749 1307 1,
1771 1258 1825 1297 93

295 1319 487 1361 ‘Lucilius
520 1319 712 1371 quosdam
743 1320 802 1358 ita
833 1319 987 1359 deditos
1020 1318 1095 1359 sibi
1128 1319 1255 1358 adhuc
1280 1318 1400 1357 habet
1426 1319 1635 1367 amatores,
1666 1319 1712 1356 ut
1737 1330 1828 1357 eum

295 1395 375 1421 non
401 1379 577 1420 eiusdem
601 1379 719 1419 modo
745 1379 875 1430 operis
901 1379 1139 1428 auctoribus,
1172 1379 1239 1418 sed
1269 1378 1451 1417 omnibus
1476 1378 1606 1428 poetis
1630 1377 1829 1429 praeferre

294 1455 374 1481 non
406 1436 616 1479 dubitent':
656 1439 776 1478 etiam
809 1439 913 1489 quod
946 1439 1127 1489 sequitur
1163 1438 1355 1477 iudicium
1392 1437 1440 1477 de
1470 1437 1607 1476 Persio
1646 1437 1830 1489 congruit

297 1515 384 1540 cum
415 1499 590 1539 Martial.
616 1499 673 1538 IV
702 1500 769 1548 29,
799 1501 833 1537 7.
862 1521 915 1526 -
943 1499 1110 1538 Initium
1142 1498 1236 1536 libri
1260 1498 1374 1536 XXJI
1412 1497 1595 1536 attulisse
1626 1496 1829 1536 Donatum

297 1563 337 1600 et
372 1559 600 1599 Martialem
643 1558 848 1609 probabile
893 1560 953 1598 651
997 1558 1065 1608 qui
1108 1558 1301 1597 librorum
1331 1555 1628 1596 XXII—XXV
1667 1558 1831 1607 propter

295 1622 426 1672 ipsum
458 1632 582 1672 genus
614 1618 987 1670 epigrammaticum
1018 1617 1214 1658 rationem
1251 1616 1453 1656 habuerit:
1491 1615 1622 1655 adfert
1657 1616 1831 1666 primum

296 1681 591 1731 pentametrum
622 1680 667 1717 ut
698 1678 929 1718 Aeneadum
959 1679 1132 1727 yenetm
1171 1676 1284 1715 audit
1314 1675 1489 1715 Lucretii
1527 1675 1668 1726 poesis.
1732 1674 1832 1714 Con-

299 1739 512 1790 scripserat
551 1740 670 1790 poeta
713 1739 787 1777 hoc
830 1738 932 1777 libro
976 1750 1182 1777 seruorum
1226 1749 1386 1776 suorum
1429 1735 1671 1787 parentalia,
1715 1735 1834 1774 sicuti

299 1799 499 1839 Ausonius
531 1801 670 1850 postea
701 1799 825 1837 totius
858 1798 988 1850 gentis
1020 1809 1115 1836 suae
1147 1796 1439 1845 Parentalibus,
1471 1795 1713 1847 collegarum
1738 1795 1832 1834 Pro-

301 1859 525 1899 sessoribus.
595 1858 682 1904 Quo
720 1860 898 1908 tempore
936 1858 1033 1897 haec
1072 1856 1291 1908 epitymbia
1332 1854 1534 1907 scripserit
1575 1856 1712 1906 poeta,
1755 1867 1834 1893 non

302 1921 467 1958 constat.

423 1973 533 2018 581.
564 1977 680 2016 Nouo
706 1990 831 2034 nuper
856 1978 995 2016 auctus
1022 1978 1082 2015 est
1106 1975 1282 2015 Lucilius
1307 1975 1381 2014 hoc
1405 1975 1629 2026 fragmento
1656 1986 1679 2012 a
1705 1986 1834 2025 gram-

301 2039 459 2078 maticis
502 2038 584 2077 11115
625 2050 793 2087 quorum
836 2049 957 2086 opera
1000 2036 1223 2087 glossarum
1266 2035 1443 2074 thesauri
1487 2033 1600 2072 nobis
1643 2032 1836 2083 patefacti

304 2100 415 2138 sunt:
435 2099 586 2149 primus
606 2096 730 2135 edidit
750 2095 934 2135 Goetzius
953 2096 1052 2134 Mus.
1074 2095 1196 2134 Rhen.
1217 2094 1286 2133 XL
1309 2094 1421 2133 1885
1448 2108 1485 2144 p.
1508 2094 1592 2133 324
1610 2092 1681 2132 has
1694 2093 1835 2143 poetae

304 2158 495 2208 reliquias
528 2156 741 2195 admodum
773 2156 975 2195 obscuras:

449 2241 578 2279 abzet:
612 2235 818 2278 ‘extincta’
849 2241 910 2278 est
939 2239 1005 2277 uel
1037 2235 1236 2277 ‘mortua'.
1297 2236 1475 2276 Lucilius
1505 2237 1548 2275 in
1578 2236 1692 2275 XXII

608 2300 782 2350 primum
812 2299 987 2337 Pacilius
1017 2298 1242 2337 tesorofilax
1273 2298 1389 2347 pater
1419 2296 1533 2335 abzet

307 2409 406 2448 quas
437 2394 599 2446 repetiit
630 2394 692 2432 uir
723 2394 861 2433 doctus
895 2392 994 2433 CGL
1020 2393 1078 2432 IV
1102 2406 1139 2443 p.
1166 2392 1320 2442 XVIII,
1358 2391 1428 2430 ubi
1464 2403 1604 2442 operas
1635 2391 1738 2430 male
1769 2403 1839 2441 po-

308 2456 432 2496 suisse
470 2468 679 2494 numerum
710 2454 788 2494 XII
823 2454 910 2493 loco
947 2454 1079 2503 priore
1116 2454 1221 2491 recte
1260 2452 1437 2502 positum
1480 2451 1608 2490 editor
1649 2452 1734 2501 ipse
1777 2463 1839 2489 me

309 2517 517 2556 certiorem
560 2513 665 2554 fecit.
733 2513 843 2553 Idem
883 2512 981 2552 OGL
1006 2513 1064 2550 VI
1099 2526 1135 2563 p.
1166 2514 1216 2550 11
1253 2524 1280 2550 5.
1313 2525 1350 2549 11.
1396 2510 1510 2549 abzet
1555 2510 1840 2549 Buechelerum

309 2576 435 2615 tradit
471 2573 639 2613 uerbum
682 2573 918 2623 Paelignum
958 2568 1078 2611 asdod
1121 2567 1270 2624 (Carm.
1296 2570 1384 2609 Lat.
1411 2571 1533 2621 epigr.
1559 2570 1580 2609 I
1603 2583 1641 2620 p
1670 2563 1839 2622 11,17)

312 2635 523 2703 agnouisse
555 2632 662 2683 apud
693 2632 903 2671 Lucilium.
955 2631 1105 2670 Similis
1143 2631 1368 2669 litterarum
1398 2629 1445 2668 bz
1477 2630 1700 2668 coniunctio
1732 2630 1842 2668 extat

310 2697 351 2734 in
389 2694 508 2734 titulo
539 2692 781 2743 Pompeiano
819 2691 926 2742 apud
959 2690 1128 2730 00001110
1163 2689 1344 2741 l'origine
1382 2689 1446 2728 del
1482 2688 1686 2744 gentilizio
1721 2688 1839 2727 Plau-

311 2756 397 2793 tino
432 2752 581 2804 Napoli
609 2753 721 2791 1899
748 2765 786 2802 p.
815 2752 868 2790 28
914 2750 984 2790 ubi
1026 2750 1173 2802 legitur
1206 2781 1212 2788 .
1247 2781 1254 2788 .
1331 2746 1386 2788 ‘.P
1406 2747 1581 2788 Maccius
1617 2748 1840 2786 Mamianus

312 2809 550 2853 Fubzanus’.
602 2811 687 2862 Ego
719 2811 885 2850 miratus
917 2809 1023 2861 quod
1054 2811 1161 2850 (1ὺοθί
1188 2808 1331 2848 Oscum
1363 2809 1428 2847 uel
1458 2808 1696 2860 Paelignum
1725 2819 1841 2846 uoca-

313 2870 452 2912 bulum
483 2872 530 2911 de
563 2872 711 2913 femina
743 2871 822 2910 alio
854 2871 940 2909 loco
972 2883 1091 2920 quem
1123 2870 1277 2919 spectat
1307 2869 1610 2919 grammafieus,
1640 2867 1705 2906 hic
1737 2865 1841 2916 apud

314 2933 514 2971 Lucilium
546 2931 592 2969 de
624 2931 711 2969 uiro
743 2943 825 2969 esse
856 2931 1093 2980 usurpatum
1125 2928 1379 2968 statuendum
1410 2928 1480 2976 sit,
1518 2939 1608 2966 cum
1638 2939 1717 2965 non
1752 2938 1842 2981 pro-

315 2991 446 3030 babile
477 2990 663 3029 uideatur
684 2988 886 3029 eiusmodi
917 2990 1091 3040 glossam
1123 2988 1279 3038 saepius
1312 2989 1444 3026 extare
1475 2985 1517 3025 in
1556 2985 1701 3054 litteris
1732 2979 1841 3023 Lati-
