2060 3444
777 243 878 279 XXX
904 256 939 279 u.
969 247 1215 279 loce—1071.
1683 242 1768 285 341

220 356 384 399 ‘Multos
421 358 597 398 militum
633 357 853 409 imperator
889 370 960 397 suo
999 370 1194 408 quemque
1235 358 1395 396 nomine
1437 358 1600 408 proprio
1645 358 1767 407 atque

218 420 412 460 castrensi
442 419 675 472 cognomine
708 419 749 457 et
777 417 948 458 ioculari
979 414 1239 468 appellabat'.

343 474 484 519 1070.
534 478 689 517 Nonius
730 489 776 529 11.
813 479 916 528 157,
951 480 1003 517 12
1057 474 1195 517 ‘Pctus
1251 489 1275 515 a
1323 476 1505 516 bibendo.
1587 476 1766 515 Lucilius

217 540 285 580 lib.
306 540 415 579 XXX
448 536 589 579 “secus
629 551 720 577 cum
757 551 803 578 eo
841 537 972 578 medio
1011 549 1058 577 ac
1095 537 1189 577 ludo
1235 537 1334 576 bene
1377 538 1496 588 potus
1540 534 1763 576 recessit''.’

215 600 335 641 Serus
375 601 480 639 recte
511 599 542 639 I.
564 599 716 638 Dousa:
755 599 850 638 conf
885 597 963 638 010.
991 599 1105 648 epist.
1132 597 1211 636 VII
1239 599 1292 636 22
1334 594 1426 636 ‘etsi
1464 597 1627 636 domum
1666 597 1764 636 bene

215 662 334 712 potus
372 672 540 710 seroque
576 656 787 699 redieram’
827 658 946 710 Apul.
973 660 1066 697 met.
1092 658 1154 697 ΠΙ
1182 658 1206 697 5
1247 654 1357 696 ’110111
1396 669 1485 696 011111
1517 670 1541 696 0
1573 669 1671 697 00110
1703 670 1766 696 1110

216 722 341 761 serius
374 721 580 772 aliquanto
611 719 830 770 reciperem
860 719 1092 770 potulentus
1135 715 1330 768 alioquin'
1365 731 1396 758 e.
1419 731 1455 768 q.
1477 730 1504 756 s.
1569 717 1766 757 Similiter

214 781 381 821 Plautus
412 780 595 820 Parasito
632 781 748 831 pigro
788 776 896 819 ‘inde
931 780 998 818 hic
1029 779 1125 818 bene
1164 773 1283 832 (dene
1314 773 1407 831 cod)
1439 780 1558 828 potus
1589 778 1764 828 primulo

215 835 364 896 (primo
396 835 485 895 cod)
517 836 776 908 crepusculo'.
818 860 868 867 —-
909 840 1073 879 recessit
1113 838 1244 878 medio
1276 851 1300 877 a
1330 837 1425 877 ludo
1457 839 1663 878 conuiuali
1695 839 1765 888 qui

214 903 275 942 est
312 901 498 953 potandi,
537 901 633 951 quia
669 900 769 939 bene
798 901 918 951 potus
956 901 1053 938 erat.
1114 899 1220 938 Nam
1263 896 1351 938 ‘aut
1380 897 1495 937 bibat
1527 899 1598 938 aut
1629 895 1762 938 abeat’

213 962 326 1002 iubet
374 962 437 1000 lex
487 960 709 1001 conuiualis
759 954 860 1013 (010
893 960 1006 1000 Tusc.
1039 959 1077 997 V
1112 954 1228 1013 118)
1303 958 1437 998 Ludos
1490 960 1533 997 in
1577 958 1763 998 conuiuio

213 1023 500 1063 commemorat
542 1020 698 1060 Lucret.
717 1020 776 1058 IV
805 1021 915 1059 1131
966 1017 1128 1059 ‘eximia
1170 1021 1281 1058 ueste
1325 1021 1366 1058 et
1409 1018 1519 1058 uictu
1564 1019 1762 1068 conuiuia,

213 1082 310 1133 ludi,
341 1082 487 1134 pocula
518 1081 675 1130 crebra,
712 1077 931 1134 unguenta'
965 1094 996 1120 e.
1019 1094 1055 1131 q.
1076 1093 1105 1119 s.
1139 1078 1219 1119 010.
1246 1079 1294 1118 de
1333 1079 1398 1117 fin.
1425 1079 1466 1118 H
1494 1080 1548 1118 23
1584 1076 1762 1129 ‘optimis

132 1148 143 1156 ‘
213 1143 317 1183 cocis
438 1142 581 1193 quibus
622 1142 762 1180 uinum
805 1140 988 1180 defusum
1034 1153 1055 1179 e
1098 1141 1216 1191 pleno
1256 1140 1310 1178 sit
1347 1139 1573 1190 chrysizon,
1618 1141 1664 1178 ut
1705 1139 1764 1178 ait

211 1202 390 1242 Lucilius
418 1234 425 1241 .
447 1233 455 1241 .
476 1233 484 1242 .
511 1201 738 1241 adhibentis
774 1201 889 1240 ludos
928 1202 968 1240 et
1006 1212 1109 1251 quae
1141 1202 1341 1250 secuntur,
1375 1231 1382 1238 .
1405 1230 1413 1238 .
1436 1231 1443 1238 .
1471 1199 1606 1238 adsint
1637 1201 1761 1239 etiam

212 1263 376 1304 formosi
407 1259 536 1313 pueri’
571 1275 602 1301 e.
622 1275 660 1312 q.
681 1275 710 1301 s.
765 1261 906 1301 Iustin.
926 1261 983 1300 IX
1010 1262 1048 1311 4,
1078 1263 1098 1299 1
1135 1257 1230 1300 ‘non
1260 1260 1303 1298 111
1329 1260 1516 1299 conuiuio
1547 1260 1650 1310 risit,
1682 1273 1762 1299 non

212 1323 328 1363 ludos
351 1322 458 1362 inter
475 1323 612 1373 epulas
633 1321 828 1371 adhibuit,
853 1334 933 1360 non
953 1333 1118 1360 coronas
1139 1322 1212 1360 aut
1231 1322 1439 1372 unguenta
1458 1317 1665 1371 sumpsit’·
1691 1320 1759 1360 sed

211 1383 292 1423 illis
318 1383 415 1423 locis
440 1384 574 1434 potius
594 1382 854 1433 symphoniae
880 1381 1116 1422 saltationes
1142 1381 1224 1420 alia
1248 1381 1291 1419 id
1317 1393 1440 1433 genus
1467 1380 1762 1420 oblectamenta

212 1445 444 1495 spectantur
474 1438 654 1497 (Vitruu.
674 1442 733 1480 VI
761 1443 805 1493 7,
827 1443 850 1481 3
878 1455 915 1493 p.
939 1442 1037 1492 150,
1059 1436 1115 1495 2).
1180 1440 1360 1480 Similem
1391 1441 1533 1480 ludum
1563 1431 1761 1480 memorat

210 1504 350 1544 Horat
377 1517 490 1543 serm.
509 1503 551 1542 II
578 1504 616 1553 2,
645 1504 727 1542 123
757 1499 864 1554 ‘post
888 1502 962 1541 hoc
986 1502 1105 1541 ludus
1131 1503 1218 1541 erat
1237 1502 1355 1552 culpa
1374 1502 1515 1552 potare
1534 1498 1757 1552 magistra'.

335 1558 478 1604 1071.
521 1563 676 1603 Nonius
719 1576 758 1613 p
782 1564 885 1611 277,
913 1563 968 1602 30
1011 1559 1165 1601 ’1)01100
1214 1563 1275 1601 est
1325 1561 1436 1612 aperi
1487 1563 1528 1600 et
1577 1561 1758 1611 explana.

210 1624 391 1663 Lucilius
427 1623 495 1662 lib.
520 1623 631 1662 XXX
675 1618 822 1662 “nemo
871 1592 995 1661 istum
1045 1623 1226 1661 uentrem
1274 1621 1489 1672 pertundet
1537 1621 1760 1670 delicietque

211 1680 334 1739 (quae
377 1683 416 1722 L
440 1696 490 1723 m.
514 1678 558 1737 1)
599 1684 657 1722 uti
699 1684 770 1722 wia
819 1683 940 1733 atque
983 1678 1181 1722 uidebis''.
1187 1679 1197 1696 ’
1268 1682 1494 1720 Transtulit
1541 1681 1759 1721 Muellerus

211 1744 333 1784 uerba
375 1743 522 1783 Lucilii
565 1743 617 1782 ad
658 1744 805 1782 lemma
847 1742 954 1793 quod
992 1742 1192 1782 antecedit
1236 1738 1418 1781 ‘delicere
1466 1743 1526 1781 est
1568 1738 1758 1781 inlicere’:

209 1804 424 1856 probarem
445 1803 476 1844 si
503 1804 545 1842 in
571 1815 689 1842 uersu
714 1803 861 1842 Lucilii
882 1802 991 1842 istud
1010 1803 1231 1852 delicietque
1251 1801 1356 1852 quod
1375 1802 1563 1841 conuenit
1581 1801 1757 1841 numeris

210 1864 441 1904 conueniret
477 1865 599 1903 etiam
637 1863 868 1902 sententiae.
931 1863 1083 1902 Eadem
1121 1863 1203 1902 fere
1240 1862 1471 1901 testimonia
1510 1861 1557 1901 de
1589 1863 1757 1901 delicarc

210 1924 406 1964 uocabulo
444 1923 602 1963 exhibet
639 1923 794 1963 Nonius
831 1922 969 1963 ordine
1005 1923 1163 1962 inuerso
1200 1936 1238 1973 p.
1261 1924 1335 1972 98,
1363 1923 1387 1961 5
1429 1922 1500 1960 ubi
1531 1923 1686 1962 omittit
1717 1923 1756 1961 et

209 1984 356 2024 Lucilii
383 1996 520 2024 uersus
546 1985 586 2023 et
616 1997 740 2022 unum
766 1982 907 2022 Titinii
932 1995 1091 2022 uersum
1117 1996 1162 2021 ex
1189 1982 1347 2022 Proelia
1371 1982 1520 2022 fabula.
1577 1982 1755 2021 Verbum

209 2045 377 2084 delicare
412 2043 557 2083 Lucilii
593 2043 839 2095 temporibus
877 2043 1098 2083 obsoletum
1139 2044 1262 2082 fuisse
1299 2043 1391 2082 inde
1430 2045 1615 2093 apparet,
1649 2043 1755 2093 quod

209 2104 392 2144 omnibus
435 2104 579 2155 quibus
621 2103 827 2143 inuenitur
862 2104 961 2143 locis
1000 2116 1061 2154 ap.
1088 2103 1236 2144 Non..l.
1258 2115 1286 2142 s.
1307 2115 1336 2142 s.
1380 2104 1424 2141 in
1467 2103 1576 2141 exitu
1618 2111 1755 2142 uersus

209 2167 271 2205 est
311 2165 488 2217 positum
531 2163 648 2204 sicuti
685 2164 815 2203 Plaut.
840 2163 924 2202 Mil.
953 2164 1057 2202 844:
1102 2163 1209 2214 quod
1249 2177 1345 2202 num
1382 2163 1488 2202 idem
1526 2164 1580 2202 sit
1616 2175 1756 2201 reuera

209 2226 331 2275 atque
368 2225 566 2273 deliquarc
605 2224 711 2274 quod
748 2237 772 2263 a
807 2223 1000 2274 liquando
1039 2223 1248 2262 deducitur
1289 2222 1438 2262 dubito.
1503 2221 1756 2273 Colloquium

210 2297 292 2324 esse
323 2285 567 2324 lasciuorum
597 2284 805 2323 hominum
843 2297 889 2323 ex
921 2296 1098 2322 sermone
1132 2284 1315 2333 apertum
1347 2284 1424 2322 est:
1464 2279 1595 2322 ‘nemo
1633 2284 1755 2322 istum

209 2347 391 2384 uentrem
420 2340 648 2395 pertundet'
682 2343 833 2383 dictum
864 2345 911 2381 ut
943 2340 1072 2383 ‘nemo
1104 2344 1176 2382 hos
1209 2344 1403 2394 ancipites
1436 2344 1540 2382 ferro
1567 2343 1756 2394 effringat

210 2400 405 2444 cardines’
443 2403 511 2443 lib.
531 2403 662 2442 XXIX
687 2417 724 2444 u.
746 2404 850 2443 840:
893 2403 1060 2442 immani
1109 2404 1262 2442 uentris
1307 2404 1448 2455 sagina
1490 2404 1627 2442 tutum
1670 2403 1754 2441 fore

210 2464 387 2505 sodalem
418 2476 443 2503 a
478 2464 648 2503 latronis
684 2463 840 2503 insidiis
878 2463 1087 2504 confirmat
1124 2463 1271 2514 aliquis
1311 2463 1416 2502 inter
1447 2462 1612 2502 sodales.
1675 2462 1753 2508 Qui

209 2524 369 2564 uidetur
410 2524 516 2564 idem
559 2524 737 2575 spectare
779 2523 990 2563 uerborum
1032 2536 1156 2575 genus
1201 2523 1307 2574 quod
1355 2522 1572 2576 γαστρίζειν
1616 2522 1754 2561 dicunt

209 2584 337 2624 Attici
374 2585 442 2623 uel
477 2586 679 2636 κολετρᾶνε
716 2583 920 2634 Aristoph.
946 2584 1082 2634 Equit.
1110 2585 1200 2623 273*
1235 2577 1265 2622 ὦ
1303 2582 1416 2630 πόλις
1453 2580 1519 2621 καὶ
1557 2577 1645 2634 δῆμ’
1681 2577 1749 2633 ὑφ’

209 2643 305 2684 οἴων
330 2643 489 2698 θηρίων
514 2643 765 2697 γαστρίζομαι
790 2638 917 2698 (454)
949 2643 1052 2682 Nub.
1076 2643 1160 2682 549
1195 2642 1239 2691 ὃς
1270 2640 1452 2696 μέγιστον
1483 2639 1577 2681 ὄντα
1605 2636 1750 2682 Κλέων’

209 2698 331 2743 ἔποιιο2
377 2702 433 2751 εἰς
474 2701 548 2754 τὴν
590 2701 756 2757 γαστέρα
799 2698 938 2758 (552).
1011 2703 1202 2753 Nicolaus
1248 2702 1361 2741 GAF
1385 2702 1447 2741 HI
1479 2716 1516 2753 p.
1538 2703 1644 2751 383,
1675 2702 1752 2740 7Κ

210 2763 258 2802 de
289 2763 460 2802 Tantalo
491 2763 600 2803 Iouis
625 2763 821 2813 parasito:
852 2761 969 2814 ἄφνω
1002 2760 1042 2802 δὲ
1068 2761 1229 2816 πληγεὶς
1255 2762 1310 2810 εἰς
1336 2760 1460 2813 μέσην
1486 2761 1558 2813 τὴν
1583 2759 1751 2813 γαστέρα

210 2820 343 2870 ἔδοξεν
377 2821 483 2876 αὐτῷ
508 2820 712 2875 γεγονέναι
742 2819 847 2866 τᾶνω
877 2821 983 2861 κάτω
1014 2822 1170 2862 Heliod.
1197 2822 1383 2871 Aethiop.
1409 2822 1429 2860 I
1460 2834 1544 2871 cap.
1575 2822 1630 2860 10
1651 2822 1749 2859 extr.

210 2881 256 2921 τὰ
289 2879 360 2933 μὲν
389 2878 590 2925 ἅλλα,ὅσα
621 2879 663 2920 σέ
693 2895 731 2920 τε
762 2878 861 2933 κάμὲ
892 2881 1143 2934 περιύβρισεν
1168 2880 1406 2933 αἰσχύνομαι
1436 2878 1577 2932 λέγειν·
1610 2878 1679 2927 λὰξ
1707 2877 1750 2919 δὲ

210 2939 306 2981 κατὰ
355 2946 425 2993 τῆς
473 2939 640 2994 γαστρὸς
688 2939 922 2992 ἕναλόμενος
971 2939 1097 2988 οὕτως
1146 2938 1246 2992 ἔχειν
1303 2937 1357 2987 ὡς
1407 2937 1501 2994 ὁρᾷς
1551 2937 1761 2990 διέθηκεν,

210 3001 410 3041 Lucilium
452 3000 579 3053 igitur
621 3000 845 3039 diuerbium
888 2999 1090 3051 scripsisse
1131 3000 1206 3039 hoc
1249 3000 1336 3039 loco
1379 2999 1637 3038 manifestum
1678 3000 1748 3038 est.
