2060 3444
285 280 311 322 6
942 275 957 310 Ι
980 286 1016 310 u.
1045 277 1148 309 8-9,

285 393 428 431 ulfimo
461 390 700 441 scripsimus.
764 388 898 439 Atque
935 388 1071 440 agitur
1107 386 1269 438 quidem
1305 385 1486 426 uersibus
1519 386 1633 425 5—7
1666 385 1715 424 de
1751 384 1825 425 deo

287 453 436 502 aliquo,
467 452 537 501 qui
567 450 702 488 urbem
726 450 768 488 et
796 449 986 498 populum
1010 447 1236 487 Romamum
1266 459 1345 497 quo
1373 445 1491 486 modo
1516 457 1675 486 seruare
1699 445 1828 496 possit

287 511 522 559 meditatur3
559 523 581 550 e
611 521 730 548 uersu
758 509 781 546 7
815 508 984 558 apparet
1014 507 1182 547 eundem
1213 519 1376 556 operam
1405 505 1577 555 dedisse,
1607 507 1654 544 ut
1684 505 1828 545 saltem

288 571 339 610 ad
363 571 483 610 lustri
513 569 632 609 finem
664 568 773 608 urbis
804 568 1013 607 interitum
1044 566 1222 606 differret
1252 567 1324 606 aut
1352 565 1490 605 urbem
1519 565 1649 617 ipsam
1673 565 1829 604 saluam

288 631 540 682 protolleret:
572 629 641 668 ubi
673 627 1072 668 animaduertendum
1103 628 1164 666 est
1193 627 1262 665 hoc
1292 638 1510 676 pronomen
1542 625 1650 676 quod
1679 623 1828 677 signifi·
1867 622 1869 626 ’

290 693 353 731 cet
377 690 420 729 id
446 703 526 740 quo
552 690 700 728 uiuunt
722 688 894 727 lustrum
919 699 1116 738 praesens.
1161 685 1275 732 Quod
1300 686 1452 725 scilicet
1476 686 1648 725 lustrum
1673 685 1832 735 ceperat

291 750 431 790 eodem
461 762 566 788 anno
599 748 805 788 exordium
839 759 918 798 quo
948 746 1095 786 Lucilii
1132 746 1263 796 poesis
1297 741 1501 797 623s131:
1541 757 1618 794 quo
1650 743 1694 791 Q.
1714 743 1830 784 Pom-

289 810 403 861 peius
436 809 480 856 Q.
505 808 691 848 Metellus
723 819 903 847 censores
935 807 1006 858 qui
1035 805 1181 845 Lucilii
1211 806 1366 844 inimici
1397 807 1511 844 erant
1534 803 1692 855 Lupum
1722 804 1831 855 prin-

292 870 422 921 cipem
458 870 621 909 senatus
659 867 854 907 fecerant:
897 865 1075 905 nondum
1112 865 1263 905 exierat
1299 877 1389 905 cum
1424 864 1574 903 librum
1598 863 1617 902 I
1653 863 1832 903 Lucilius

293 928 538 979 conscripsit.
599 927 791 967 Videmus
823 939 869 966 ex
904 925 1036 966 uerbis
1066 926 1227 975 petisset
1264 926 1305 964 et
1333 924 1557 974 protolleret
1594 922 1835 963 sententiam

294 990 359 1029 dei
389 1001 469 1028 non
501 1001 526 1028 a
562 987 635 1027 deo
671 988 759 1038 ipso
797 986 876 1026 dici
911 987 954 1025 in
993 986 1160 1026 concilio
1199 984 1266 1024 sed
1305 998 1329 1024 a
1365 986 1485 1036 poeta
1520 983 1671 1023 referri.
1735 981 1838 1022 Conf

293 1049 390 1090 Hor.
416 1060 535 1088 carm.
562 1059 662 1087 saec.
690 1048 744 1086 65
774 1044 834 1086 ‘Si
859 1046 1066 1086 Palatinas
1091 1045 1204 1084 uidet
1228 1057 1378 1095 aequus
1405 1056 1526 1092 arces,
1553 1042 1835 1094 Remque'Ro-

256 1128 258 1130 v
294 1121 456 1149 manain
491 1107 733 1158 Latiumque
770 1106 866 1146 felix
903 1106 1089 1145 Alterum
1126 1105 1167 1144 in
1205 1105 1377 1144 lustrum
1420 1104 1640 1154 meliusque
1683 1115 1838 1154 semper

295 1169 495 1220 Prorogat
532 1164 704 1207 aeuum'.
761 1166 850 1205 Val.
876 1165 980 1205 Max.
1007 1165 1065 1203 IV
1094 1167 1131 1214 1,
1154 1166 1209 1204 10
1242 1161 1469 1203 ‘Africanus
1492 1194 1498 1200 .
1521 1194 1528 1201 .
1550 1193 1558 1202 .
1579 1175 1718 1202 censor
1747 1174 1837 1202 cum

295 1230 469 1268 lustrum
508 1227 695 1267 conderet
731 1227 852 1277 inque
883 1226 1002 1266 solito
1039 1224 1125 1264 fieri
1170 1223 1363 1264 sacrificio
1407 1222 1536 1262 scriba
1578 1235 1624 1261 ex
1667 1221 1837 1273 publicis

297 1289 447 1329 tabulis
485 1287 676 1327 sollemne
715 1286 750 1325 ei
788 1285 1029 1337 precationis
1067 1297 1225 1324 carmen
1257 1284 1448 1335 praeiret,
1486 1295 1564 1334 quo
1599 1282 1640 1321 di
1677 1282 1837 1322 immor-

297 1348 400 1388 tales
430 1348 478 1387 ut
507 1347 647 1398 populi
678 1346 848 1386 Romani
880 1357 943 1385 res
973 1345 1156 1385 meliores
1189 1343 1480 1395 amplioresque
1505 1343 1694 1393 facerent,
1724 1354 1838 1396 roga-

297 1409 461 1448 bantur:
500 1402 687 1456 “Satis''‚
716 1407 868 1456 inquit,
903 1402 1062 1444 “bonae
1095 1405 1134 1444 et
1164 1417 1333 1456 magnae
1365 1404 1468 1442 sunt.
1530 1402 1671 1454 Itaque
1702 1414 1841 1453 precor

299 1471 348 1508 ut
379 1480 446 1507 eas
478 1468 671 1518 perpetuo
702 1466 919 1506 incolumes
953 1461 1172 1504 seruent”.’
1230 1462 1502 1503 Meditabatur
1531 1462 1714 1513 Iuppiter
1744 1473 1840 1513 quo-

299 1528 418 1568 modo
449 1527 558 1567 urbis
589 1526 806 1577 populique
838 1525 1009 1564 Romani
1039 1524 1191 1564 ruentis
1226 1523 1402 1563 differret
1438 1522 1644 1562 excidium.
1707 1521 1841 1573 Scipio

301 1587 552 1628 Aemilianus
583 1586 700 1626 modo
733 1587 820 1625 erat
851 1598 921 1637 per
951 1584 1034 1623 uim
1066 1585 1229 1624 necatus
1261 1595 1285 1622 a
1310 1582 1465 1631 sicario,
1495 1583 1538 1620 in
1564 1581 1660 1621 urbe
1684 1582 1843 1622 funesta

302 1647 445 1688 seditio
483 1646 741 1699 grassabatur
773 1644 1021 1694 Gracchana,
1052 1645 1093 1683 in
1119 1643 1240 1683 Italia
1271 1643 1466 1684 sociorum
1499 1641 1736 1682 audiebatur
1765 1641 1841 1681 fre-

303 1709 439 1756 mitus,
470 1709 557 1746 tum
587 1706 738 1745 bellum
769 1705 982 1744 imminens
1015 1703 1294 1756 F1egellanum
1325 1703 1479 1742 animos
1511 1701 1693 1753 angebat.
1748 1700 1844 1740 Ideo

305 1768 470 1808 deorum
501 1765 713 1806 concilium
745 1766 1036 1805 conuocauerat
1059 1764 1242 1815 Iuppiter
1272 1762 1381 1802 urbis
1407 1762 1538 1802 custos
1564 1756 1664 1815 (Cic.
1689 1760 1732 1800 in
1758 1759 1843 1800 Cat.

307 1828 327 1867 I
356 1829 407 1867 11
442 1826 504 1866 ΠΙ
531 1821 607 1879 29)
641 1827 687 1865 ut
717 1826 875 1865 etiamsi
906 1824 1098 1864 Romanis
1129 1823 1170 1862 di
1203 1824 1335 1863 essent
1365 1822 1472 1873 irati,
1502 1823 1637 1861 tamen
1662 1820 1846 1861 uiderent

306 1890 340 1928 si
372 1900 450 1938 quo
482 1886 599 1926 modo
630 1887 792 1937 possent
823 1898 968 1924 munus
998 1885 1114 1936 fungi
1139 1885 1180 1923 et
1204 1895 1339 1922 muros
1364 1894 1532 1921 seruare.
1585 1881 1763 1932 Propert.
1783 1879 1845 1919 III

309 1951 377 1996 11,
397 1948 452 1986 65
487 1944 611 1986 ‘Haec
643 1945 684 1984 di
716 1944 988 1993 condiderunt,
1019 1944 1116 1983 haec
1147 1943 1189 1982 di
1220 1955 1379 1994 quoque
1411 1942 1569 1981 moenia
1598 1936 1785 1980 seruant’.

426 2002 472 2046 9.
505 2005 731 2045 Scholiasta
760 2005 868 2044 Pers.
895 2004 914 2043 I
943 2006 985 2043 1:
1025 2001 1075 2043 ‘O
1107 2015 1222 2043 curas
1252 2002 1470 2051 hominum,
1504 2013 1528 2041 o
1561 2002 1756 2051 quantum
1787 2000 1848 2039 est

306 2068 349 2106 in
380 2066 497 2105 rebus
527 2061 665 2118 inane]
698 2065 827 2104 inane.
890 2062 986 2104 ὅσον
1021 2062 1063 2103 τὸ
1100 2061 1229 2103 κενόν.
1290 2062 1408 2101 Hunc
1444 2074 1601 2100 uersum
1639 2060 1687 2099 de
1717 2059 1848 2099 Lucili

307 2127 437 2178 primo
468 2125 679 2165 transtulit
709 2126 751 2164 et
779 2124 879 2164 bene
909 2124 1018 2163 uitae
1050 2123 1153 2162 uitia
1182 2123 1392 2172 increpans
1424 2121 1473 2159 ab
1499 2120 1764 2160 admiratione
1787 2120 1847 2158 in-

310 2183 435 2237 cipit’.
509 2185 690 2224 Primum
729 2184 856 2224 Persii
898 2184 1100 2235 integrum
1146 2195 1325 2231 uersum,
1361 2194 1440 2220 non
1483 2180 1697 2220 secundum
1735 2176 1848 2226 ‘Quis

310 2247 418 2298 leget
447 2244 574 2284 haec?
604 2245 687 2284 min
719 2246 765 2284 tu
795 2243 905 2284 istud
936 2242 1023 2284 ais?
1061 2255 1187 2293 nemo,
1219 2242 1388 2281 hercule.
1450 2236 1608 2279 nemo?’
1647 2240 1694 2278 ut
1723 2238 1848 2278 Lach-

311 2318 482 2346 mannus
514 2307 555 2344 et
585 2305 629 2344 L.
655 2304 871 2344 Muellerus
903 2303 1092 2342 arbitrati
1122 2303 1217 2342 sunt
1248 2314 1272 2340 a
1295 2301 1432 2340 Persio
1459 2313 1505 2339 ex
1530 2299 1678 2339 Lucilii
1702 2298 1804 2339 libro
1830 2297 1850 2337 Ι

313 2366 566 2416 desumptum
605 2377 689 2404 esse
727 2364 1020 2403 demonstrauit
1061 2364 1153 2413 post
1188 2362 1425 2413 Pinzgerum
1469 2360 1570 2399 alios
1614 2359 1662 2399 de
1706 2358 1850 2410 quibus

312 2426 404 2465 uide
449 2424 649 2464 Gerlachii
691 2424 888 2463 Lucilium
927 2436 965 2474 p.
993 2424 1032 2473 5,
1054 2423 1108 2461 29
1143 2421 1183 2461 O.
1205 2421 1247 2460 F.
1267 2420 1459 2460 Heinrich
1503 2419 1582 2459 Des
1624 2418 1672 2458 A.
1692 2418 1852 2458 Persius

312 2486 480 2525 Flaccus
519 2484 677 2524 Satiren
714 2484 880 2535 Leipzig
907 2483 1021 2522 1844
1059 2496 1108 2534 p.-
1127 2482 1199 2521 74:
1237 2482 1350 2520 cuius
1391 2479 1587 2519 iudicium
1632 2478 1853 2529 probarunt

313 2545 578 2585 Buechelerus
608 2545 651 2583 in
676 2543 804 2584 Persii
829 2541 1005 2582 editione
1028 2541 1294 2581 Baehrensius
1324 2541 1366 2580 in
1392 2539 1434 2578 F.
1448 2538 1491 2578 P.
1504 2538 1550 2578 R.
1583 2538 1664 2577 alii.
1711 2538 1851 2588 Neque

315 2606 423 2645 enim
452 2606 592 2656 magni
620 2603 847 2643 faciendum
878 2603 913 2642 si
942 2604 985 2642 in
1017 2601 1150 2642 codice
1182 2601 1317 2651 aliquo
1349 2599 1527 2640 scholion
1556 2597 1659 2637 illud
1685 2597 1735 2636 ad
1759 2610 1797 2636 u.
1826 2598 1850 2636 2

317 2665 562 2716 adscriptum
593 2677 676 2704 esse
707 2663 868 2702 uidetur
902 2663 944 2702 et
972 2675 1009 2701 u.
1039 2663 1061 2701 1
1096 2661 1222 2700 Persii
1260 2661 1368 2699 solus
1406 2659 1464 2698 ita
1501 2659 1755 2708 comparatus
1793 2657 1854 2698 est

316 2726 365 2764 ut
395 2738 441 2764 ex
471 2724 628 2764 Lucilio
658 2724 816 2775 integer
844 2723 973 2774 possit
1003 2734 1087 2761 esse
1124 2721 1363 2760 translatus:
1400 2731 1424 2758 o
1460 2718 1675 2769 repetitum
1705 2711 1853 2756 Lucili-

318 2798 439 2824 anum
470 2796 553 2823 esse
585 2783 735 2823 eui'ncit
758 2796 796 2821 u.
826 2783 965 2822 incert.
995 2782 1121 2821 1238.
1169 2781 1261 2819 Non
1291 2779 1385 2818 libri
1410 2778 1430 2817 I
1461 2778 1529 2818 sed
1560 2776 1752 2817 orationis
1781 2776 1852 2815 ali-

318 2844 429 2884 cuius
459 2843 734 2894 prohoemium
764 2843 843 2881 fuit
872 2842 937 2881 hic
967 2853 1106 2881 uersus
1138 2853 1216 2891 quo
1241 2840 1424 2890 Iuppiter
1451 2837 1570 2877 sicuti
1594 2835 1854 2876 Ecclesiastes

318 2902 609 2943 κενοσπουδίαν
640 2904 681 2942 et
711 2901 997 2955 ματαιοπονίαν
1027 2900 1262 2940 mortalium
1292 2897 1552 2951 uituperarit:
1589 2909 1716 2947 neque
1747 2894 1854 2935 enim

320 2976 562 3014 quemquam
597 2963 762 3002 deorum
797 2963 927 3015 magis
963 2961 1078 3001 decet
1097 2959 1308 3000 eiusmodi
1344 2957 1576 3009 conquestio
1619 2955 1752 3006 qualis
1795 2955 1856 2994 est

319 3023 392 3063 illa
422 3023 539 3062 Hom.
565 3037 591 3061 α
617 3023 672 3062 32
706 3017 737 3062 ὦ
767 3021 903 3072 πόποι,
934 3016 1021 3060 οἷον
1052 3019 1103 3071 δή
1135 3035 1185 3059 νυ
1218 3018 1340 3067 θεοὺς
1371 3015 1507 3071 βροτοὶ
1535 3014 1775 3056 αἰτιόωνται·
1814 3011 1854 3062 ἐξ
