2060 3444
828 314 912 362 XLV
939 327 990 361 u„
1003 318 1204 351 464—465.
1705 315 1789 359 173

240 443 277 480 p.
307 430 390 469 273
407 424 474 483 A).
525 429 740 469 Praeterea
771 429 994 480 piratarum
1027 423 1143 482 (conf
1170 429 1221 468 ad
1253 429 1382 469 Lucil.
1415 431 1552 470 incert.
1585 445 1622 470 u.
1653 425 1787 485 1292)

239 491 534 529 contumaciam
589 491 629 528 et
685 489 895 529 audaciam
951 490 1210 541 comprimere
1266 502 1386 529 curae
1443 493 1531 530 erat
1579 492 1789 530 Romanis:

242 549 372 589 Strab.
399 550 494 588 XIV
520 564 558 600 p.
587 551 671 589 668
705 553 786 597 τοῖς
818 547 860 590 δὲ
892 549 1050 598 Κίλιξιν
1087 547 1214 602 ἀρχὴν
1245 555 1316 589 τοῦ
1353 548 1401 589 τὰ
1437 549 1642 604 πειρατικὰ
1680 551 1788 591 συνί-

239 613 410 650 στασθαι
447 610 620 663 Τρύφων
658 605 1141 664 (612s142—616s138)
1180 609 1304 658 αἴτιος
1341 608 1504 662 κατέστη
1543 609 1610 650 καὶ
1647 608 1672 662 ἡ
1710 617 1789 651 τῶν

238 668 432 723 βασιλέων
463 669 644 710 οὐδένεια
677 676 755 709 τῶν
786 669 868 710 τότε
900 669 942 709 ἐκ
974 670 1163 722 διαδοχῆς
1194 668 1509 710 ἐπιστατούντων
1541 676 1610 723 τῆς
1636 671 1790 726 Συρίας

239 730 321 783 ἅμα
352 728 418 770 καὶ
450 736 520 782 τῆς
552 730 734 778 Κιλικίας
764 744 803 780 p.
833 731 916 770 669
950 729 1194 783 Συνήργουν
1227 725 1264 769 δ’
1299 729 1355 778 εἰς
1386 737 1508 770 ταῦτα
1539 729 1606 771 καὶ
1643 731 1688 771 οἵ
1720 737 1790 784 τῆς

239 790 408 843 Κύπρου
448 789 514 830 καὶ
553 791 594 830 οἱ
627 796 697 843 τῆς
729 789 939 844 Αἰγύπτου
976 790 1149 843 βασιλεῖς
1186 788 1324 843 ἐχθροὶ
1360 794 1443 839 τοῖς
1474 791 1626 845 Σύροις
1663 789 1788 840 ὄντες·

239 846 328 891 οὐδ’
364 850 412 890 οἵ
432 846 608 891 Ῥόδιοι
639 848 682 890 δὲ
714 853 825 902 φίλοι
857 844 960 902 ἦσαν
991 848 1127 898 αὐτοῖς
1161 846 1247 890 ὥστ’
1289 849 1409 892 οὐδὲν
1446 850 1669 904 ἐβοήθουν·
1708 851 1790 904 ἅμα

240 908 283 950 δὲ
315 909 381 950 καὶ
413 911 455 950 οἵ
475 909 614 968 λῃσταὶ
639 910 975 964 προσποιούμενοι
1001 914 1323 964 σωματεμπορεῖν
1348 909 1494 951 ἄλυτον
1519 911 1593 964 τὴν
1618 927 1790 965 κακουρ-

239 971 331 1025 γίαν
362 966 478 1023 εἶχον.
536 966 632 1011 Ἀλλ’
667 968 760 1011 οὐδὲ
787 965 973 1023 Ῥωμαῖοί
1001 985 1062 1010 πω
1099 977 1290 1011 τοσοῦτον
1328 970 1561 1025 ἐφρόντιζον
1599 978 1679 1012 τῶν
1716 972 1789 1021 ἔξω

241 1038 311 1071 τοῦ
348 1031 522 1085 Ταύρου,
553 1027 649 1071 ἀλλ’
685 1030 907 1083 ἔπεμψαν
940 1029 1022 1083 μὲν
1054 1030 1132 1071 καὶ
1165 1032 1418 1072 Σκιπίωνα
1449 1031 1531 1072 τὸν
1562 1032 1790 1085 Αἰμιλια-

242 1091 327 1131 νὸν
358 1090 673 1143 ἐπισκεψόμενον
705 1090 750 1130 τὰ
782 1090 885 1143 ἔθνη
918 1090 984 1131 καὶ
1012 1090 1081 1140 τὰς
1106 1090 1238 1140 πόλεις
1263 1090 1329 1131 καὶ
1355 1092 1474 1133 πάλιν
1499 1091 1641 1142 ἄλλους
1667 1093 1791 1143 τινάς,

241 1150 418 1205 ἔγνωσαν
456 1149 499 1191 δὲ
534 1151 653 1207 κακίᾳ
690 1157 770 1191 τῶν
807 1149 1009 1205 ἀρχόντων
1046 1153 1270 1205 συμβαῖνον
1307 1159 1422 1192 τοῦτο
1462 1155 1540 1192 κτλ.
1602 1154 1791 1204 Inprimis

240 1214 354 1263 regni
387 1212 543 1263 Syriaci
573 1212 730 1262 turbas,
767 1224 867 1263 quas
898 1225 991 1265 rege
1022 1212 1222 1252 Antiocho
1247 1213 1307 1252 VI
1344 1226 1449 1254 anno
1487 1214 1569 1253 fere
1603 1210 1789 1267 611s143

241 1272 306 1311 uel
339 1268 525 1325 612s142
560 1286 583 1311 a
615 1273 829 1324 Tryphone
868 1273 996 1312 occiso
1033 1275 1164 1312 motas
1202 1286 1286 1313 esse
1330 1287 1447 1326 aegre
1488 1274 1672 1319 ferebant
1713 1275 1790 1314 Ro-

241 1333 368 1382 mani,
418 1346 653 1383 componere
699 1333 911 1384 oportebat
958 1334 1131 1385 legatos:
1182 1335 1279 1373 conf
1318 1334 1454 1374 Niesei
1497 1335 1635 1374 histor.
1682 1336 1791 1374 ciuit.

242 1392 377 1432 Graec.
403 1393 465 1432 HI
497 1388 653 1447 (1903)
679 1406 717 1444 p.
747 1394 842 1432 283.
870 1415 928 1420 —
955 1393 1172 1434 Ecbatanis
1205 1396 1246 1433 et
1270 1394 1477 1446 Babylone
1509 1396 1580 1434 illo
1612 1397 1791 1446 tempore

242 1453 438 1504 regnabat
456 1452 684 1493 Demetrius
705 1454 745 1492 II
764 1454 932 1493 Nicator
953 1448 1434 1508 (609s145—615s139:
1461 1455 1557 1494 conf
1571 1456 1618 1494 A.
1640 1456 1791 1494 Holmii

242 1514 334 1552 hist.
356 1512 422 1552 Gr.
439 1513 497 1552 IV
517 1508 674 1567 (1894)
696 1528 733 1564 p.
756 1515 853 1552 533.
877 1515 961 1552 553
983 1514 1215 1554 Wilckenus
1235 1514 1381 1565 Paulyi
1401 1516 1621 1555 Wissowae
1643 1516 1791 1566 encycl.

244 1586 272 1612 s.
299 1587 336 1612 u.
362 1573 579 1613 Antiochos
605 1573 663 1611 VI
689 1574 919 1624 Epiphanes
945 1569 1175 1628 Dionysos).
1238 1575 1432 1614 Nominat
1464 1575 1599 1626 Scipio
1631 1578 1792 1626 praeter

244 1633 493 1684 Babylonem
533 1634 739 1672 Ecbatana
776 1633 885 1684 quod
922 1633 1073 1673 sciebat
1109 1637 1265 1673 aestate
1302 1648 1437 1686 regem
1479 1635 1621 1687 degere
1667 1636 1793 1675 solere

246 1693 461 1732 Ecbatanis
488 1689 604 1746 (Xen.
632 1693 746 1733 anab.
771 1693 834 1732 ΠΙ
861 1694 899 1743 5,
928 1695 980 1732 15
1010 1694 1141 1733 Strab.
1167 1694 1225 1733 XI
1249 1708 1286 1746 p.
1316 1690 1431 1749 524).
1490 1696 1694 1735 Reuerane
1725 1710 1792 1746 pe-

244 1753 356 1792 tierit
385 1754 457 1792 has
489 1753 607 1792 urbes
639 1767 691 1792 an
722 1756 862 1804 postea
894 1754 1084 1794 abiecerit
1115 1755 1338 1805 consilium,
1370 1756 1472 1794 nihil
1498 1756 1550 1795 ad
1574 1756 1680 1795 hunc
1704 1770 1791 1795 uer-

246 1826 343 1852 sum.
394 1813 499 1852 Nam
528 1812 705 1853 Lucilius
731 1813 957 1864 Scipionem
982 1815 1058 1853 hoc
1083 1815 1184 1854 libro
1210 1815 1370 1855 induxit
1394 1829 1553 1855 cursum
1578 1817 1793 1868 legationis

246 1886 340 1912 suae
366 1874 694 1924 pronuntiantem
720 1873 827 1924 quod
852 1874 1002 1914 fecerat
1027 1887 1131 1914 anno
1157 1876 1239 1914 fere
1267 1872 1456 1929 614s140
1483 1877 1633 1916 Romae
1660 1890 1794 1916 coram

246 1934 386 1973 amicis
405 1933 496 1974 suis.
539 1933 663 1980 Quem
682 1947 816 1986 regem
835 1934 955 1985 dicat,
975 1935 1252 1974 Ptolemaeum
1272 1936 1387 1975 illum
1407 1949 1460 1975 an
1478 1937 1728 1977 Demetrium
1741 1938 1794 1987 H,

246 1994 413 2034 Nicator
457 1994 525 2044 qui
569 1994 776 2044 audiebat,
820 1994 933 2034 cuius
977 1995 1049 2035 illo
1091 1997 1272 2047 ternpore
1319 1999 1406 2036 erat
1448 1997 1633 2049 Babylon
1684 1993 1799 2052 (conf

246 2054 414 2094 Nieseus
438 2054 464 2093 l.
490 2066 519 2093 s.
546 2068 584 2105 p.
611 2055 710 2104 289,
738 2049 796 2108 5),
828 2067 908 2094 non
935 2056 1085 2106 liquet:
1123 2056 1254 2094 Rhodi
1286 2057 1440 2096 insulae
1472 2059 1632 2097 nomine
1670 2059 1794 2096 inter—

246 2115 378 2164 posito
417 2113 651 2154 adducimur
687 2117 735 2154 ut
770 2115 1047 2154 Ptolemaeum
1083 2118 1218 2167 potius
1258 2117 1552 2169 intellegamus.
1622 2118 1793 2157 Easdem

247 2173 346 2213 duas
378 2175 497 2213 urbes
534 2188 634 2225 quas
666 2174 843 2215 Lucilius
877 2174 1041 2215 Orosius
1066 2176 1104 2214 V
1133 2178 1201 2226 10,
1228 2178 1252 2215 8
1293 2191 1450 2228 quoque
1488 2179 1715 2217 nominauit
1735 2179 1793 2225 ,in

248 2234 416 2274 historia
452 2234 564 2273 illius
601 2235 792 2286 temporis
832 2232 978 2276 ‘Isdem
1016 2236 1262 2287 temporibus
1301 2233 1531 2292 (624s130)
1573 2238 1794 2278 Antiochus

250 2290 368 2347 (VII
389 2289 574 2348 Sidetas),
612 2308 691 2334 non
729 2297 938 2335 contentus
971 2296 1181 2347 Babylona
1213 2298 1334 2348 atque
1365 2298 1592 2348 Ecbatana,
1629 2300 1794 2348 totoque

249 2354 404 2392 Mediae
429 2354 610 2404 imperio,
635 2355 825 2394 aduersus
846 2355 1101 2406 Phrahatem‚
1127 2357 1371 2396 Parthorum
1390 2371 1536 2410 regem,
1563 2371 1794 2410 congressus

251 2415 292 2452 et
322 2415 452 2452 uictus
485 2411 572 2453 est'.
634 2415 695 2454 Ne
726 2415 800 2454 hoc
831 2416 991 2466 quidem
1022 2428 1095 2467 pro
1127 2419 1235 2456 certo
1273 2417 1370 2456 licet
1407 2418 1618 2468 affirmari,
1657 2418 1794 2458 eadem

251 2474 319 2512 uia
349 2486 488 2512 reuera
517 2474 786 2514 Aemilianum
817 2478 957 2526 postea
989 2478 1147 2516 uectum
1179 2489 1274 2527 esse,
1306 2491 1428 2528 quam
1459 2478 1534 2517 hoc
1566 2479 1653 2518 loco
1685 2479 1795 2529 apud

251 2532 450 2572 Lucilium
481 2534 522 2573 in
553 2534 710 2574 itineris
735 2537 1042 2586 praeparatione
1067 2536 1275 2576 indicauit.
1325 2538 1430 2576 Nam
1456 2538 1674 2577 secundum
1698 2539 1794 2578 Dio-

252 2593 393 2632 dorum
411 2593 436 2632 l.
457 2606 486 2633 s.
507 2606 536 2632 s.
581 2595 825 2634 Alexandria
850 2596 1020 2646 profecti
1045 2594 1109 2636 ἐπὶ
1134 2596 1304 2650 Κύπρου
1329 2595 1519 2638 κάκεῖθεν
1551 2596 1616 2638 ἐπὶ
1642 2598 1795 2651 Συρίας

254 2652 327 2704 τὴν
370 2650 583 2707 ἀναγωγὴν
626 2652 877 2707 ἐποιήσαντο,
921 2657 1029 2707 apud
1071 2656 1270 2696 Lucilium
1316 2658 1566 2697 Alexandrea
1611 2658 1794 2698 Rhodum

255 2725 332 2763 quo
377 2715 494 2763 pacto
537 2714 615 2753 iter
658 2714 729 2753 fiat
771 2715 917 2754 dixerit
965 2716 1113 2767 aliquis
1162 2717 1333 2757 indicari
1381 2719 1444 2757 his
1486 2719 1668 2758 uersibus
1708 2719 1792 2757 466

252 2772 390 2811 incert.
415 2786 454 2811 u.
484 2775 615 2812 1291:

332 2855 593 2907 Carpathium
623 2870 733 2896 mare
764 2859 1016 2898 transuectus
1048 2856 1208 2900 cenabis
1239 2861 1370 2900 Rhodi

332 2912 468 2967 <qua>
498 2916 660 2956 Rhodus
693 2915 954 2968 Carpathium
985 2920 1026 2957 in
1058 2920 1227 2972 pelagus
1259 2933 1299 2959 se
1331 2922 1500 2960 inclinat
1530 2924 1713 2972 apertum

256 3023 355 3062 quos
392 3024 531 3051 uersus
571 3016 735 3064 propter
772 3014 903 3052 Rhodi
945 3015 1102 3054 insulae
1146 3028 1288 3055 nomen
1332 3017 1423 3055 huic
1468 3017 1570 3057 libro
1610 3017 1796 3056 attribuit

256 3071 299 3110 L.
319 3070 543 3111 Muellerus.
607 3072 684 3111 Sed
715 3074 807 3113 uide
839 3074 890 3112 ad
916 3088 952 3113 u.
980 3087 1060 3125 seq.
