2060 3444
333 223 422 272 210
920 222 1003 264 XIX
1027 241 1063 264 u.
1090 228 1290 266 564—565.

335 344 435 394 elige
480 342 549 392 qui
592 343 766 381 omnium
811 342 886 381 tibi
928 342 1036 381 uisus
1080 343 1139 381 est
1175 342 1479 392 pulcherrimus:
1521 342 1638 382 huius
1674 340 1864 381 memoria

333 403 492 441 laeteris
529 403 703 452 oportet:
749 399 926 452 ‘pulcher
969 402 1119 453 fugatis
1162 402 1232 441 ille
1269 402 1351 441 dies
1387 401 1505 441 Latio
1541 399 1727 441 tenebris'
1767 401 1862 441 Hor.

334 475 452 500 carm.
477 461 535 500 IV
562 463 605 512 4,
634 463 706 512 39,
746 458 901 500 ‘Cressa
938 475 986 500 ne
1024 463 1159 500 careat
1193 462 1359 511 pulchra
1399 461 1481 500 dies
1512 458 1622 501 nota’
1654 461 1675 499 I
1702 462 1769 511 36,
1797 463 1863 511 10,

332 521 463 560 Plaut.
483 521 600 560 Poen.
623 521 706 560 255
736 518 856 560 ‘diem
880 521 1062 571 pulcrum
1087 523 1127 560 et
1151 521 1344 560 celebrem
1369 523 1409 559 et
1433 521 1654 560 uenustatis
1673 518 1863 571 plenum’3

335 580 412 620 Cic.
438 580 611 631 Philipp.
642 581 685 619 H
710 581 784 631 43,
819 582 903 619 110
953 577 1078 619 ‘sume
1122 580 1242 630 diem,
1291 580 1382 619 uide
1427 580 1494 631 qui
1537 582 1576 619 te
1619 577 1863 631 inauguret':
1912 579 1914 581 ’

332 642 490 691 proprie
535 640 641 679 enim
683 640 828 678 dicitur
871 640 975 678 diem
1018 653 1172 679 sumere
1217 635 1307 693 (pro
1355 639 1464 679 Gaec.
1499 642 1541 690 7,
1577 641 1631 679 20
1675 636 1774 679 ‘dies
1817 653 1862 679 ex

332 701 538 750 utriusque
570 700 774 739 commodo
806 694 1022 753 sumitur').

452 754 561 799 565.
593 759 746 799 Nonius
787 773 833 798 ex
865 759 1124 810 grammatico
1157 773 1193 810 p.
1218 760 1319 809 149,
1346 760 1400 798 33
1435 755 1808 798 ‘Peniculamentmn
1839 771 1863 798 a

332 819 531 858 ueteribus
577 832 671 870 pars
714 820 836 858 uestis
875 818 1030 858 dicitur.
1162 817 1339 858 Lucilius
1376 817 1443 856 lib.
1469 818 1626 856 XVHII
1671 815 1862 867 “penula-

330 882 454 918 mento
491 891 582 918 uere
715 875 856 918 noli’'.'
927 879 1046 918 Recte
1083 879 1114 917 Ι.
1141 879 1276 917 Dousa
1312 889 1416 917 uero.
1483 878 1861 928 Peniculamentum,

332 939 437 989 quod
474 940 534 977 est
571 951 704 988 syrma
743 937 907 987 Graece,
945 951 990 977 ex
1027 938 1157 977 Ennio
1201 939 1370 988 sumpsit
1406 950 1495 976 ann.
1528 937 1584 976 XI
1620 938 1703 976 362
1719 937 1773 987 V,
1816 951 1862 977 ex

331 997 467 1037 eodem
499 998 620 1037 Ennii
652 998 944 1037 contubernalis
977 996 1129 1036 Statius
1156 996 1350 1036 Caecilius
1379 998 1460 1036 132
1476 997 1521 1036 R.
1570 997 1860 1046 chrehenderc

303 1054 506 1096 'Lucilius
556 1058 620 1096 hic
669 1058 845 1107 scripsit,
896 1070 983 1096 cum
1026 1069 1117 1096 raro
1154 1058 1196 1095 in
1238 1069 1357 1096 uersu
1399 1056 1528 1095 medio
1572 1059 1663 1095 ante
1706 1058 1859 1096 mutam

330 1130 419 1155 cum
462 1117 615 1167 liquida
658 1118 815 1156 uocales
851 1117 1103 1167 produceret:
1149 1118 1287 1156 contra
1323 1116 1391 1155 lib.
1417 1116 1489 1154 XX
1514 1130 1550 1154 u.
1580 1117 1663 1155 573
1703 1115 1862 1167 scripsit

329 1177 523 1226 reprendi,
549 1177 619 1216 ubi
644 1176 742 1216 codd
767 1177 1003 1225 reprehendi.
1061 1175 1386 1228 Coniungendum
1412 1177 1473 1215 est
1495 1176 1570 1215 hoc
1594 1176 1862 1228 fragmentum

331 1249 419 1275 cum
451 1249 567 1275 uersu
599 1237 789 1286 sequenti.
851 1236 984 1288 Vulgo
1015 1236 1162 1276 dicitur
1195 1233 1492 1286 ‘reprehendere
1523 1235 1695 1285 aliquem
1721 1232 1859 1286 pallio'

329 1294 520 1348 λαβέσθαι
550 1294 656 1343 τινὸς
686 1301 756 1335 τοῦ
785 1295 941 1347 ἱματίου
968 1296 1074 1346 quod
1098 1296 1300 1334 faciebant
1330 1296 1401 1346 qui
1425 1296 1467 1334 in
1493 1296 1635 1334 itinere
1660 1296 1860 1335 currentes

328 1355 497 1394 retinere
551 1355 740 1394 uolebant
781 1355 1033 1405 colloquendi
1075 1357 1146 1393 aut
1189 1354 1340 1406 aliquid
1383 1354 1542 1405 petendi
1585 1367 1721 1394 causa:
1771 1355 1865 1394 conf

329 1415 458 1454 Plaut.
485 1415 595 1454 Asin.
624 1416 706 1453 587
736 1412 1056 1454 ‘Lacrumantem
1082 1414 1229 1453 lacinia
1252 1416 1363 1454 tenet
1386 1410 1626 1454 lacrumans'
1659 1409 1788 1468 (Paul.
1814 1427 1860 1453 ex

328 1474 432 1513 Fest.
458 1488 497 1524 p.
521 1477 603 1514 117
638 1471 801 1513 ‘lacinia
827 1505 834 1513 .
856 1505 864 1512 .
887 1505 893 1512 .
920 1487 1013 1524 pars
1043 1475 1273 1514 uestimenti
1304 1468 1412 1528 est').
1467 1474 1627 1512 Brixius
1653 1474 1702 1513 ad
1728 1473 1859 1513 Plaut.

327 1534 409 1572 Mil.
438 1535 492 1573 59
539 1533 824 1573 Stallbaumius
869 1533 918 1572 ad
960 1533 1062 1573 Plat.
1094 1534 1205 1584 Beip.
1231 1534 1252 1572 Ι
1282 1548 1319 1584 p.
1349 1535 1431 1572 327
1452 1533 1497 1571 B.
1571 1533 1710 1572 Veluti
1753 1533 1860 1584 apud

327 1593 442 1632 Hom.
469 1595 508 1632 Γ
531 1594 614 1633 385
647 1593 782 1632 Venus
814 1593 1007 1632 Helenam
1039 1593 1274 1632 adlocuturo.
1304 1591 1398 1646 χειρὶ
1431 1590 1472 1632 δὲ
1504 1590 1711 1645 νεκταρέου
1740 1590 1859 1632 ἑανοῦ

327 1651 473 1700 ἐτίναξε
505 1653 690 1705 λαβοῦσα.
752 1652 807 1691 At
838 1652 1000 1703 Tityum
1040 1652 1181 1691 rudem
1213 1652 1394 1704 depingit
1424 1651 1557 1703 Apoll.
1582 1652 1707 1691 Rhod.
1728 1652 1748 1690 I
1775 1653 1859 1691 760

328 1711 492 1765 ἐρύοντα
517 1711 742 1765 καλύπτρης
763 1743 771 1751 .
787 1743 818 1751 ..
839 1710 1067 1765 θαρσαλέως
1085 1712 1292 1751 Latonam.
1312 1712 1411 1751 Mus.
1431 1712 1524 1751 Her.
1545 1714 1585 1751 et
1606 1711 1751 1751 Leand.
1776 1713 1857 1750 118

327 1770 555 1825 θαρσαλέως
602 1771 762 1827 παλάμῃ
812 1771 1103 1811 πολυδαίδαλον
1159 1769 1241 1811 ἕλκε
1289 1777 1442 1824 χιτῶνα.
1501 1772 1583 1810 123
1640 1768 1769 1822 Ξεῖνε,
1823 1770 1862 1810 τί

330 1831 574 1885 μαργαίνεις;
603 1831 643 1871 τί
664 1846 724 1884 με,
750 1831 934 1885 δύσμορε,
958 1829 1164 1884 παρθένον
1190 1829 1327 1880 ἕλκεις;
1346 1827 1489 1883 ’Ἁλλην
1515 1830 1632 1883 δεῦρο
1656 1828 1858 1870 κέλευθον·

326 1889 421 1942 ἐμὸν
447 1886 486 1930 δ’
513 1889 698 1930 ἀπόλειπε
723 1896 877 1943 χιτῶνα.
934 1891 1046 1929 Arat.
1076 1892 1159 1930 637
1187 1890 1231 1930 οῖ’
1249 1906 1317 1942 μιν
1342 1889 1488 1942 ἔφαντο
1513 1889 1672 1942 έλκῆσαι
1695 1887 1858 1930 πέπλοιο

325 1950 492 1990 Nicand.
532 1951 646 1990 Ther.
686 1952 737 1989 16
789 1948 991 2003 ἀχράντων
1041 1949 1102 1989 ὅτε
1151 1949 1256 2002 χερσὶ
1305 1953 1404 2002 θεῆς
1454 1948 1639 2003 ἐδράξατο
1687 1947 1856 1989 πέπλων.

325 2009 504 2049 Insolens
543 2010 666 2062 igitur
704 2012 744 2048 et
773 2012 982 2060 proteruus
1023 2012 1126 2058 erat,
1163 2010 1231 2059 qui
1262 2010 1469 2048 mulierem
1501 2009 1575 2048 tali
1605 2009 1722 2048 modo
1754 2022 1857 2048 com-

325 2069 503 2119 pellabat
550 2069 774 2117 honestam,
824 2070 964 2107 notum
1013 2070 1118 2107 enim
1167 2071 1227 2107 est
1275 2081 1355 2119 qua
1403 2068 1640 2107 uerecundia
1688 2069 1857 2107 Romani

325 2129 503 2168 homines
541 2128 725 2168 mulieres
762 2128 803 2166 in
840 2128 1001 2179 publico
1037 2128 1235 2178 prosecuti
1273 2127 1353 2167 sint
1390 2140 1565 2178 quosque
1601 2128 1769 2166 honores
1800 2128 1856 2166 eis

323 2187 538 2227 tribuerint
575 2182 631 2227 ὧν
667 2186 733 2227 καὶ
770 2187 891 2226 ταῦτά
927 2185 1046 2226 ἐστιν·
1086 2186 1310 2235 ἐξίστασθαι
1347 2185 1419 2239 μὲν
1455 2185 1553 2227 ὀδοῦ
1591 2186 1856 2240 βαδιζούσαις,

324 2246 483 2300 αἰσχρὸν
527 2244 568 2286 δὲ
613 2245 762 2299 μηδένα
805 2244 928 2299 μηδὲν
972 2246 1096 2286 εἰπεῖν
1138 2246 1340 2300 παρούσης
1382 2245 1570 2300 γυναικός
1612 2249 1689 2286 κτλ.
1730 2241 1854 2300 (Plut.

324 2307 480 2346 Romul.
516 2308 571 2346 20
598 2306 684 2346 Val.
710 2306 813 2345 Max.
833 2306 870 2343 V
897 2308 941 2357 2,
970 2301 1013 2361 1)
1054 2304 1110 2345 ‘in
1150 2307 1212 2346 ius
1249 2308 1411 2346 uocanti
1452 2308 1677 2346 main-onam
1713 2318 1855 2356 corpus

324 2368 408 2406 eius
441 2366 645 2418 adtingere
682 2379 762 2405 non
797 2367 1062 2416 permiserunt
1091 2368 1140 2405 ut
1169 2367 1366 2405 inuiolata
1397 2379 1546 2410 manus,
1568 2366 1720 2405 alienae
1744 2367 1855 2405 tactu

325 2426 430 2465 stola
471 2423 776 2476 relinqueretur'
817 2420 926 2480 (Val.
951 2426 1054 2464 Max.
1080 2425 1127 2464 II*
1150 2428 1192 2475 1,
1220 2421 1276 2481 5).
1347 2426 1551 2465 Postremo
1594 2425 1696 2464 illud
1743 2426 1855 2464 ueste

322 2486 500 2525 homines
543 2485 825 2536 reprehendere
868 2485 1085 2524 infantium
1133 2485 1303 2524 maxime
1347 2498 1429 2524 esse
1472 2487 1614 2535 poetae
1656 2486 1855 2524 testantur

323 2546 449 2584 ueluti
492 2545 687 2584 Homerus
722 2545 756 2583 X
790 2545 874 2583 493
920 2543 1131 2597 δευόμενος
1170 2542 1214 2584 δέ
1255 2539 1284 2583 τ’
1326 2542 1450 2584 ανεισι
1493 2544 1586 2592 πάϊς
1628 2543 1668 2591 ἐς
1710 2543 1855 2597 πατρὸς

323 2603 501 2658 ἑταίρους
537 2602 655 2644 ἄλλον
693 2619 764 2656 μεν
800 2604 961 2657 χλαίνης
991 2602 1137 2657 ἐρύων,
1173 2601 1292 2643 ἄλλον
1329 2601 1371 2642 δὲ
1402 2609 1579 2657 χιτωνος·
1624 2605 1669 2642 Π
1693 2605 1715 2642 7
1748 2603 1853 2642 τίπτε

323 2663 572 2717 δεδάκρυσαι,
604 2662 856 2717 Πατρόκλεις,
886 2660 980 2715 ἠυτε
1010 2663 1134 2716 κούρη
1166 2663 1306 2715 νηπίη,
1337 2662 1362 2715 ἥ
1393 2658 1433 2702 θ’
1461 2679 1542 2715 αμα
1573 2678 1689 2716 μητρι
1716 2652 1851 2701 θέουσ’

322 2721 531 2762 ἀνελέσθαι
563 2721 723 2776 ἀνώγει,
765 2722 900 2762 εἱανοῦ
931 2720 1130 2775 ἁπτομένη
1161 2722 1231 2762 καί
1258 2717 1285 2761 τ’
1314 2720 1534 2774 ἐσσυμένην
1563 2721 1792 2775 κατερύκει.

322 2782 458 2834 Eurip.
485 2782 627 2822 Troad.
656 2784 738 2821 557
787 2780 918 2834 βρέφη
972 2779 1014 2821 δὲ
1058 2782 1171 2833 φίλια
1214 2780 1302 2835 περὶ
1344 2779 1516 2830 πέπλους
1560 2780 1694 2834 ἔβαλλε
1738 2779 1852 2834 ματρὶ

322 2845 450 2894 χεῖρας
489 2840 728 2894 ἐπτοημένας
763 2842 846 2880 750
885 2837 915 2880 ὦ
946 2844 1026 2880 παῖ
1045 2872 1052 2880 .
1075 2873 1083 2881 .
1105 2873 1112 2880 .
1138 2841 1178 2881 τί
1212 2856 1288 2893 μου
1325 2839 1506 2894 δέδραξαι
1546 2838 1651 2894 χερσὶ
1686 2837 1850 2896 κάντέχῃ

321 2899 492 2941 πέπλων.
518 2902 665 2941 Pueros
689 2901 863 2940 infantes
875 2903 1010 2951 patres
1023 2901 1342 2951 peniculamento
1358 2900 1687 2951 reprehendentes
1701 2899 1852 2939 effinxit

323 2960 465 2999 artifex
486 2961 702 3012 anaglyphi
726 2973 818 2999 arae
837 2960 952 2999 Pacis
971 2961 1179 3012 Augustae
1198 2960 1276 2999 tab.
1297 2960 1355 2998 VI
1377 2961 1442 2999 22.
1465 2961 1519 2999 33
1541 2959 1632 2998 edit.
1652 2959 1848 2998 Peterson.
