2060 3444
259 284 324 319 XII
574 286 959 320 sUPPLEMENTUM
985 286 1167 320 CAPITIS
1192 287 1258 319 DE
1284 287 1448 320 NONIO.

273 391 429 427 Merceri
544 416 682 452 lemma

300 450 384 485 pag.

852 518 1133 555 commentario
1166 517 1206 554 in
1239 518 1423 568 georgica
1460 518 1672 567 utrumque
1702 530 1788 556 uer-

852 588 938 615 sum
970 588 1053 616 esse
1078 576 1330 626 desumptum
1357 576 1565 616 Menandri
1595 590 1674 615 11113
1700 590 1788 622 cum

850 636 992 674 Laeuii
1022 636 1063 674 et
1092 635 1239 675 Lucilii
1273 636 1461 675 uersibus.
1524 636 1587 674 Ad
1617 636 1789 688 Vergilii

851 708 982 747 georg.
1017 695 1075 734 IV
1111 696 1194 734 387
1244 692 1447 747 ‘magnum
1500 697 1567 745 qui
1616 696 1788 746 piscibus

851 767 998 805 aequor
1029 757 1069 794 et
1098 756 1233 794 iuncto
1265 754 1451 806 bipedum
1483 767 1599 794 curru
1625 756 1789 794 metitur

851 812 1055 864 cquorum’
1105 814 1265 853 Seruius
1308 815 1404 854 haec
1448 814 1633 854 adnolzat:
1656 812 1788 865 '‘equi

851 875 955 913 enim
1005 875 1150 913 marini
1199 875 1328 925 prima
1376 876 1489 924 parte
1545 875 1636 924 equi
1685 876 1788 923 sunt,

850 934 1050 983 postrema
1081 934 1336 974 resoluuntur
1366 935 1407 972 in
1444 931 1597 984 pisces’.
1660 933 1787 973 Multo

850 994 974 1044 igitur
1013 993 1250 1043 locupletius
1295 993 1469 1032 scholion
1516 993 1669 1033 Nonius
1712 993 1736 1031 l.
1758 1006 1786 1033 s.

850 1053 1036 1092 seruauit.
1101 1051 1211 1092 GGL
1242 1052 1304 1091 III
1347 1067 1384 1103 p.
1412 1054 1515 1102 437,
1555 1054 1611 1091 24
1646 1050 1785 1092 ‘umo-

848 1126 1003 1164 καμπος
1034 1125 1159 1163 equus
1190 1109 1394 1151 marinus'.
1450 1112 1523 1151 Est
1553 1111 1655 1160 ἅπαξ
1682 1111 1787 1164 εἰρη-

334 1197 350 1222 1
850 1170 979 1223 μένον.

257 1250 427 1298 124,16
469 1244 545 1300 23)
577 1250 726 1289 *1111111-
791 1247 920 1301 ‘quasi
951 1262 1051 1290 unco
1082 1249 1270 1289 inuadere
1302 1252 1342 1288 et
1370 1251 1554 1300 arripere.
1610 1249 1787 1288 Lucilius

575 1322 664 1348 care
847 1310 915 1348 lib.
941 1309 1014 1347 XV
1058 1304 1184 1363 (492)
1218 1341 1224 1347 .
1253 1340 1260 1347 .
1288 1306 1312 1348 .’
1387 1309 1633 1349 Vocabulum
1682 1309 1787 1359 apud

849 1370 1059 1420 scriptores
1091 1369 1240 1408 liberae
1265 1370 1361 1419 reip.
1387 1370 1594 1420 praeterea
1624 1381 1702 1408 non
1727 1369 1785 1407 in—

847 1429 1018 1478 uenitur,
1050 1429 1328 1480 interpretatio
1360 1430 1465 1480 apta.

790 1501 820 1539 E
878 1501 1160 1540 commentario
1215 1501 1257 1539 in
1312 1500 1504 1539 Varronis
1559 1500 1786 1539 Bimarcum

847 1562 1006 1611 sumpta
1037 1573 1120 1600 esse
1151 1562 1303 1598 certum
1334 1562 1394 1599 est
1423 1559 1537 1598 haec:

254 1640 351 1687 129,
372 1639 426 1676 28
468 1633 542 1691 24)
576 1637 760 1688 '‘³‘inpuno
789 1635 909 1688 ‘quod
946 1639 1007 1677 est
1045 1637 1252 1688 inpudens.
1320 1637 1497 1676 Lucilius
1530 1636 1596 1675 lib.
1622 1637 1663 1675 H
1689 1631 1784 1690 (66)

847 1694 996 1736 “homo
1016 1698 1226 1748 inpuratus
1247 1698 1288 1736 et
1304 1697 1455 1747 inpuno
1475 1698 1535 1736 est
1553 1693 1783 1746 rapister''.’

846 1757 1006 1796 Etenim
1043 1757 1140 1796 haec
1176 1757 1309 1808 posita
1345 1757 1437 1796 sunl,
1474 1757 1564 1806 post
1602 1757 1785 1806 excerpta

846 1816 1028 1856 Gelliana
1066 1829 1111 1856 eo
1154 1817 1241 1856 loco
1286 1829 1362 1866 quo
1403 1815 1560 1865 ubique
1585 1817 1787 1866 ponuntur

847 1878 1029 1928 excerpta
1055 1890 1076 1915 e
1096 1876 1287 1915 Varronis
1306 1876 1490 1914 Bimarco
1503 1875 1637 1914 Manio
1651 1875 1784 1914 Modio

848 1935 953 1976 Onos
1020 1937 1138 1986 lyras.
1231 1936 1385 1974 Reuera
1451 1937 1542 1985 post
1603 1936 1785 1985 excerpta

845 1995 1028 2035 Gelliana
1059 1996 1169 2035 locus
1199 1995 1346 2034 Lucilii
1376 2008 1456 2034 una
1481 2007 1570 2033 cum
1594 1994 1784 2034 Varronis

844 2056 930 2095 loco
967 2055 1041 2095 hoc
1077 2056 1164 2095 loco
1202 2055 1347 2094 omisso
1386 2054 1591 2093 exhibetur
1627 2067 1663 2105 p.
1689 2055 1784 2103 167,

323 2141 346 2166 1,
848 2117 898 2154 21
935 2110 1061 2168 (infra
1093 2110 1180 2168 41).

256 2194 350 2242 133,
373 2194 425 2232 13
467 2187 541 2245 25)
574 2192 595 2215 *
612 2192 742 2243 lupari
788 2190 848 2232 ‘ut
900 2194 1067 2233 scortari
1116 2192 1179 2231 uel
1228 2192 1429 2242 prostitui.
1508 2191 1609 2230 Atta
1656 2190 1783 2241 Aquis

847 2251 980 2291 Caldis
1014 2283 1020 2290 .
1051 2283 1057 2290 .
1086 2283 1092 2290 .
1143 2251 1321 2291 Lucilius
1370 2251 1437 2290 lib.
1470 2251 1506 2289 V
1551 2245 1675 2304 (206)
1698 2281 1705 2289 .
1727 2281 1734 2289 .
1757 2247 1781 2288 .'

846 2312 947 2351 Vide
969 2313 1042 2351 29:
1067 2311 1231 2351 uerbum
1258 2313 1317 2350 est
1342 2312 1423 2350 fere
1443 2309 1545 2358 ἅπαξ
1565 2307 1782 2362 εἰρημένον.

254 2391 350 2438 134,
372 2391 425 2428 33
468 2382 542 2437 26)
575 2389 684 2428 ’3113-
788 2386 876 2428 ‘dea
907 2390 973 2428 cui
1002 2390 1229 2440 supplicant
1270 2390 1387 2427 fures.
1450 2388 1614 2433 Plautus
1648 2387 1781 2427 Corni-

572 2462 695 2488 uerna
845 2450 996 2488 cularia
1023 2480 1030 2487 .
1053 2479 1059 2486 .
1083 2480 1090 2487 .
1116 2448 1292 2487 Lucilius
1317 2448 1384 2486 lib.
1412 2447 1527 2486 XVII
1549 2442 1676 2501 (549)
1699 2478 1705 2484 .
1728 2478 1735 2486 .
1758 2444 1780 2484 .'

324 2534 355 2559 M
845 2509 947 2547 vide
980 2510 1046 2548 31.
1083 2510 1118 2546 7.

254 2587 350 2634 136,
371 2588 421 2625 31
468 2580 541 2638 27)
576 2585 747 2625 ‘³‘1nacel-
787 2583 954 2625 ‘dictum
997 2599 1067 2636 pro
1111 2585 1367 2624 macilentum
1409 2584 1588 2622 Lucilius
1640 2584 1783 2634 probat

571 2646 656 2684 lum
845 2645 911 2684 lib.
932 2645 990 2683 VI
1016 2640 1142 2698 (242)
1171 2676 1177 2683 .
1200 2675 1207 2682 .
1230 2641 1252 2683 .’
1286 2644 1540 2683 Adiectiuum
1584 2644 1643 2682 est
1678 2641 1781 2690 ἅπαξ

845 2703 1067 2756 εἰρημένον,
1098 2717 1170 2755 pro
1202 2704 1379 2754 exemplo
1407 2704 1570 2753 ponitur
1594 2702 1707 2741 Varr.
1734 2702 1782 2755 de

845 2765 869 2803 1.
896 2764 1109 2806 Lat.,V111
1144 2765 1194 2803 79
1234 2763 1345 2802 Paul.
1377 2763 1480 2801 Fest.
1513 2776 1549 2812 p.
1578 2763 1702 2811 7,12.

254 2842 349 2893 137,
372 2843 425 2883 23
468 2836 542 2894 28)
575 2841 596 2864 ²³³
610 2842 728 2880 musi·
787 2839 926 2891 ‘asini,
968 2841 1067 2880 muli
1117 2843 1187 2880 aut
1236 2841 1328 2890 equi
1375 2840 1523 2879 breues.
1602 2839 1780 2878 Lucilius

272 2908 274 2910 ’
571 2914 706 2944 mones
844 2901 911 2939 lib.
931 2901 990 2939 VI
1015 2895 1141 2954 (256)
1168 2933 1176 2940 .
1198 2931 1205 2938 .
1227 2930 1234 2938 .
1263 2899 1360 2939 Cato
1397 2899 1445 2938 de
1484 2899 1669 2938 Laetorio
1697 2928 1704 2936 .
1727 2929 1734 2936 .
1756 2928 1763 2935 .

847 2959 1008 2999 Catonis
1058 2961 1186 2999 oratio
1237 2959 1336 2998 alias
1392 2971 1470 2998 non
1529 2959 1780 2998 memoratur.

845 3019 946 3059 Vide
980 3020 1045 3059 30.
1080 3020 1149 3058 36.
1180 3020 1246 3059 80.
