2060 3444
307 261 395 303 242
872 259 991 295 XXVI
1016 271 1050 296 u.
1079 263 1277 295 662—665.

306 375 467 413 moniis:
506 374 632 413 altero
663 374 750 411 1000
786 376 839 411 est
868 373 1038 412 inlatum
1071 374 1130 411 est
1164 373 1213 411 ab
1251 373 1548 423 interpolatore.
1612 371 1837 425 Coniungas

307 435 464 484 oportet
494 434 644 472 lautum
665 444 786 481 pure:
817 432 946 471 Plaut.
973 432 1072 470 Rud.
1101 432 1181 471 301
1214 429 1325 472 ‘salsi
1348 433 1528 483 lautique
1554 445 1652 484 pure
1678 433 1837 472 domum

306 489 496 532 redimus’
529 493 640 531 Paul.
668 505 714 531 ex
738 492 842 531 Fest.
868 506 905 542 p.
934 493 1017 530 248
1050 489 1162 542 ‘pure
1187 492 1356 542 lautum,
1388 505 1493 542 aqua
1516 506 1618 543 pura
1641 490 1835 532 lauatum'
1886 527 1888 530 ,

306 552 394 591 Liu.
407 553 445 590 V
467 554 534 602 22,
555 555 581 590 4
603 550 780 591 ‘iuuenes
800 565 897 602 pure
916 552 1038 591 lautis
1059 549 1302 602 corporibus'
1326 547 1491 606 (Fronto
1505 566 1542 602 p.
1560 552 1642 591 115
1657 552 1758 591 med.
1767 547 1838 606 N).

307 613 570 663 Participium
606 612 731 650 futuri
768 624 858 650 raro
898 611 1025 650 solum
1064 611 1290 650 adhibetur:
1329 612 1422 650 conf
1455 612 1647 663 Draegeri
1684 614 1837 663 syntaX.

306 673 398 711 hist.
424 673 449 710 1.
474 671 518 710 L.
544 672 585 710 H
617 671 674 710 ed.
703 673 726 709 2
760 685 797 721 p.
827 672 909 709 775
954 670 1217 722 Landgrafius
1262 671 1409 710 archiu.
1449 671 1632 723 lexicogr.
1667 671 1755 710 Lat.
1782 672 1838 710 IX

313 732 424 771 1896
452 746 491 782 p.
519 732 572 770 48
589 743 714 781 seqq.:
747 743 824 781 quo
856 743 935 769 non
967 730 1202 769 offendimur
1240 743 1286 769 ea
1324 731 1431 769 facta
1462 731 1716 770 distinctione
1752 744 1840 770 uer-

307 791 448 830 borum
487 804 565 841 qua
603 792 665 830 usi
702 802 848 830 sumus.
909 801 978 829 nec
1018 802 1096 830 esse
1132 790 1373 840 tribrachys:
1418 791 1512 829 conf
1540 791 1755 830 Muellerus
1793 790 1839 830 de

307 852 444 890 Plauti
462 851 617 902 prosod.
637 864 674 901 p.
698 851 781 889 298
797 862 922 900 seqq:
943 850 1080 889 eodem
1098 849 1214 888 modo
1235 850 1447 899 corripitur
1465 850 1594 888 Plaut.
1614 849 1725 901 Gapt.
1743 851 1838 889 639.

309 911 518 950 Sententia
543 924 622 949 non
648 911 708 949 est
732 910 926 960 perfecta:
954 907 1120 949 ‘uersari
1147 910 1189 947 in
1215 910 1300 948 luto
1326 910 1454 959 malis,
1479 923 1550 949 1100
1576 922 1659 949 0330
1684 911 1840 949 1311111111

278 1015 282 1018 Δ
309 984 328 1010 0
360 983 496 1010 11101133
527 983 625 1020 pure
658 971 845 1020 capturus
878 966 1050 1008 cibumP’
1085 963 1200 1023 (Hor.
1227 982 1340 1008 serm.
1366 969 1386 1007 I
1413 971 1450 1020 2,
1479 963 1593 1023 118).

427 1025 536 1070 663.
569 1030 722 1069 Νο111113
748 1044 785 1080 p.
814 1030 912 1079 526,
941 1031 993 1068 12
1035 1026 1241 1074 ‘Quotiens
1279 1042 1349 1079 per
1390 1030 1663 1068 accusatiuum
1706 1041 1840 1069 casum

309 1102 432 1129 annos
464 1091 529 1128 uel
560 1090 643 1129 dies
674 1090 893 1139 loquimur,
929 1089 1043 1140 iuges
1083 1101 1205 1128 annos
1243 1090 1308 1127 uel
1346 1089 1428 1128 dies
1466 1089 1744 1140 significamus.

307 1149 484 1189 Lucilius
509 1149 576 1187 lib.
597 1149 728 1187 XXVI
755 1146 858 1198 “qui
878 1180 885 1187 .
907 1179 914 1186 .
938 1180 944 1187 .
966 1145 1238 1199 septimum''.’
1285 1148 1404 1198 Apud
1431 1149 1597 1188 eundem
1621 1150 1663 1187 in
1689 1149 1842 1188 Ducere

308 1223 345 1260 p.
374 1210 471 1259 283,
499 1210 572 1259 25,
610 1209 680 1247 ubi
717 1209 871 1259 aliquot
907 1221 1045 1248 uersus
1082 1209 1303 1258 perierunt,
1342 1205 1450 1257 ‘orpo
1488 1209 1684 1258 spondent
1720 1210 1839 1259 septi-

308 1266 444 1308 mum⁷.
509 1268 672 1307 Caecilii
702 1281 862 1307 uersum
894 1262 970 1322 (70
983 1263 1037 1322 R)
1064 1270 1242 1318 spectare
1267 1267 1466 1306 Lucilium
1490 1269 1688 1307 intellexit
1713 1268 1841 1307 Mure-

308 1331 391 1368 tus:
435 1342 553 1379 quem
594 1329 774 1367 seruauit
818 1326 894 1366 Cic.
922 1328 969 1366 de
994 1327 1058 1366 fin.
1084 1327 1126 1366 Π
1153 1329 1206 1366 22
1254 1324 1383 1377 ‘atqui
1425 1329 1664 1378 reperiemus
1710 1330 1840 1367 asotos

308 1388 482 1439 primum
512 1389 571 1426 ita
596 1401 674 1427 non
699 1388 917 1439 religiosos,
948 1389 994 1426 ut
1020 1387 1130 1426 edint
1155 1387 1202 1425 de
1229 1387 1392 1436 patella,
1424 1387 1564 1426 deinde
1589 1387 1648 1426 ita
1672 1389 1840 1426 mortem

308 1461 388 1487 non
423 1449 627 1497 timentes,
664 1448 712 1486 ut
747 1447 850 1485 illud
886 1448 930 1485 in
968 1460 1033 1485 ore
1070 1446 1244 1485 habeant
1281 1459 1326 1485 ex
1363 1447 1562 1498 Hymnide
1602 1444 1733 1486 “mihi
1775 1460 1842 1487 sex

309 1520 461 1547 menses
488 1508 585 1546 satis
612 1509 704 1545 sunt
729 1508 848 1556 uitae,
875 1507 1087 1557 septimum
1107 1506 1208 1545 Orco
1234 1503 1467 1556 spondeo''.'
1511 1506 1625 1545 Vnde
1643 1507 1840 1558 intellegi-

309 1569 376 1606 tur
407 1567 454 1606 de
486 1568 609 1606 asotis
641 1568 682 1605 et
712 1566 984 1605 decoctoribus
1023 1567 1090 1617 agi
1127 1566 1233 1616 apud
1263 1565 1472 1605 Lucilium.
1500 1588 1554 1592 —-
1581 1578 1647 1605 sex
1683 1578 1842 1612 menses,

310 1627 357 1666 de
388 1627 501 1666 breui
532 1627 661 1677 spatio
693 1626 825 1665 Plaut.
852 1626 959 1664 Trin.
989 1626 1071 1664 543
1107 1622 1236 1664 ‘nemo
1268 1626 1376 1664 extat
1408 1626 1476 1676 qui
1506 1626 1563 1664 ibi
1596 1638 1662 1665 sex
1686 1638 1840 1665 menses

310 1683 484 1726 uixerit':
512 1687 628 1725 aliter
655 1683 735 1725 ‘sex
760 1687 867 1725 totos
893 1682 1054 1724 mensis'
1082 1686 1168 1724 Ter.
1196 1685 1296 1724 Eun.
1319 1687 1414 1724 277.
1444 1687 1525 1724 331
1555 1685 1722 1737 Adelph.
1745 1687 1841 1726 396.

310 1747 386 1786 Per
417 1758 484 1786 sex
515 1758 666 1786 menses
698 1746 870 1784 helluari
901 1746 1066 1796 cupiunt
1103 1745 1389 1784 adulescentuli
1425 1746 1593 1796 septimo
1631 1747 1766 1796 parati
1802 1758 1842 1784 se

310 1806 547 1858 suspendere
579 1818 732 1845 comeso
764 1806 1016 1856 patrimonio.

432 1860 543 1905 664.
576 1865 729 1904 Nonius
760 1879 797 1916 p.
826 1866 894 1914 23,
922 1866 975 1903 14
1017 1862 1172 1903 ‘Mones
1210 1859 1385 1919 (moenes
1428 1866 1511 1904 siue
1553 1877 1691 1904 munes
1734 1859 1842 1919 editt)

311 1925 419 1976 apud
449 1927 600 1964 ueteres
633 1925 865 1964 dicebantur
894 1938 973 1963 non
1007 1937 1030 1963 a
1060 1925 1274 1975 largitione
1307 1919 1470 1978 (nonam
1501 1925 1690 1976 largiatia
1715 1919 1843 1979 codd),

311 1982 466 2037 (quae)
492 1983 601 2038 (add.
630 1986 714 2023 edit.
739 1979 872 2038 1476)
904 1985 1044 2035 ignota
1070 1986 1166 2033 0131,
1192 1984 1260 2023 sed
1286 1985 1573 2023 consentientes
1600 1984 1651 2023 ad
1674 1984 1718 2023 id
1743 1997 1843 2034 quae

313 2046 431 2083 amici
462 2045 590 2083 uelint
612 2075 618 2081 .
642 2075 648 2082 .
671 2074 678 2082 .
699 2043 876 2083 Lucilius
908 2044 975 2082 lib.
1001 2043 1134 2081 XXVI
1166 2040 1372 2081 “munifici
1395 2075 1401 2082 .
1424 2075 1431 2082 .
1454 2075 1460 2081 .
1481 2041 1618 2081 uiri''.'
1670 2044 1844 2083 Excusat

312 2104 494 2143 decoctor
542 2117 625 2142 rem
674 2104 912 2142 familiarem
962 2103 1068 2153 quod
1115 2102 1333 2153 perdiderit
1384 2115 1469 2141 cum
1528 2103 1843 2142 combibonibus:

314 2160 488 2214 ‘oportet
518 2164 707 2201 nimirum
737 2163 915 2202 munifici
940 2175 1145 2212 comesque
1172 2163 1308 2201 amicis
1334 2163 1479 2201 nostris
1503 2162 1711 2201 uideamur
1734 2160 1841 2202 uiri’.

312 2224 499 2262 Imitatus
532 2224 592 2261 est
622 2223 813 2262 Horatius
845 2235 957 2262 serm.
984 2223 1004 2260 Ι
1032 2224 1068 2271 2,
1099 2225 1119 2260 7
1156 2219 1274 2262 ‘hunc
1306 2223 1340 2261 si
1369 2223 1628 2272 perconteris,
1669 2223 1736 2261 aui
1773 2235 1843 2262 0111

314 2285 433 2332 atque
470 2284 647 2333 parentis
685 2282 932 2332 praeclaram
971 2283 1129 2334 ingrata
1168 2283 1341 2333 stringat
1377 2282 1511 2320 malus
1542 2282 1721 2333 ingluuie
1758 2295 1842 2320 rem

313 2344 448 2381 omnia
479 2343 682 2381 conductis
715 2354 892 2381 coemens
924 2342 1088 2381 obsonia
1118 2342 1308 2381 nummis:
1345 2341 1524 2380 sordidus
1563 2343 1682 2392 atque
1719 2342 1843 2380 animi

317 2402 422 2452 quod
453 2403 571 2452 parui
601 2402 704 2440 nolit
734 2401 872 2440 haberi
900 2395 1125 2452 respondet'
1166 2402 1221 2440 49
1257 2398 1327 2440 ‘At
1356 2401 1421 2440 hic
1451 2402 1502 2450 si,
1541 2414 1619 2451 qua
1649 2413 1728 2451 res,
1765 2414 1844 2451 qua

313 2463 418 2500 ratio
450 2462 650 2512 suaderet,
689 2475 844 2512 quaque
875 2461 1050 2500 modeste
1080 2460 1265 2500 munifico
1298 2473 1380 2499 esse
1411 2461 1523 2510 licet,
1560 2461 1682 2499 uellet
1717 2461 1842 2500 bonus

314 2523 434 2571 atque
464 2521 658 2573 benignus
690 2534 791 2571 esse,
828 2521 941 2560 daret
972 2521 1165 2571 quantum
1196 2521 1293 2559 satis
1325 2522 1443 2570 esset,
1479 2533 1551 2559 nec
1587 2520 1663 2559 sibi
1699 2520 1842 2559 damno

314 2581 572 2630 dedecorique
601 2578 731 2619 foret'.

434 2635 544 2680 665.
576 2641 730 2679 Nonius
755 2654 793 2690 p.
822 2640 889 2689 38,
917 2641 970 2678 12
1006 2636 1268 2678 ‘Conuiuones
1293 2634 1370 2693 (ita
1395 2639 1427 2677 L
1447 2653 1496 2677 111.
1520 2641 1563 2677 2:
1595 2641 1843 2679 conuiuiones

313 2694 479 2753 reliqui)
511 2701 744 2750 conpotores
776 2712 799 2737 a
829 2698 998 2737 bibendo
1024 2699 1131 2738 dicti.
1181 2699 1356 2738 Lucilius
1381 2698 1449 2737 lib.
1475 2699 1606 2737 XXVI
1632 2696 1842 2749 “quando-

316 2760 473 2809 quidem
498 2760 652 2808 repperi
673 2791 679 2797 .
702 2790 709 2797 .
732 2790 738 2797 .
760 2760 1014 2797 conuiuarum
1039 2771 1085 2797 ex
1114 2756 1297 2809 copiis''.'
1341 2771 1404 2797 res
1421 2760 1542 2807 periit
1564 2758 1842 2798 Lachmannus

316 2818 592 2864 Quicheratius
617 2819 831 2857 Muellerus
860 2819 902 2857 in
926 2818 1075 2856 Nonio:
1106 2831 1232 2868 neque
1257 2820 1391 2857 tamen
1416 2819 1658 2868 praepositio
1683 2830 1728 2857 ex
1751 2818 1842 2857 huic

318 2878 560 2929 suffragatur
595 2879 768 2917 lectioni.
831 2877 959 2923 Quare
997 2878 1145 2916 rectius
1183 2878 1224 2915 in
1260 2877 1414 2917 Lucilio
1450 2877 1663 2916 Muellerus
1702 2879 1843 2926 reperti

315 2938 528 2986 scripserat
559 2933 694 2991 (Verg.
721 2950 852 2989 georg.
878 2937 920 2975 Π
947 2933 1063 2991 350).
1125 2937 1184 2976 De
1216 2938 1353 2976 amicis
1386 2938 1469 2988 egit
1501 2939 1636 2987 poeta,
1674 2950 1842 2987 quorum

227 3004 233 3008 ’
314 2997 555 3035 mentionem
591 2997 782 3036 iniecerat
819 2998 999 3035 decoctor
1024 3011 1060 3034 u.
1090 2997 1191 3035 664:
1236 2998 1304 3046 qui
1340 2998 1454 3046 inops
1491 2997 1620 3036 factus
1664 2997 1842 3046 queritur
