2060 3444
707 242 838 278 incert.
865 240 943 278 sed.
969 252 1005 277 ιι.
1035 242 1281 276 1285-1241.
1683 238 1772 282 393

230 356 330 399 Rud.
358 358 442 396 373
477 353 676 407 ‘quamuis
708 355 940 396 fastidiosus
965 354 1106 394 aedilis
1138 355 1216 394 est:
1247 355 1283 394 si
1314 366 1418 404 quae
1449 353 1655 405 improbae
1679 354 1775 394 sunt

229 428 388 467 merces,
412 417 539 456 iactat
563 412 719 456 omnis’.
775 414 904 455 Lurco
929 415 997 454 ille
1024 427 1086 465 ap.
1113 414 1378 465 Pomponium
1407 414 1490 453 169
1507 414 1540 452 R
1562 410 1772 465 ‘lapatium

230 478 384 517 nullum
432 476 637 526 utebatur,
686 475 845 515 lardum
892 474 1076 514 lurcabat
1124 471 1292 514 lubens'.
1347 495 1396 500 —
1450 475 1603 523 coynitu
1661 474 1774 524 codd,

230 537 416 577 similiter
445 537 488 576 in
513 536 636 576 Nonii
661 536 762 576 codd
779 535 892 586 psolo
917 535 986 574 lib.
1005 534 1106 574 VIII
1130 548 1168 573 u.
1191 535 1289 583 304,
1320 534 1362 572 in
1388 534 1498 573 Festi
1522 533 1595 573 cod
1621 536 1775 584 suqyeri

230 597 354 637 Lucil.
379 598 518 637 incert.
543 610 581 636 u.
611 598 743 647 1297,
779 595 886 635 idem
922 595 1015 634 sulti
1051 595 1153 634 Eun.
1179 594 1312 634 annal.
1341 593 1478 633 532V
1517 588 1696 647 (Lachm.
1724 595 1775 634 ad

229 656 384 697 Lucret.
398 657 419 696 I
447 651 570 711 186)=
607 657 700 696 uide
736 656 854 695 indic.
881 669 1047 708 gramm.
1074 668 1103 694 s.
1128 668 1168 693 u.
1200 667 1220 694 s
1255 654 1410 704 littera3
1454 654 1564 693 misna
1600 654 1776 693 traditur

229 717 360 757 Plaut.
380 717 495 756 Truc.
517 718 615 757 578.
634 739 694 744 —
714 713 798 756 “nec
822 728 862 756 es
886 717 983 755 satis
1008 716 1162 765 coynitu
1180 716 1248 764 qui
1265 711 1350 764 sis’,
1375 715 1560 754 similiter
1577 713 1775 754 Hesiodus

230 777 279 818 de
321 777 453 817 herbis
494 790 659 829 operum
699 791 736 816 ιι.
763 778 821 816 40
858 775 1016 828 νήπιοι,
1056 772 1150 815 οὐδὲ
1191 773 1323 814 ἴσασιν
1455 769 1544 814 οὐδ’
1593 772 1690 814 ὅσον
1733 773 1776 814 ἐν

231 836 383 894 μαλάχῃ
413 851 453 877 τε
484 835 551 877 καὶ
581 835 789 892 ἀσφοδέλῳ
822 830 900 890 μέγ’
936 834 1078 888 ὄνειαρ.
1110 857 1169 862 -
1204 836 1330 875 1236.
1362 835 1501 883 sophos
1533 834 1617 874 ille:
1646 847 1775 885 neque

229 899 365 938 tamen
396 898 556 938 uidetur
585 910 727 937 reuera
756 898 832 937 hoc
863 896 1096 949 cognomine
1122 894 1282 936 Laelius
1313 896 1436 935 fuisse
1466 895 1672 946 praeditus
1698 908 1776 946 quo

231 959 396 998 ornatus
428 960 515 998 erat
544 960 660 998 uetus
692 959 759 997 ille
790 957 833 997 P.
855 956 1111 1008 Sempronius
1144 969 1210 996 cos
1243 951 1443 1008 450s304
1482 955 1550 996 sed
1582 954 1778 995 Graecum

229 1018 468 1059 uocabulum
505 1019 587 1057 iam
624 1018 771 1058 Lucilii
807 1018 939 1058 aetate
975 1018 1118 1056 tritum
1155 1016 1277 1056 fuisse
1314 1016 1358 1064 in
1389 1028 1570 1055 sermone
1601 1017 1777 1068 uulgari:

231 1091 309 1129 quo
341 1080 510 1118 utuntur
540 1092 620 1118 non
657 1080 786 1118 solum
822 1077 1029 1117 Phaedrus
1053 1077 1112 1116 IV
1140 1077 1207 1126 18,
1235 1077 1260 1115 8
1295 1071 1352 1130 (p.
1382 1076 1434 1115 75
1462 1070 1585 1129 Hau.)
1619 1073 1777 1128 ‘guber-

231 1141 349 1179 nator
379 1135 539 1190 sophos’
568 1139 742 1178 Martial.
767 1138 848 1178 VII
875 1139 944 1187 32,
969 1138 996 1176 4
1029 1133 1085 1176 ‘te
1111 1137 1256 1188 sophos
1281 1136 1410 1176 omnis
1437 1133 1575 1186 amat’‚
1607 1136 1778 1186 denique

232 1200 462 1250 saepissime
492 1198 705 1239 Ausonius
733 1198 845 1238 cuius
881 1198 989 1237 locos
1027 1197 1216 1249 Peiperus
1257 1197 1424 1248 collegit
1454 1208 1483 1236 s.
1503 1210 1540 1235 u.
1567 1197 1706 1245 sophos
1734 1197 1778 1235 in

231 1259 374 1309 indice,
417 1259 485 1299 sed
525 1260 648 1299 etiam
691 1260 832 1298 auctor
874 1258 1061 1298 carminis
1105 1271 1167 1309 ap.
1205 1256 1494 1296 Buechelerum
1539 1255 1649 1295 CLE
1690 1257 1786 1296 434·

233 1314 273 1374 (Ι
303 1333 341 1370 p.
363 1320 461 1369 203,
488 1314 533 1374 5)
569 1316 774 1373 ‘dogmata
805 1319 1058 1371 Pythagorae
1096 1319 1202 1358 sensi
1239 1317 1494 1368 studiumque
1532 1314 1776 1368 sophorum’.

231 1380 410 1420 Lucilius
436 1380 631 1420 uocabulo
657 1379 809 1419 Graeco
834 1378 1111 1430 philosophiae
1137 1377 1310 1418 Graecae
1335 1377 1570 1427 studiosum,
1594 1377 1778 1428 inprimis

233 1440 412 1480 Stoicum
431 1440 584 1480 indicat
601 1439 796 1490 Laelium,
817 1440 888 1490 qui
907 1440 1027 1479 sicuti
1047 1438 1184 1478 Cicero
1203 1439 1229 1477 1.
1243 1451 1272 1477 s.
1293 1437 1420 1477 tradit
1432 1438 1522 1477 ideo
1537 1437 1704 1488 Sapiens
1718 1438 1780 1476 est

232 1500 375 1550 dictus,
406 1500 502 1551 quia
526 1501 755 1551 uoluptates
780 1501 898 1553 parui
923 1499 1084 1539 duceret
1108 1499 1300 1551 Diogenis
1326 1499 1367 1537 et
1390 1497 1577 1537 Panaetii
1601 1497 1778 1537 auditor:

233 1561 351 1600 aliter
386 1561 569 1600 historici
605 1560 652 1600 de
689 1559 820 1599 Laelii
856 1560 1089 1611 cognomine
1120 1558 1248 1598 ueluti
1284 1558 1389 1597 Plut.
1416 1558 1474 1596 Ti.
1501 1556 1666 1597 Gracch,
1692 1570 1778 1608 cap.

234 1622 274 1670 8,
302 1621 339 1660 3.
371 1642 430 1648 —
463 1621 590 1661 1237.
621 1620 682 1660 De
710 1621 846 1670 ywmia
870 1619 1066 1659 uocabulo
1097 1619 1189 1658 uide
1215 1618 1266 1658 ad
1289 1618 1358 1658 lib.
1378 1618 1488 1657 XXX
1512 1631 1549 1656 u.
1574 1618 1699 1657 1066.
1722 1639 1778 1644 -

237 1680 364 1720 1238.
413 1692 434 1719 o
480 1692 622 1731 yuryes
676 1680 856 1720 Galloni:
904 1682 1112 1730 tamquam
1161 1691 1379 1730 cognomen
1425 1690 1567 1728 ⁸qur-,qest
1616 1677 1780 1717 additur

235 1740 420 1780 Gallonio
458 1741 565 1791 quod
600 1742 807 1792 proprium
839 1742 926 1779 erat
957 1739 1001 1786 Q.
1021 1739 1147 1779 Fabio
1179 1751 1244 1779 cos
1270 1734 1483 1790 462s292.
1547 1737 1780 1777 Gallonium

234 1802 430 1840 memorat
469 1799 545 1841 Cic.
572 1814 645 1852 pro
682 1800 839 1847 Quinct.
868 1801 923 1840 94
957 1797 1019 1838 ‘ut
1053 1800 1096 1838 in
1134 1800 1266 1850 capite
1297 1798 1548 1848 fortunisque
1572 1799 1778 1838 hominum

234 1861 604 1900 honestissimorum
653 1861 906 1900 dominentur
956 1861 1004 1910 ii,
1056 1860 1125 1910 qui
1167 1860 1310 1898 relicta
1357 1860 1537 1897 uirorum
1585 1858 1779 1897 bonorum

207 1920 447 1972 xdisciplina
478 1923 518 1960 et
546 1922 756 1971 quaestum
787 1922 828 1960 et
851 1922 1056 1971 sumptum
1081 1919 1243 1959 Galloni
1268 1919 1380 1969 sequi
1405 1919 1633 1957 maluerunt
1657 1919 1779 1969 atque

235 1980 369 2030 etiam,
401 1981 507 2031 quod
537 1982 581 2020 in
618 1981 688 2020 illo
725 1994 806 2020 non
843 1981 940 2030 fuit,
977 1993 1066 2019 cum
1104 1980 1271 2019 audacia
1303 1978 1548 2030 perfidiaque
1578 1974 1780 2017 uixerunt’

236 2041 283 2079 de
320 2040 386 2080 fin.
411 2041 453 2080 Π
481 2042 536 2080 90
580 2037 666 2081 ‘sed
707 2042 777 2091 qui
820 2040 871 2080 ad
913 2040 1165 2091 uoluptatem
1208 2040 1343 2078 omnia
1378 2038 1553 2078 referens
1590 2039 1698 2077 uiuit
1734 2041 1781 2077 ut

236 2097 459 2140 Gallonius'
491 2100 616 2140 Lucil.
643 2102 782 2140 incert.
809 2114 847 2140 u.
870 2101 997 2140 1134.
1033 2122 1083 2127 —
1121 2101 1248 2139 1239.
1282 2095 1433 2140 ‘omnia
1462 2100 1504 2138 in
1536 2100 1616 2138 ista
1655 2093 1779 2152 (uita)

235 2161 434 2200 consumis
465 2161 614 2212 squilla
650 2163 772 2212 atque
804 2173 1043 2212 acupensere
1068 2173 1158 2200 cum
1188 2155 1411 2210 decimano'
1443 2159 1781 2210 praepositionem

236 2234 324 2261 cum
354 2218 433 2260 ἀπὸ
471 2226 610 2261 κοινοῦ
646 2222 875 2271 postposuit
910 2223 957 2260 ut
991 2220 1059 2259 lib.
1079 2220 1116 2258 X
1139 2234 1177 2260 u.
1199 2221 1296 2260 390.
1330 2241 1388 2246 --
1420 2220 1632 2267 decimano,
1663 2232 1780 2258 uoca-

238 2281 376 2320 bulum
419 2293 502 2321 esse
546 2282 737 2321 sermonis
775 2281 986 2320 castrensis
1024 2282 1065 2319 et
1100 2279 1243 2319 Lucilii
1283 2279 1490 2330 proprium
1527 2279 1780 2330 exposuimus

238 2340 288 2379 ad
324 2341 463 2381 incert.
489 2354 526 2380 ιι.
555 2341 682 2380 1152.
727 2362 783 2367 —
826 2341 1010 2390 squillam
1053 2341 1185 2390 priore
1227 2340 1314 2379 loco
1357 2340 1541 2378 nominat
1583 2339 1689 2389 quod
1733 2339 1780 2377 de

236 2400 369 2440 herbis
401 2402 488 2452 agit
519 2402 559 2440 et
589 2401 738 2451 squilla
768 2400 887 2440 simul
912 2402 953 2440 et
976 2399 1140 2439 herbam
1166 2399 1301 2438 σκίλλα
1325 2411 1428 2449 quae
1455 2398 1603 2438 Graece
1634 2399 1782 2438 dicitur

237 2460 438 2512 significat
469 2461 510 2500 et
539 2473 662 2513 genus
692 2461 872 2501 locustas
902 2460 1106 2511 paruulae.

361 2515 503 2561 1241.
541 2520 825 2573 Apopthegma
861 2520 1007 2560 Lucilii
1049 2521 1131 2560 tale
1173 2521 1216 2558 in
1259 2532 1327 2558 ore
1365 2518 1505 2570 populi
1542 2518 1665 2557 fuisse
1701 2531 1780 2558 non

240 2580 427 2620 credibile
465 2583 525 2620 est
562 2581 631 2620 sed
668 2582 847 2632 spectare
886 2579 1071 2620 Crassum
1107 2581 1239 2620 locum
1269 2579 1416 2618 Lucilii
1455 2592 1533 2628 quo
1566 2580 1703 2630 egerat
1733 2578 1781 2617 de

239 2642 409 2681 oratoris
449 2640 646 2693 dignitate
690 2643 731 2680 et
761 2641 892 2680 officio
925 2654 1005 2691 qua
1036 2640 1084 2679 de
1120 2653 1163 2679 re
1202 2639 1415 2690 scripserat
1451 2638 1519 2678 lib.
1545 2639 1580 2677 X
1612 2652 1649 2677 ιι.
1683 2639 1781 2688 385,

238 2699 298 2739 VI
321 2714 358 2739 u.
387 2701 468 2739 261
504 2700 635 2739 XXIX
660 2714 697 2740 ιι.
722 2702 819 2740 853.
887 2700 1018 2747 Quare
1059 2701 1165 2740 inter
1200 2699 1348 2739 Lucilii
1391 2699 1617 2750 fragmenta
1660 2698 1783 2737 uerba

242 2758 441 2799 Ciceronis
480 2761 619 2799 rettuli
663 2773 708 2800 eo
751 2761 880 2813 magis
924 2760 1029 2811 quod
1076 2759 1152 2799 Cic.
1189 2759 1236 2799 de
1274 2772 1329 2798 or.
1348 2759 1391 2798 H
1417 2760 1461 2809 6,
1495 2759 1550 2797 25
1595 2771 1781 2797 uersuum

240 2818 540 2858 Lucilianorum
566 2821 846 2872 argumentum
870 2820 937 2860 lib.
958 2819 1091 2859 XXVI
1115 2833 1151 2858 u.
1174 2820 1259 2859 592
1287 2819 1436 2858 eisdem
1460 2818 1619 2856 induxit
1636 2817 1782 2865 uerbis,

242 2878 355 2929 quasi
377 2879 645 2930 apopthegma
663 2881 822 2929 poetae:
838 2877 958 2918 ‘Nam
978 2882 1025 2918 ut
1045 2878 1086 2917 C.
1100 2879 1278 2918 Lucilius
1296 2879 1415 2916 homo
1435 2880 1475 2916 et
1488 2877 1627 2916 doctus
1642 2878 1682 2915 et
1694 2890 1781 2926 per-

242 2938 418 2978 urbanus
443 2937 572 2978 dicere
595 2938 760 2989 solebat,
784 2951 831 2978 ea
856 2951 958 2989 quae
987 2938 1177 2978 scriberet
1202 2950 1328 2987 neque
1351 2949 1392 2975 se
1424 2937 1474 2975 ab
1498 2936 1782 2975 indoctissimis

242 3011 371 3049 neque
402 3010 427 3037 a
451 2997 690 3038 doctissimis
714 2999 796 3050 legi
819 2994 939 3037 uelle'
965 3010 997 3036 e.
1019 3011 1055 3048 q.
1076 3010 1105 3036 s.
1160 2997 1252 3037 Non
1277 2992 1512 3037 ‘subiratus'
1538 2996 1670 3035 Mucio
1696 2997 1783 3047 erat
