2060 3444
744 276 874 311 incert.
901 275 977 312 sed.
1005 287 1039 310 u.
1070 278 1316 311 1322—1326.
1711 274 1798 317 425

253 389 412 442 possint
442 391 632 441 spectare.
684 388 873 429 Saturam
905 387 1107 440 quandam
1139 389 1190 428 ad
1215 388 1396 428 Vettium
1424 390 1638 440 scripserat
1662 391 1800 439 poeta:

256 450 416 490 Vettius
441 462 585 490 nomen
603 449 646 488 in
664 449 807 489 Marsis
827 451 915 489 erat
934 449 1128 488 usitatum
1149 443 1249 503 (Cic.
1270 448 1373 487 Phil.
1394 449 1471 487 XII
1488 451 1540 488 27
1563 449 1676 488 Brut.
1695 442 1799 502 169)

258 512 299 550 et
328 510 506 550 Vestinis
538 505 782 563 (Zuetaieffii
806 509 991 560 Inscript.
1016 509 1109 548 Ital.
1135 509 1206 548 inf.
1233 508 1327 549 dial.
1357 503 1443 562 11).

378 564 520 610 1323.
555 570 739 610 Donatus
771 570 823 609 ad
854 569 1030 609 Terentii
1069 569 1307 608 Eunuchum
1331 569 1369 606 V
1397 571 1435 618 2,
1463 570 1518 608 60
1559 566 1699 608 ‘Dabit
1736 569 1800 607 hic

254 643 433 683 pugnam
471 631 666 681 aliquam:
704 643 879 683 pugnam
915 642 989 680 pro
1026 630 1165 680 stupro
1194 660 1201 668 .
1231 660 1238 668 .
1263 659 1270 667 .
1297 630 1344 668 ut
1379 629 1559 668 Lucilius
1598 625 1800 668 “uicimus

194 697 198 700 ’
256 721 264 729 .
285 721 293 730 .
315 721 322 729 .
349 687 589 742 pugnam”.’
639 689 750 729 Idem
777 689 828 729 ad
853 690 1056 740 Adelphos
1076 689 1114 726 V
1141 690 1179 739 3,
1207 690 1260 728 57
1290 686 1566 741 ‘Pugnaueris
1610 689 1800 741 Magnam

254 763 338 790 rem
356 750 507 790 feceris.
552 751 608 789 sic
627 750 805 789 Lucilius
825 746 1026 790 “uicimus
1045 751 1151 789 ocius
1171 743 1211 803 (o
1232 751 1336 789 ciues
1362 743 1413 803 V)
1435 751 1498 789 et.
1513 781 1522 788 .
1537 746 1797 801 ,pugnam''.'

253 810 365 850 Idem
411 810 462 850 ad
513 810 678 850 eandem
727 810 907 850 fabulam
931 810 969 848 V
997 811 1035 859 4,
1063 811 1087 849 5
1141 806 1294 850 ‘Vitam
1343 810 1482 849 duram
1535 823 1654 861 quam
1704 810 1799 848 uixi.

254 868 488 923 ἀρχαισμός,
519 872 566 910 ut
596 870 775 910 Lucilius
814 867 1034 923 “magnam
1062 902 1098 908 ..
1122 901 1128 908 .
1155 866 1394 922 pugnam’'.'
1458 870 1539 922 Agi
1577 870 1624 909 de
1662 883 1800 921 pugna

232 932 454 972 amatoria
483 931 657 971 testatur
687 930 870 970 Donatus
901 931 987 970 loco
1019 931 1167 982 primo:
1204 930 1379 970 Martial.
1406 930 1441 968 X
1468 931 1538 979 38,
1566 931 1589 968 6
1626 927 1664 969 ‘o
1697 943 1800 981 quae

251 991 424 1041 proelia,
468 1004 567 1042 qua-s
605 992 806 1042 utrimque
844 1003 1000 1043 pugnas
1038 991 1134 1030 felix
1171 990 1342 1030 lectulus
1381 991 1422 1030 et
1462 991 1624 1030 lucerna
1667 987 1799 1029 uidit’.

254 1051 377 1090 Ennii
406 1064 525 1091 uersu
557 1051 732 1102 quodam
762 1064 834 1101 per
863 1052 1090 1090 irrisionem
1120 1064 1237 1090 usum
1269 1063 1352 1090 esse
1389 1053 1551 1101 poetam
1588 1051 1800 1101 suspiceris

254 1111 344 1151 ideo
376 1111 483 1162 quod
508 1111 692 1150 Lucanus
717 1111 775 1150 VI
804 1112 888 1150 164
920 1112 1053 1162 priore
1078 1123 1175 1150 usus
1200 1113 1260 1151 est
1284 1111 1536 1150 hemistichio
1562 1112 1603 1149 in
1630 1123 1671 1149 re
1697 1111 1801 1150 seria

256 1167 453 1221 ‘uicimus‚
485 1184 508 1211 o
541 1171 656 1221 socii3
687 1172 836 1221 ueniet,
868 1172 940 1222 qui
970 1171 1148 1211 uindicet
1179 1183 1301 1220 arces,
1333 1170 1428 1210 dum
1459 1167 1679 1210 morimur'.

375 1225 517 1272 1324.
543 1232 684 1272 Festus
709 1245 745 1283 p.
769 1232 867 1281 356,
895 1232 919 1270 3
948 1231 1156 1283 suppletus
1183 1245 1228 1270 ex
1254 1231 1382 1271 Paulo
1407 1245 1445 1281 p.
1468 1232 1566 1281 357,
1596 1233 1616 1270 1
1647 1227 1800 1282 ‘<T110-

253 1293 367 1332 mices
395 1287 574 1344 Graeco>
604 1292 765 1331 nomine
796 1293 1052 1342 appellantur
1082 1288 1157 1344 <ex
1182 1293 1352 1331 cannabi
1378 1287 1571 1343 inpolita>
1597 1293 1638 1330 et
1663 1292 1800 1342 sparto

252 1353 397 1391 leuiter
427 1353 557 1391 tortae
589 1354 725 1401 restes,
758 1348 834 1404 <ex
864 1353 1004 1402 quibus
1034 1349 1178 1403 funes>
1209 1349 1338 1391 fiunt'.
1402 1355 1484 1391 tum
1515 1352 1627 1391 addit
1657 1352 1800 1391 Festus

254 1408 447 1451 ‘Lucilius
480 1409 687 1452 “uidimus
705 1435 776 1439 —
941 1409 1121 1451 abina'’.’
1187 1411 1402 1463 Supplcuit
1431 1413 1492 1451 ita
1521 1411 1709 1451 Vrsinus:
1741 1411 1800 1449 ui-

253 1472 382 1512 dimus
419 1474 594 1511 uinctum
637 1473 794 1512 thomice
838 1472 1073 1511 cannabina.
1143 1470 1296 1511 Graeca
1340 1473 1434 1511 sunt
1477 1473 1517 1511 et
1559 1470 1716 1524 θῶμιγξ
1761 1479 1802 1511 et

254 1531 495 1584 καννάβινος
528 1532 634 1582 quod
665 1532 829 1571 adhibet
858 1533 901 1571 in
929 1545 1048 1571 uersu
1073 1531 1298 1571 Automedo
1323 1531 1394 1570 ΑΡ
1420 1531 1478 1571 ΧΙ
1505 1532 1602 1571 325.
1653 1531 1802 1583 Agitur

253 1593 325 1631 aut
362 1592 409 1631 de
447 1592 618 1643 captiuis
661 1593 733 1632 aut
775 1592 822 1631 de
867 1592 1067 1644 fugitiuis:
1111 1592 1209 1631 Hor.
1236 1592 1297 1631 od.
1324 1591 1386 1630 III
1413 1593 1451 1642 5,
1479 1593 1530 1631 21
1580 1589 1682 1630 ‘uidi
1726 1594 1811 1643 ego'

253 1652 403 1691 ciuium
434 1654 586 1692 retorta
617 1654 731 1704 tergo
762 1652 949 1692 bracchia
978 1649 1136 1691 libero'.=

377 1706 518 1753 1326.
563 1711 798 1751 Lactantius
841 1713 967 1752 instit.
994 1712 1053 1751 VI
1086 1713 1130 1763 5,
1164 1713 1188 1750 2
1242 1708 1524 1762 ‘Quaecunque
1574 1714 1710 1752 autem
1758 1714 1800 1751 in

255 1772 528 1812 definitionem
571 1773 734 1812 uirtutis
779 1773 909 1812 solent
951 1772 1098 1822 dicere,
1147 1772 1285 1824 paucis
1333 1772 1516 1812 uersibus
1561 1773 1717 1824 colligit
1760 1775 1802 1812 et

254 1834 417 1872 enarrat
446 1832 640 1883 Lucilius3
678 1845 777 1884 quos
813 1833 920 1872 malo
958 1832 1142 1884 equidem
1173 1845 1339 1884 ponere,
1376 1845 1426 1871 ne
1458 1832 1553 1871 dum
1583 1833 1801 1872 multorum

253 1892 470 1932 sententias
490 1893 640 1942 refello,
661 1892 736 1932 sim
748 1892 906 1945 longior
925 1906 1045 1944 quam
1064 1905 1222 1932 necesse
1243 1894 1319 1932 est:
1341 1889 1503 1932 “uirtus
1573 1924 1580 1931 .
1600 1889 1799 1932 nostra’'.’

256 1952 400 1992 Confer
427 1952 576 1992 ibidem
602 1966 633 1992 c.
656 1953 694 2004 6,
723 1954 746 1991 7
779 1952 850 1992 ubi
880 1967 917 1992 u.
939 1946 1075 2002 *13313
1109 1954 1147 2002 6,
1176 1955 1230 1992 10
1262 1952 1330 1991 ubi
1355 1967 1393 1992 u.
1423 1953 1556 2002 13:323
1584 1954 1622 2002 6,
1651 1953 1704 1992 18
1731 1952 1801 1992 ubi

254 2026 289 2052 u.
323 2013 436 2052 1337
488 2013 732 2052 adferuntur.
807 2013 882 2052 Est
929 2013 1005 2052 hoc
1055 2013 1324 2065 fragmentum
1373 2025 1559 2052 uersuum
1610 2012 1799 2052 tredecim

254 2074 431 2112 omnium
469 2073 760 2124 amplissimum
798 2075 896 2124 quot
933 2075 1094 2113 seruata
1131 2075 1244 2123 sunt,
1285 2073 1501 2113 secundum
1538 2086 1722 2113 numeros
1741 2101 1744 2104 -
1761 2074 1801 2112 et

255 2133 518 2172 elocutionem
555 2134 807 2185 garrulitatis
845 2133 1005 2184 plenum
1046 2135 1086 2173 et
1122 2130 1308 2183 inertiae,
1341 2133 1530 2172 uidelicet
1561 2135 1670 2172 stans
1702 2133 1801 2184 pede

253 2194 293 2232 in
327 2206 406 2231 uno
439 2203 576 2232 uersus
603 2194 703 2233 istos
729 2193 903 2233 dictarat
927 2195 1047 2244 poeta
1072 2207 1194 2244 puero
1221 2195 1293 2244 qui
1318 2193 1474 2234 solebat
1499 2193 1669 2232 scribere
1695 2193 1801 2243 quod

254 2266 320 2292 ero
365 2253 407 2291 in
444 2252 610 2292 buccam
647 2254 813 2292 uenerit.
881 2254 1026 2304 Inepta
1063 2255 1103 2292 et
1141 2253 1295 2293 fastidii
1331 2254 1452 2304 plena
1489 2253 1693 2303 anaphora
1729 2253 1802 2292 illa

254 2312 440 2351 uocabuli
489 2314 618 2351 uirtus
667 2314 819 2352 sexiens
869 2314 1050 2364 repetiti,
1099 2314 1274 2364 ineptius
1323 2314 1445 2352 etiam
1489 2313 1718 2352 antitheton
1763 2315 1802 2352 et

253 2373 601 2412 homoeoteleuton
627 2374 667 2412 et
690 2372 1000 2423 homoeoptoton
1026 2373 1067 2411 in
1093 2386 1157 2411 uu.
1176 2374 1288 2412 1329
1304 2386 1385 2423 seq.
1415 2373 1529 2412 1334
1550 2385 1630 2423 seq.
1669 2372 1801 2412 Verba

254 2433 344 2483 ipsa
373 2431 472 2472 bene
504 2434 597 2472 sunt
627 2432 791 2483 tradita,
822 2433 1073 2487 singulorum
1105 2433 1283 2472 codicum
1315 2434 1418 2472 uitia
1450 2432 1610 2485 singula
1639 2435 1800 2472 enotare

255 2505 403 2543 operae
440 2493 615 2544 pretium
658 2506 738 2532 non
781 2495 884 2533 erat:
928 2493 1056 2532 ueluti
1099 2507 1135 2531 u.
1167 2494 1281 2532 1330
1324 2493 1366 2532 in
1411 2493 1483 2532 cod
1522 2492 1800 2543 antiquissimo

255 2552 498 2592 Bononiensi
529 2554 629 2592 teste
661 2552 856 2592 Brandtio
888 2553 995 2604 quod
1025 2554 1174 2605 legitur
1207 2550 1338 2603 ‘turpe
1369 2548 1668 2592 inhominitum’
1701 2566 1751 2591 m.
1776 2554 1796 2591 1

255 2613 459 2663 scriptum,
490 2612 532 2652 id
563 2613 697 2652 eodem
738 2612 855 2652 modo
893 2615 1122 2664 corruptum
1144 2614 1222 2653 >est
1259 2626 1337 2664 quo
1370 2613 1422 2652 ad
1453 2612 1546 2652 Her.
1565 2612 1628 2651 111
1656 2614 1723 2661 22,
1745 2613 1799 2651 35

257 2672 395 2711 eadem
420 2673 498 2712 duo
523 2672 647 2712 uerba
672 2675 860 2724 corrupta
885 2674 995 2712 fuere
1026 2674 1065 2712 in
1095 2673 1312 2724 archetypo
1334 2673 1434 2713 codd
1458 2673 1706 2723 expletorum
1728 2667 1800 2726 (E)

257 2733 326 2782 qui
356 2731 497 2771 habuit
533 2735 645 2782 turpe
682 2733 828 2772 inhoies
866 2736 958 2772 lum.
1021 2747 1058 2771 u.
1082 2733 1194 2772 1336
1217 2733 1289 2772 cod
1317 2733 1342 2771 S
1376 2728 1601 2786 (Parisinus
1642 2732 1690 2771 de
1722 2745 1800 2782 quo

256 2791 351 2830 conf
372 2791 588 2832 Brandtius
613 2793 829 2844 prolegom.
850 2806 887 2842 p.
907 2786 1077 2846 XLVII)
1103 2793 1210 2832 solus
1237 2793 1416 2832 seruauit
1434 2805 1571 2831 ueram
1589 2792 1801 2831 lectionem

258 2847 344 2890 ‘hos
375 2852 514 2903 magni
544 2848 703 2900 facem',
734 2851 804 2891 ubi
836 2849 923 2891 ‘hos
954 2853 1083 2904 magis
1108 2849 1253 2890 facere'
1280 2852 1327 2902 R,
1358 2851 1503 2902 reliqui
1533 2849 1621 2891 ‘hos
1647 2851 1799 2903 magni-

257 2906 403 2959 ficare’,
434 2924 471 2949 u.
494 2912 607 2950 1337
637 2907 815 2961 ‘patriai'
843 2913 997 2951 ueteres
1023 2912 1217 2951 editiones
1242 2910 1445 2950 Lactantii
1471 2913 1512 2950 et
1536 2911 1800 2949 Burmannus.

258 2968 596 3009 Commentarium
646 2983 763 3020 quem
812 2971 1047 3010 Lactantius
1097 2971 1265 3022 singulis
1316 2983 1391 3009 non
1441 2971 1525 3009 sine
1570 2972 1801 3020 contemptu

257 3031 400 3079 poetae
432 3029 589 3068 addidit
618 3029 798 3069 uersibus
830 3042 973 3080 operae
998 3031 1171 3081 pretium
1201 3032 1261 3069 est
1285 3030 1504 3083 perlegere:
1537 3029 1708 3082 sumpsit
1731 3029 1800 3069 ille

1115 3118 1149 3162 S
