2060 3444
295 281 380 323 148
748 307 753 312 .
901 278 932 314 Χ
958 291 994 314 u.
1023 282 1224 314 sse—392.

293 391 469 446 δένδρων
500 390 742 439 ἐνάπτοντες.
786 392 952 431 Plenam
983 393 1222 431 sententiam
1254 405 1335 431 non
1365 393 1544 432 continet
1570 392 1831 433 Lucilii'uer-

293 466 376 492 sus:
414 465 508 491 nam
538 453 687 492 ualidis
717 453 760 491 in
787 450 954 502 funibus
985 454 1099 501 aptas
1129 464 1208 491 non
1239 452 1441 502 tonsillas,
1479 452 1547 492 sed
1583 465 1705 492 naues
1742 455 1832 492 tan-
1881 461 1905 481 t

292 512 497 551 tummodo
529 512 658 551 dicere
687 513 820 562 potuit
843 514 964 562 poeta
988 524 1114 562 neque
1139 513 1274 562 inepte
1299 513 1359 551 ita
1383 512 1512 552 dicere
1539 514 1681 563 potuit.
1725 513 1831 551 Nam

293 585 415 613 naues
448 574 542 611 sunt
572 573 614 610 in
646 571 805 611 funibus
836 571 983 610 ualidis
1015 573 1152 622 aptae,
1183 584 1263 611 non
1295 572 1407 612 funes
1437 573 1480 610 in
1511 572 1698 622 nauibus,
1736 573 1832 623 quia

293 633 406 671 funes
438 634 645 682 tamquam
677 632 803 684 agunt
833 631 875 670 id
913 633 974 670 est
1010 632 1232 681 continent,
1270 644 1392 671 naues
1428 633 1656 682 patiuntur,
1692 632 1735 670 id
1772 633 1834 671 est

293 693 566 731 continentur:
613 690 711 730 Cato
743 691 791 730 de
822 692 910 743 agri
935 691 1028 730 cult.
1058 692 1140 730 152
1170 688 1308 731 ‘facito
1335 703 1473 742 scopas
1497 692 1656 743 uirgeas
1679 691 1832 731 ulmeas

295 752 443 801 aridas,
473 753 517 790 in
549 751 747 790 asser-culo
780 748 976 803 alligato'.
1031 749 1162 800 Aptus
1187 751 1425 790 uocabulum
1455 752 1498 790 in
1527 751 1603 790 hac
1633 751 1832 790 locutione

293 811 483 851 sollemne
521 823 605 850 esse
643 811 818 850 uidetur:
857 811 952 850 conf
975 809 1053 850 Cic.
1082 811 1195 850 Tusc.
1221 811 1259 848 V
1285 812 1342 851 40
1381 808 1475 850 ‘non
1513 823 1607 850 sane
1645 810 1832 862 optabilis

295 873 375 911 ista
394 871 556 922 quidem
571 902 579 910 .
595 902 602 909 .
618 901 626 910 .
640 871 874 910 rudentibus
889 872 985 922 apta
1004 867 1192 910 fortuna’.
1224 870 1366 921 Itaque
1386 873 1477 921 post
1495 880 1642 920 qnoque
1661 870 1834 910 arbitror

273 931 487 970 vexcidisse
525 943 624 979 quae
661 933 707 969 ut
744 932 785 969 et
821 943 959 970 uersus
996 932 1076 970 stet
1113 932 1154 970 et
1190 931 1388 970 sententia
1426 927 1624 971 ‘tonsillas
1665 942 1833 981 quoque,

293 987 449 1043 (quae)
480 990 625 1030 ualidis
657 992 699 1029 in
731 991 892 1029 funibus
926 992 1040 1041 aptas
1068 990 1307 1030 Contineant
1337 1003 1460 1030 naues
1491 990 1620 1042 figunt
1646 991 1691 1029 in
1714 990 1833 1030 litore

295 1047 497 1090 aduncas':
534 1062 682 1100 quoque
718 1051 820 1089 illud
856 1062 934 1101 quo
971 1051 1100 1102 magis
1137 1051 1347 1102 intellegas
1386 1050 1641 1089 statuendum
1679 1051 1755 1089 erit
1789 1051 1834 1088 in

295 1123 413 1149 uersu
445 1110 695 1150 antecedenti
725 1110 928 1149 Lucilium
959 1110 1007 1149 de
1040 1111 1195 1149 ancoris
1228 1111 1365 1162 egisse.

415 1165 524 1211 390.
555 1170 710 1210 Nonius
743 1185 781 1221 p.
810 1171 907 1220 512,
936 1171 989 1208 18
1024 1167 1228 1209 ‘Firmiter
1252 1182 1324 1221 pro
1349 1169 1471 1209 firme.
1520 1169 1699 1209 Lucilius
1724 1171 1832 1221 saty-

294 1243 430 1269 rarum
467 1229 536 1269 lib.
561 1230 597 1268 X
642 1227 843 1270 ‘fluctibus
888 1242 912 1269 a
955 1230 1164 1280 uentisque
1208 1224 1476 1284 (amantisque
1518 1228 1741 1269 Leidensis:
1790 1231 1833 1268 in

295 1289 608 1340 Guelferbytano
641 1302 797 1340 quoque
830 1302 876 1328 en
901 1285 1114 1343 superscr.)
1141 1291 1289 1329 aversis
1314 1289 1482 1328 firmiter
1507 1285 1698 1328 essent”.'
1748 1288 1832 1328 Ad-

294 1351 422 1389 um·sis
453 1349 559 1400 quod
590 1351 697 1389 recte
729 1351 882 1388 ueteres
915 1349 1108 1389 editiones
1146 1348 1332 1389 exhibent
1367 1350 1525 1399 recepto
1562 1361 1699 1388 uersus
1737 1348 1832 1387 talis

297 1410 454 1460 qualem
486 1410 569 1448 iam
599 1409 736 1449 Dousa
766 1411 809 1448 in
842 1409 1014 1455 editione
1046 1410 1179 1460 posuit
1210 1421 1330 1448 sanus
1369 1410 1455 1448 erit.
1518 1408 1696 1448 Ancoras
1734 1408 1831 1447 iece-

294 1471 406 1519 runt,
443 1469 627 1508 tonsillas
665 1482 822 1520 quoque
858 1468 1045 1519 fixerunt,
1089 1481 1190 1519 quae
1233 1481 1355 1507 naues
1398 1470 1442 1506 in
1483 1468 1629 1508 ualidis
1673 1467 1832 1507 funibus

296 1531 412 1580 aptas
454 1529 721 1578 continerent,
759 1530 804 1567 ut
835 1541 995 1568 securae
1027 1530 1181 1568 starent
1211 1541 1235 1567 a
1265 1527 1450 1567 fluctibus
1483 1530 1522 1566 et
1553 1541 1577 1567 a
1607 1529 1738 1567 uentis
1765 1527 1833 1566 ad-

296 1589 420 1629 uersis
451 1590 564 1627 tutae
596 1591 738 1628 essent.
800 1589 989 1628 Firmiter
1021 1590 1146 1628 essent
1174 1589 1336 1639 scripsit
1366 1600 1439 1639 pro
1470 1590 1549 1626 tuto
1581 1590 1714 1633 essent,
1748 1588 1833 1626 siue

296 1652 400 1688 tutae
424 1652 566 1688 essent:
590 1651 676 1687 tum
702 1662 727 1687 a
752 1650 951 1697 uentisque
976 1650 1022 1687 ut
1046 1648 1238 1698 solebant,
1262 1661 1356 1687 nam
1382 1660 1480 1696 aque
1499 1648 1591 1686 ante
1609 1647 1833 1699 Vergilium

297 1711 337 1748 et
375 1707 565 1748 Ouidium
602 1721 682 1747 non
725 1709 899 1748 inueniri
943 1708 1098 1747 iudicat
1133 1708 1358 1760 Draegerus
1399 1707 1447 1746 de
1484 1708 1645 1757 syntaxi
1680 1707 1706 1746 1.
1743 1706 1832 1746 Lat.

296 1769 434 1808 histor.
459 1763 520 1807 11²
543 1781 580 1818 p.
609 1769 683 1807 36:
732 1769 977 1819 praepositio
1021 1766 1099 1808 ἀπὸ
1142 1772 1281 1807 κοινοῦ
1323 1768 1549 1818 postposita
1600 1768 1646 1805 ut
1692 1768 1831 1806 incert.

296 1842 333 1868 u.
363 1829 495 1867 1240:
522 1829 617 1868 conf
637 1829 808 1878 interpp.
835 1828 887 1868 ad
911 1828 1006 1867 Hor.
1033 1829 1147 1878 epist.
1173 1827 1214 1866 II
1243 1830 1279 1877 1,
1301 1828 1354 1866 25
1384 1824 1464 1866 ‘uel
1490 1825 1627 1866 Gabiis
1652 1827 1718 1865 uel
1743 1839 1832 1865 cum

296 1888 438 1940 rigidis
471 1890 643 1938 aequata
675 1885 849 1927 Sabinis’
879 1889 929 1927 31
968 1885 1042 1926 ‘nil
1071 1889 1180 1926 intra
1211 1889 1271 1926 est
1308 1887 1413 1936 olea,
1450 1887 1508 1925 nil
1546 1887 1658 1925 extra.
1695 1888 1755 1926 est
1790 1887 1833 1925 in

298 1961 398 1987 nuce
429 1945 548 1987 duri'.

418 2002 528 2047 391.
560 2007 715 2046 Nonius
741 2021 779 2057 p.
807 2008 905 2057 219,
934 2008 989 2046 10
1022 2003 1181 2058 ‘Pigror
1208 2007 1363 2058 generis
1389 2007 1611 2045 masculini.
1654 2005 1832 2044 Lucilius

298 2069 527 2118 satyrarum
551 2066 618 2105 lib.
645 2067 681 2105 X
714 2064 916 2119 “languor
940 2067 1173 2115 obressitque
1199 2098 1206 2105 .
1235 2097 1243 2105 .
1271 2097 1278 2105 .
1306 2062 1513 2116 quietis''.'
1563 2065 1768 2115 Lan'yuor,
1799 2066 1834 2104 si

296 2129 402 2166 recte
433 2126 629 2165 traditum
660 2128 731 2175 est,
764 2139 786 2165 o
817 2127 1053 2177 productam
1084 2126 1268 2165 adhibuit
1298 2127 1417 2176 poeta
1447 2126 1568 2164 sicuti
1595 2124 1762 2164 Plautus
1794 2126 1834 2163 et

298 2187 464 2236 Ennius,
496 2198 585 2225 cum
617 2187 834 2236 corriperet
865 2186 955 2225 aliis
983 2187 1027 2224 in
1051 2186 1230 2225 uersibus
1257 2179 1367 2239 (uide
1392 2185 1460 2223 lib.
1486 2184 1595 2224 XXX
1620 2198 1656 2222 u.
1686 2178 1831 2238 1049).

296 2246 496 2298 Languor,
527 2247 706 2298 pigritia,
736 2247 912 2298 ignauia.
974 2246 1165 2285 Homines
1196 2247 1348 2284 inuasit
1377 2246 1523 2284 inertes
1554 2243 1832 2296 languor,'ob-

297 2308 500 2356 repsitque
537 2307 674 2358 pigror
716 2307 931 2356 torporque
973 2305 1200 2344 hominibus
1244 2306 1400 2355 quietis.
1470 2303 1676 2343 Olaudian.
1702 2303 1749 2342 de
1774 2303 1831 2342 IV

299 2378 403 2405 cons.
425 2365 526 2404 Hon.
548 2360 686 2420 (VIII)
708 2366 793 2404 323
821 2362 916 2404 ‘non
940 2365 1103 2404 brumae
1128 2366 1283 2415 requies
1309 2377 1389 2403 non
1413 2364 1670 2403 hibernacula
1695 2375 1833 2415 segnes

298 2426 503 2464 Eneruent
538 2427 698 2476 torpore
740 2422 896 2464 manus'
937 2425 1046 2464 Suid.
1072 2438 1101 2464 s.
1127 2438 1164 2463 u.
1196 2422 1398 2475 ἀκινησία·
1444 2421 1510 2462 καὶ
1552 2421 1645 2471 τοὺς
1687 2422 1834 2469 ἵππους

299 2484 520 2534 ἐξελαύνειν
550 2482 804 2538 προσέταξεν,
842 2482 895 2532 ὡς
927 2483 1125 2523 διαλύοιτο
1156 2482 1291 2531 αὐτοῖς
1320 2482 1363 2523 τὸ
1401 2481 1479 2522 ὑπὸ
1516 2487 1587 2522 τοῦ
1624 2481 1833 2535 παράπλου

298 2544 542 2598 νεναρκηκὸς
572 2543 651 2585 ὑπὸ
683 2542 900 2596 ἀκινησίας.
963 2543 1062 2582 Cato
1088 2557 1150 2594 ap.
1177 2543 1276 2582 Gell.
1302 2543 1359 2581 XI
1386 2544 1423 2592 2,
1450 2543 1487 2581 6.
1775 2542 1778 2545 ’

420 2599 530 2644 392.
562 2604 716 2644 Nonius
752 2618 790 2655 p.
818 2604 922 2653 517,
950 2605 1005 2643 30
1045 2601 1266 2642 ‘Desubito.
1300 2634 1307 2641 .
1330 2634 1337 2641 .
1359 2634 1366 2641 .
1392 2602 1569 2641 Lucilius
1607 2603 1832 2652 satyrarum

299 2664 366 2703 lib.
380 2664 415 2702 X
437 2661 653 2715 “quamuis
669 2695 676 2702 .
692 2695 699 2702 .
716 2695 724 2702 .
738 2660 916 2703 scalis”.'
953 2663 1142 2713 Quamuis
1160 2663 1343 2707 desubito,
1363 2663 1410 2701 ut
1427 2662 1557 2700 Plaut.
1574 2661 1759 2700 Bacchid.
1775 2662 1828 2699 82

301 2721 501 2773 ‘quamuis
533 2723 664 2762 subito
696 2720 864 2772 uenias’,
897 2724 979 2762 339
1021 2719 1086 2761 ‘ab
1124 2735 1169 2761 eo
1206 2721 1343 2761 licebit
1380 2722 1562 2771 quamuis
1600 2720 1730 2760 subito
1767 2733 1831 2759 su-

225 2815 230 2819 .
300 2780 420 2823 mere'
453 2783 624 2821 Mostell.
653 2784 735 2821 411
773 2779 970 2832 ‘quamuis
1003 2781 1183 2821 desubito
1219 2782 1335 2820 facile
1373 2783 1433 2820 est
1468 2781 1597 2819 facere
1633 2777 1829 2830 nequiter'

301 2838 390 2896 (ubi
418 2842 602 2881 Lorenzii
633 2843 728 2881 conf
754 2836 964 2895 adnotat),
997 2841 1155 2881 Stichus
1184 2842 1263 2885 721
1300 2838 1497 2890 ‘Namque
1528 2840 1667 2890 edepol
1694 2852 1829 2889 quam-

299 2903 361 2940 uis
394 2901 574 2941 desubito
606 2902 671 2940 uel
702 2902 822 2940 cadus
853 2902 958 2940 uerti
987 2898 1147 2951 potest’,
1183 2901 1339 2939 Lucret.
1365 2900 1404 2938 Il
1432 2901 1514 2938 391
1557 2896 1612 2938 ‘et
1648 2900 1830 2949 quamuis

300 2961 432 3000 subito
463 2974 534 3011 per
566 2962 695 3000 colum
725 2963 821 3000 uina
852 2961 1032 3000 uidemus
1057 2957 1276 3011 perfluere’:
1308 2960 1366 2998 IV
1394 2961 1488 2998 155.
1528 2959 1649 2997 Recte
1674 2970 1830 3008 compa-

300 3022 408 3064 rauit
433 3020 696 3059 Buechelerus
721 3021 747 3059 l.
769 3033 796 3058 s.
818 3033 847 3059 s.
873 3021 1047 3058 Martial.
1074 3019 1094 3057 I
1122 3021 1218 3068 117,
1247 3021 1269 3057 7
1305 3016 1360 3057 ‘et
1388 3019 1505 3057 scalis
1530 3018 1667 3057 habito
1691 3017 1830 3067 tribus,
