2060 3444
278 230 336 271 90
876 229 910 264 V
934 241 968 264 u.
997 232 1196 266 220-222.

279 343 328 383 ab
359 343 574 395 Liguribus
611 343 654 382 in
692 342 832 383 castris
873 343 1022 383 obsessi
1059 345 1303 396 sin-ategema
1343 343 1502 384 uidetur
1532 356 1694 384 narrare
1726 357 1816 384 con-

277 403 393 442 uiua:
425 404 519 442 conf
544 403 633 442 Liu.
653 402 722 442 XL
751 404 805 442 27
839 405 879 442 et
911 403 966 442 28
999 404 1041 442 et
1072 403 1123 442 ad
1152 417 1190 442 u.
1213 405 1309 444 221.

399 457 509 503 221.
547 462 701 502 Nonius
745 476 791 502 ex
834 464 1096 515 grammatico
1139 477 1176 514 p.
1200 464 1303 514 546,
1337 465 1394 504 30
1435 460 1699 514 ‘Mixtarium,
1737 478 1816 516 quo

277 523 497 562 miscemus.
559 522 739 561 Lucilius
776 522 843 562 lib.
864 523 901 559 V
940 520 1113 563 “urceus
1150 527 1220 563 aut
1255 525 1372 575 longe
1409 525 1567 576 gemino
1606 525 1815 565 mixtarius

277 579 458 633 paulo’'.'
532 579 660 621 ‘Haut
703 579 829 633 lonye’
873 584 980 622 recte
1022 583 1320 623 Lachmannus:
1364 584 1501 623 eadem
1543 596 1680 624 uersus
1724 585 1815 625 sede

276 643 453 692 positum
496 644 556 682 est
599 643 719 682 Ennii
763 642 974 682 annalibus
1014 644 1096 682 481
1119 643 1156 680 V
1201 641 1389 695 ‘impetus
1431 644 1531 683 haut
1567 638 1659 698 (aut
1695 645 1815 685 codex

276 702 386 742 Festi
429 715 465 752 p.
494 703 598 752 285,
634 697 678 756 1)
734 703 851 755 longe
902 703 1042 742 mediis
1092 704 1320 756 regionibus
1368 701 1520 744 restat'.
1602 703 1816 744 Praeterea

276 763 508 813 saepissime
539 763 647 801 haud
677 763 787 813 lonye
818 762 925 814 apud
955 763 1143 803 Plautum
1179 765 1226 803 ut
1255 763 1455 814 Amphitr.
1477 765 1560 803 322
1595 764 1694 803 Rud.
1718 765 1813 804 255.

278 823 361 861 266
408 822 477 861 ubi
519 824 616 862 item
653 824 696 861 in
733 822 833 862 codd
871 826 940 862 aut
976 823 1151 874 positum
1188 837 1262 875 pro
1292 824 1407 863 haut:
1445 822 1651 863 Cornelius
1682 824 1815 875 Nepos

276 883 346 932 qui
381 882 490 922 haud
526 882 726 933 particula
768 883 896 922 tribus
933 885 1091 923 tantum
1129 884 1245 923 modo
1282 896 1376 924 usus
1414 885 1474 923 est
1510 884 1625 934 locis,
1663 883 1815 924 duobus

269 942 410 995 posuit
440 955 530 982 cum
562 943 671 992 Ionye
702 942 892 982 aduerbio
925 938 1103 997 (Datam.
1130 944 1170 993 4,
1197 945 1222 983 4
1255 942 1372 996 Ages.
1400 944 1438 994 4,
1466 937 1523 998 5).
1583 943 1749 984 Gemino
1775 946 1816 984 et

274 1002 399 1041 Paulo
443 1002 572 1042 datiui
616 1004 725 1042 sunt:
769 1003 864 1042 conf
896 1003 1071 1042 Martial.
1103 1003 1124 1043 I
1156 1004 1230 1054 86,
1263 1005 1287 1042 6
1329 1000 1427 1043 ‘tam
1464 1004 1581 1056 longe
1619 1005 1679 1043 est
1714 1004 1815 1043 mibi

275 1056 442 1115 (sodalis
491 1057 666 1116 uicinus)
719 1075 838 1113 quam
884 1063 1146 1103 Terentianus
1196 1064 1266 1114 qui
1314 1076 1418 1103 nunc
1460 1063 1662 1103 Niliacam
1710 1065 1816 1116 regit

276 1118 468 1172 Syenen’:
500 1122 657 1162 Petron.
680 1123 734 1161 58
770 1120 903 1175 ‘longe
934 1123 1010 1162 tibi
1042 1124 1097 1163 sit
1127 1124 1284 1163 comula
1314 1120 1408 1164 ista’
1441 1123 1591 1175 Vergil.
1618 1123 1716 1163 Aen.
1737 1123 1815 1163 XII

276 1183 330 1221 52
378 1179 510 1234 ‘longe
554 1183 617 1222 illi
661 1182 734 1222 dea
777 1185 906 1222 mater
948 1180 1051 1223 erit’.
1128 1183 1339 1223 Mixtarius
1382 1186 1443 1224 est
1486 1185 1633 1234 crater,
1675 1196 1814 1224 urceus

275 1241 463 1292 aquarius
490 1238 684 1296 (Martial.
703 1242 798 1281 XIV
821 1244 903 1282 106
923 1243 982 1282 ΧΙ
1003 1244 1072 1292 56,
1093 1244 1116 1283 3
1140 1242 1225 1283 Cat.
1245 1242 1294 1282 de
1314 1244 1403 1295 agri
1422 1244 1514 1283 cult.
1538 1245 1604 1292 10,
1626 1245 1662 1282 2.
1692 1245 1759 1292 11,
1775 1244 1812 1283 3.

278 1302 345 1351 13,
367 1304 403 1341 2.
427 1302 525 1351 135,
546 1296 591 1356 2)
613 1315 691 1352 quo
712 1304 841 1342 crater
860 1315 967 1353 aqua
992 1303 1170 1354 repletur
1188 1304 1308 1343 sicuti
1327 1303 1417 1355 Dig.
1438 1302 1611 1342 XXXIII
1639 1305 1675 1354 7,
1704 1304 1771 1355 18,
1787 1304 1811 1343 3

274 1364 559 1401 enumerantur
585 1359 709 1401 ‘urcei
735 1362 878 1413 quibus
904 1375 1010 1413 aqua
1035 1363 1077 1402 in
1099 1376 1242 1403 aenum
1261 1359 1514 1402 infunditur'.
1564 1362 1814 1403 Describitur

273 1422 399 1473 igitur
423 1422 655 1461 conuiuium
680 1421 748 1461 ubi
774 1422 941 1462 aderant
966 1423 1044 1462 duo
1069 1422 1308 1462 nobilissimi
1338 1423 1528 1474 homines,
1553 1422 1597 1461 L.
1616 1422 1813 1463 Aemilius

274 1481 423 1521 Paulus
462 1483 503 1521 et
532 1481 585 1522 M.
606 1478 800 1522 Seruilius
843 1481 1054 1533 Geminus,
1091 1483 1160 1522 ille
1200 1482 1397 1534 Scipionis
1433 1482 1650 1522 Aemiliani
1685 1484 1812 1534 pater,

273 1541 337 1581 hic
387 1543 458 1581 aut
505 1543 622 1593 pater
671 1554 775 1581 cons.
810 1542 895 1582 552
900 1538 920 1594 s
925 1544 1029 1593 202,
1074 1542 1317 1583 fortissimus
1359 1542 1651 1593 Romanorum,
1700 1543 1812 1582 cuius

272 1602 476 1652 praeclare
502 1602 610 1641 facta
634 1601 838 1642 celebrant
861 1603 1014 1642 nummi
1041 1602 1258 1642 Seruiliani
1283 1597 1452 1657 (Babelo
1477 1615 1608 1642 monn.
1629 1602 1665 1642 d.
1685 1603 1709 1642 l.
1729 1598 1811 1654 rep.

272 1661 314 1701 11
339 1675 375 1713 p.
403 1662 502 1700 446.
545 1663 650 1701 449:
696 1659 789 1702 ‘Ter
832 1664 872 1702 et
909 1662 1060 1703 uiciens
1097 1675 1187 1702 cum
1223 1662 1339 1703 hoste
1380 1676 1452 1714 per
1486 1664 1813 1714 prouocationem

272 1722 466 1774 pugnaui,
497 1735 543 1761 ex
575 1722 759 1761 omnibus
784 1736 874 1762 cum
905 1722 1048 1773 quibus
1079 1727 1245 1763 manum
1275 1722 1468 1772 conserui,
1499 1722 1628 1774 spolia
1654 1719 1811 1762 rettuli’

272 1782 358 1832 ipse
395 1781 442 1820 de
480 1794 522 1821 se
552 1782 754 1833 gloriatur
788 1784 830 1821 in
868 1784 1048 1823 oratione
1084 1783 1224 1822 habita
1261 1795 1334 1834 pro
1365 1782 1571 1833 triumpho
1602 1782 1718 1822 Pauli
1749 1782 1813 1823 sui

273 1854 378 1881 anno
411 1837 609 1894 587s167
644 1854 708 1893 ap.
733 1841 894 1881 Liuium
918 1842 1027 1882 XLV
1055 1843 1124 1893 39,
1152 1837 1227 1897 16)
1262 1863 1313 1870 —
1348 1844 1419 1882 aut
1450 1842 1533 1882 eius
1563 1842 1671 1882 filius
1702 1837 1817 1895 (conf

272 1901 551 1953 Nipperdeyus
594 1902 658 1941 die
695 1902 803 1954 leges
840 1903 1004 1942 annales
1042 1902 1077 1942 d.
1108 1915 1228 1942 roem.
1254 1902 1351 1954 Rep.
1377 1902 1520 1953 Leipz.r
1542 1903 1655 1943 1865
1687 1916 1725 1954 p.
1753 1897 1812 1956 6),

273 1961 342 2011 qui
386 1961 571 2001 tribunus
613 1961 788 2001 militum
833 1961 906 2001 sub
944 1961 1070 2002 Paulo
1114 1963 1201 2003 erat
1242 1962 1283 2000 in
1327 1962 1432 2001 bello
1469 1963 1608 2002 contra
1643 1961 1811 2014 Ligures

272 2020 369 2060 anni
408 2017 604 2073 573s181
645 2015 752 2075 (Liu.
774 2022 920 2061 XXXX
947 2023 1021 2072 27,
1053 2016 1100 2075 4)
1145 2021 1250 2072 quod
1292 2021 1540 2072 probabilius
1577 2034 1661 2061 esse
1698 2022 1810 2062 duco.

272 2080 508 2120 Narrauisse
552 2094 636 2120 rem
673 2081 834 2120 uidetur
871 2080 1005 2133 Scipio
1042 2081 1309 2121 Aemilianus:
1352 2093 1415 2121 res
1451 2083 1585 2133 gestas
1621 2082 1665 2120 in
1704 2081 1809 2121 bello

272 2142 413 2180 contra
457 2140 628 2192 Ligures
677 2153 776 2192 quas
829 2140 970 2181 Liuius
1020 2143 1182 2181 enarrat
1224 2141 1292 2181 lib.
1323 2141 1469 2180 XXXX
1500 2153 1585 2192 cap.
1614 2141 1668 2181 25
1701 2153 1808 2192 seqq.

271 2213 482 2251 possumus
515 2202 741 2240 consociare
773 2215 865 2241 cum
894 2201 1076 2252 reliquiis
1106 2202 1225 2242 huius
1255 2201 1349 2240 libri
1389 2215 1427 2240 u.
1449 2201 1533 2240 213
1562 2222 1616 2228 --
1641 2214 1682 2240 u.
1705 2202 1809 2241 220:

272 2260 420 2300 milites
442 2262 485 2299 in
510 2260 652 2300 castris
678 2274 702 2300 a
725 2261 941 2314 Liguribus
967 2261 1115 2302 obsessi
1140 2262 1316 2301 fremunt
1341 2255 1444 2315 (cap.
1468 2262 1536 2311 27,
1557 2255 1632 2315 14)
1650 2261 1809 2312 turpem

272 2333 355 2359 rem
386 2322 606 2373 gementes,
637 2321 857 2371 imperator
893 2321 1044 2361 Paulus
1076 2322 1267 2372 quattuor
1297 2321 1423 2373 portis
1453 2320 1654 2372 praesidia
1683 2320 1808 2371 ponit,

273 2393 443 2430 quorum
478 2380 550 2419 uni
579 2380 631 2420 M.
653 2380 846 2421 Seruilius
878 2380 1069 2421 Geminus
1098 2382 1290 2432 ‘praeerat
1322 2375 1425 2435 (cap.
1448 2382 1516 2431 27,
1542 2374 1608 2434 4):
1639 2379 1810 2431 denique

274 2437 480 2480 ‘aduersus
510 2441 570 2480 ita
600 2440 884 2491 incompositos
916 2454 982 2481 eos
1013 2442 1219 2481 uenientes
1245 2441 1416 2480 clamore
1441 2441 1594 2491 pariter
1618 2440 1809 2491 omnium,

272 2501 343 2550 qui
378 2501 420 2539 in
458 2501 599 2539 castris
637 2502 768 2551 erant,
806 2501 991 2540 calonum
1023 2514 1180 2552 quoque
1211 2502 1252 2540 et
1287 2501 1471 2550 lixarum,
1501 2499 1659 2540 sublato
1690 2501 1809 2540 simul

272 2559 455 2599 omnibus
485 2561 613 2610 portis
645 2560 816 2601 Romani
847 2563 1073 2612 eruperunt.
1134 2561 1348 2613 Liguribus
1381 2559 1478 2600 adeo
1509 2559 1716 2611 inprouisa
1745 2573 1808 2600 res

272 2620 368 2667 fuit,
415 2621 462 2659 ut
497 2620 660 2670 perinde
698 2633 744 2660 ac
781 2621 817 2661 si
853 2621 1010 2660 insidiis
1047 2621 1311 2660 circumuenti
1352 2620 1501 2670 forent,
1544 2616 1806 2672 trepidarent’

294 2680 361 2730 28,
391 2680 417 2718 4
441 2709 449 2718 .

272 2674 290 2733 (
393 2673 503 2779 2232.
523 2738 706 2779 Donatus
725 2739 777 2778 ad
795 2740 974 2779 Terentii
997 2739 1191 2780 Andriam
1209 2739 1274 2779 111
1293 2741 1331 2790 2,
1346 2740 1372 2778 4
1394 2736 1406 2754 ‘
1422 2736 1573 2785 “Quod
1595 2738 1696 2779 iussi
1720 2739 1808 2778 dari

271 2798 406 2838 bibere
443 2799 483 2838 et
520 2801 715 2849 quantum
750 2800 949 2849 imperaui
979 2796 1116 2839 date”.
1180 2797 1471 2839 Consuetudine
1502 2811 1623 2850 quam
1650 2799 1806 2838 ratione

202 2855 208 2858 ’
272 2857 373 2897 dixit
402 2871 474 2908 pro
502 2855 627 2897 “date
659 2859 695 2898 ei
718 2856 966 2910 potionem”.
1022 2859 1199 2899 Lucilius
1223 2861 1265 2898 in
1291 2860 1431 2910 quinto
1464 2855 1548 2898 “da
1573 2852 1685 2912 (date
1713 2851 1806 2912 CT)

271 2917 405 2956 bibere
430 2915 612 2957 summo”
640 2913 812 2972 (summo
837 2931 899 2958 om
927 2913 977 2973 T)
1006 2950 1013 2957 .
1035 2950 1044 2958 .
1064 2950 1072 2958 .
1098 2932 1193 2958 nam
1214 2918 1292 2958 duo
1311 2919 1435 2958 uerba
1453 2918 1632 2958 iniuncta
1650 2917 1807 2957 nullum

272 2976 423 3017 habent
452 2977 720 3030 significatum
751 2980 836 3018 sine
866 2980 1027 3019 nomine
1057 2980 1130 3019 aut
1158 2980 1403 3030 pronomine,
1431 2979 1480 3017 ut
1509 2977 1542 3019 si
1573 2977 1681 3018 dicas
1710 2974 1806 3017 “dic
