2060 3444
328 271 416 312 240
885 269 1012 314 ,XXVI
1036 281 1072 305 u.
1100 273 1300 308 656—659.

323 384 433 421 extat
467 382 572 432 apud
610 382 740 421 Plaut.
767 382 873 420 Pers.
902 383 985 420 263
1015 382 1099 421 Cas.
1130 384 1241 422 1005
1283 380 1460 434 ‘propter
1497 395 1584 421 eam
1630 396 1713 421 rem
1756 383 1859 422 hanc

325 443 402 481 tibi
426 455 531 481 1111110
555 443 715 480 ueniam
739 443 870 481 minus
897 444 1063 494 grauate
1082 440 1301 492 prospero':
1326 443 1514 482 sollemne
1540 443 1618 480 fuit
1635 443 1677 480 111
1697 442 1858 481 deorum

322 502 460 540 fauore
496 502 737 540 inuocandoe
777 501 865 540 Liu.
891 501 991 540 VIII
1018 504 1061 552 9,
1090 503 1112 540 7
1155 499 1264 540 ‘Iane
1304 502 1487 553 Iuppiter
1529 502 1752 552 Marspater
1778 532 1785 540 .
1814 533 1822 540 .
1850 533 1858 540 .

320 574 393 612 ,uos
429 574 587 611 precor,
624 574 807 610 ueneror,
847 562 1007 600 ueniam
1043 563 1136 612 peto
1173 562 1353 612 feroque,
1396 563 1457 601 uti
1493 562 1640 612 populo
1678 561 1857 600 Romano
1911 599 1918 606 ,

248 637 252 640 ·
325 620 541 666 Quiritium
578 622 661 659 uim
698 622 909 660 uictoriam
946 618 1202 671 prosperetis’
1241 621 1336 659 Hor.
1370 634 1488 661 earm.
1521 634 1619 660 saec.
1650 622 1700 660 17
1738 617 1859 670 ‘diua,

323 680 518 731 producas
556 680 733 719 subolem
769 682 930 730 patrum
970 693 1176 731 prosperes
1221 678 1391 720 decreta’
1420 694 1451 719 e.
1479 694 1514 731 q.
1542 694 1570 720 3.
1626 681 1747 720 Recte
1783 681 1858 732 igi-

323 743 391 779 tur
414 752 520 789 pasc:
550 740 680 779 Plaut.
709 739 819 779 Cure.
849 742 934 779 270
968 737 1120 790 ‘pacem
1159 740 1208 779 ab
1240 740 1478 791 Aesculapio
1510 742 1640 791 petas,
1677 753 1726 779 ne
1757 740 1860 779 forte

323 800 399 839 tibi
436 802 581 839 euenat
616 812 807 850 magnum
850 797 1014 839 malum'
1055 801 1207 839 Ennius
1239 800 1342 838 TRF
1373 802 1448 839 inc.
1481 800 1616 838 incert.
1648 799 1726 839 fab.
1756 800 1860 839 10R

325 857 426 898 ‘tum
452 861 721 899 coniecturam
746 860 937 910 postulat,
967 872 1106 910 pacem
1130 862 1281 910 petens,
1309 862 1355 898 ut
1380 873 1420 899 se
1447 860 1627 898 edoceret
1652 859 1860 913 obsecrans

325 920 554 969 Apollinem
580 931 659 969 quo
685 931 768 958 sese
801 922 961 958 uertant
991 922 1129 958 tantae
1158 922 1282 959 sortes
1309 916 1520 958 somnium'
1554 919 1667 958 Lucr.
1688 919 1725 956 V
1747 920 1858 958 1229

274 1012 278 1014 .
328 977 422 1018 (11011
457 979 591 1018 diuom
628 991 766 1029 pacem
803 979 908 1018 uotis
947 979 1033 1018 adit
1070 991 1116 1019 ac
1152 992 1268 1029 prece
1288 976 1476 1029 -quaesit’
1511 974 1617 1032 (Liu.
1643 979 1722 1017 VII
1749 980 1787 1028 2,
1814 973 1859 1032 2)

326 1039 444 1091 Verg.
470 1039 567 1078 Aen.
594 1039 652 1077 IV
679 1040 732 1077 56
775 1036 987 1089 ‘principio
1026 1039 1190 1078 delubra
1229 1039 1375 1078 adeunt
1411 1051 1644 1089 pacemque=
1664 1051 1735 1089 per
1771 1050 1860 1077 aras

325 1099 549 1149 exquirunt,
581 1100 760 1137 mactant
791 1099 914 1138 lectas
946 1099 993 1136 de
1024 1111 1132 1138 more
1163 1096 1350 1138 bidentis'
1385 1112 1497 1149 quem
1537 1099 1668 1138 locum
1699 1098 1861 1136 Muelle-

325 1171 392 1198 rus
419 1158 567 1197 attulit.
611 1160 772 1197 minimo
799 1161 833 1197 et
857 1160 1108 1208 corruptum:
1139 1159 1351 1198 Mineruae
1377 1160 1411 1197 ei
1437 1157 1660 1197 Onionsius.
1711 1158 1861 1197 Tamen

325 1230 395 1256 nec
424 1219 586 1257 minimo
618 1218 834 1269 genuinum
866 1230 949 1257 esse
979 1218 1140 1257 uidetur
1171 1219 1265 1268 quia
1297 1231 1578 1269 saepenumero
1609 1218 1758 1269 legitur
1791 1219 1862 1256 mi-

325 1280 457 1316 nimus
501 1290 590 1316 cum
633 1279 843 1328 negatione
887 1278 1014 1316 ueluti
1056 1278 1192 1316 quen.
1219 1277 1255 1314 V
1284 1279 1366 1316 123
1420 1275 1505 1316 ‘nec
1554 1278 1719 1316 minimo
1768 1289 1862 1316 sane

327 1337 553 1377 discrimine
584 1334 719 1376 refert’
750 1336 891 1375 Catull.
920 1339 988 1386 43,
1017 1339 1036 1375 1
1075 1334 1161 1376 (1160
1191 1338 1355 1376 minimo
1388 1338 1522 1387 puella
1547 1334 1670 1375 naso'.
1719 1337 1861 1387 Itaque

327 1397 402 1436 1100
444 1397 561 1436 1110ᾶο
604 1410 708 1436 1111110
752 1397 898 1436 scribo:
945 1394 1031 1435 (1160
1074 1398 1238 1435 minimo
1276 1398 1312 1436 ei
1347 1398 1605 1447 prosperatur
1640 1409 1718 1447 pax
1756 1395 1862 1447 quod

328 1456 592 1495 Cassandram
634 1453 839 1508 (Locrus)
888 1456 1001 1508 318110
1051 1453 1265 1507 deripuit':
1321 1456 1505 1495 similiter
1547 1457 1690 1506 incipit
1735 1458 1861 1506 septe-

329 1516 466 1555 narius
497 1516 564 1554 lib.
591 1516 763 1554 XXVIII
787 1530 823 1554 11.
854 1517 938 1555 750
971 1513 1057 1554 (1160
1085 1529 1209 1566 paruo
1237 1515 1393 1555 Catullo
1419 1512 1576 1566 pretio'.
1629 1513 1727 1555 ‘Nec
1758 1527 1861 1554 com-

325 1578 494 1626 paratur
528 1588 654 1626 paruo
698 1577 827 1626 pretio
872 1588 949 1626 pax
993 1575 1127 1614 diuom
1166 1575 1457 1626 Agamemnoni
1493 1577 1656 1626 propter
1698 1574 1861 1614 Cassan-

327 1636 422 1674 drae
461 1632 643 1674 facinus’.
712 1635 771 1674 De
809 1637 1043 1686 argumento
1082 1636 1176 1674 conf
1202 1635 1350 1686 Hygin.
1381 1636 1462 1673 116
1489 1649 1527 1685 p.
1556 1637 1636 1674 101
1672 1634 1862 1674 Schmidt.

331 1692 422 1734 ‘Ilio
467 1696 584 1745 capto
628 1697 668 1734 et
710 1695 842 1734 diuisa
886 1695 1036 1745 praeda
1071 1695 1203 1733 Danai
1241 1708 1328 1733 cum
1367 1695 1526 1734 domum
1569 1694 1760 1744 redirent,
1803 1694 1864 1733 ira

333 1755 495 1794 deorum
530 1755 635 1805 quod
666 1755 761 1794 fana
793 1755 1064 1805 spoliauerant
1095 1756 1135 1793 et
1166 1755 1272 1804 quod
1299 1754 1560 1794 Cassandram
1588 1754 1691 1793 Aiax
1716 1753 1864 1793 Loc'rus

329 1827 352 1853 a
390 1816 503 1866 signo
548 1814 730 1853 Palladio
775 1814 1044 1865 abripuerat.
1121 1845 1128 1852 .
1159 1814 1414 1866 naufragium
1458 1810 1661 1853 fecerunt'.
1730 1813 1862 1860 Quint.

330 1874 485 1924 Smyrn.
505 1874 599 1912 XIV
620 1875 704 1913 419
721 1887 828 1924 seqq
852 1874 1032 1924 Apollod.
1053 1845 1147 1912 bibl.
1169 1874 1227 1913 ed.
1247 1874 1439 1925 Wagneri
1457 1873 1563 1925 Lips.
1587 1874 1700 1912 1894
1723 1887 1761 1924 p.
1778 1874 1860 1912 212

328 1934 491 1972 Proclus
517 1934 542 1972 1.
570 1946 599 1972 3.
625 1947 663 1983 p.
691 1934 789 1982 245,
817 1935 841 1972 9
872 1929 1024 1985 Ἀθηνᾶ
1054 1929 1325 1986 Ἀγαμέμνονα
1356 1932 1421 1972 καὶ
1453 1931 1664 1972 Μενέλαον
1695 1932 1751 1980 εἰς
1781 1931 1864 1985 ἕριν

329 1993 542 2043 καθίστησι
572 1991 661 2046 περὶ
691 1998 761 2031 τοῦ
793 1992 948 2032 ἔκπλου.
1004 1987 1259 2045 Ἀγαμέμνων
1291 1990 1361 2044 μὲν
1393 1987 1467 2032 οὖν
1497 1991 1566 2032 τὸν
1597 1998 1665 2044 τῆς
1686 1988 1864 2043 Ἀθηνᾶς

330 2051 601 2103 ἐξιλασάμενος
625 2051 740 2103 χόλον
765 2050 937 2103 ἐπιμένει
963 2046 1098 2105 (Hom.
1124 2067 1148 2104 γ
1177 2054 1260 2091 130
1274 2047 1413 2105 seqq.)
1465 2051 1591 2097 Quam
1616 2052 1864 2103 tragoediam

331 2114 483 2163 spectet
513 2114 644 2162 poeta,
679 2124 759 2150 non
789 2112 933 2161 liquet:
971 2111 1039 2150 sed
1076 2112 1127 2149 ad
1160 2110 1334 2161 Chrysen
1366 2112 1534 2150 Pacuuii
1571 2111 1688 2151 sicuti
1713 2125 1750 2149 u.
1778 2111 1861 2149 655

330 2173 528 2222 pertinere
560 2171 657 2210 haec
687 2171 810 2210 uerba
840 2170 1204 2221 probabilissimum
1236 2173 1304 2210 est.

451 2226 563 2270 658.
601 2231 755 2270 Νο111113
787 2245 824 2281 p.
852 2232 927 2280 38,
955 2231 1007 2269 16
1055 2227 1231 2280 ‘Capital
1267 2230 1424 2269 dictum
1468 2231 1528 2269 est
1570 2230 1713 2280 capitis
1760 2231 1862 2280 peri-

332 2291 477 2329 culum.
511 2321 519 2329 .
541 2321 548 2328 .
571 2321 578 2328 .
604 2290 781 2329 Lucilius
808 2290 874 2329 lib.
900 2290 1032 2328 XXVI
1062 2287 1210 2329 “facile
1231 2322 1238 2328 .
1261 2322 1268 2328 .
1291 2321 1298 2329 .
1317 2287 1541 2330 irascier’'.’
1592 2289 1863 2328 Parasitorum

332 2351 492 2389 uidetur
524 2362 606 2389 esse
639 2351 817 2400 querela:
857 2350 952 2390 conf
973 2350 1124 2402 Diphil.
1153 2351 1206 2388 74
1234 2349 1335 2388 CAF
1360 2350 1402 2388 II
1426 2364 1463 2400 p.
1493 2350 1576 2388 566
1591 2349 1628 2387 K
1659 2347 1865 2402 ὀργίζεται·

332 2409 544 2463 παράσιτος
569 2406 625 2448 ὢν
651 2407 1049 2463 dpylg'evoc23A1‘istot
1069 2410 1167 2449 rhet.
1187 2410 1208 2448 I
1227 2422 1312 2460 cap.
1335 2412 1386 2448 11
1409 2423 1447 2459 p.
1471 2410 1552 2448 137
1557 2409 1622 2448 Ob
1646 2410 1698 2448 13
1726 2407 1863 2456 οὐθεὶς

331 2468 405 2523 γὰρ
442 2467 631 2523 ὀργίζεται
666 2472 719 2525 τῷ
755 2467 939 2525 ἀδυνάτῳ
977 2467 1205 2524 φαινομένῳ
1242 2468 1429 2522 τιμωρίας
1465 2471 1614 2521 τυχεῖν,
1652 2465 1745 2508 οὐδὲ
1782 2471 1862 2516 τοῖς

334 2528 436 2568 πολὺ
467 2526 566 2581 ὑπὲρ
598 2527 743 2576 αὐτοὺς
773 2535 820 2584 τῇ
852 2528 1018 2580 δυνάμει
1049 2526 1075 2581 ἢ
1107 2528 1180 2568 οὐκ
1218 2526 1436 2582 ὀργίζονται
1472 2525 1499 2580 ἢ
1536 2522 1664 2579 ηττον.
1727 2527 1863 2567 Simile

334 2590 603 2641 apopthegma
635 2589 723 2627 Seu.
750 2589 832 2626 de
823 2603 868 2627 11.
894 2589 952 2627 IV
980 2589 1047 2638 33,
1075 2590 1098 2626 2
1134 2585 1357 2627 ‘notissima
1387 2600 1463 2626 uox
1498 2589 1558 2627 est
1594 2588 1677 2627 eius
1715 2588 1785 2638 qui
1821 2588 1863 2626 in

333 2650 443 2687 cultu
466 2661 606 2700 regum
625 2650 895 2687 consenuerat.
940 2661 1030 2687 cum
1048 2648 1162 2686 illum
1183 2648 1346 2698 quidam
1364 2649 1641 2698 interrogaret,
1667 2647 1862 2697 quomodo

333 2709 578 2747 rarissimam
608 2721 691 2746 rem
723 2707 764 2745 in
797 2708 890 2746 aula
920 2709 1151 2746 consecutus
1183 2710 1296 2757 esset,
1327 2708 1585 2747 senectutem:
1621 2703 1863 2756 “injurias”‚

334 2769 478 2818 inquit,
513 2764 773 2817 “accipiendo
805 2769 845 2806 et
875 2768 1026 2819 gratias
1059 2764 1272 2818 agendo''.'
1332 2764 1486 2806 ‘Palam
1516 2761 1679 2805 muttire
1709 2765 1863 2817 plebeio

334 2828 539 2878 piaculum
570 2824 644 2866 est’
678 2826 830 2866 Ennius
862 2826 1017 2866 dixerat
1045 2828 1089 2865 in
1121 2826 1306 2877 Telepho
1325 2821 1430 2880 (286
1445 2820 1510 2880 R).

456 2882 567 2926 659.
598 2887 754 2926 Nonius
778 2900 816 2937 p.
845 2887 941 2936 138,
970 2888 1020 2925 21
1058 2883 1270 2925 (Μο1ᾶ10113
1301 2886 1368 2924 lib.
1394 2885 1526 2924 XXVI
1551 2885 1729 2925 Lucilius
1761 2879 1863 2959 (Ἰξι-

335 2947 447 2985 cilius
472 2947 536 2984 lib.
557 2946 715 2984 XXVI
732 2941 973 3000 impressi)‘
979 2942 1190 2985 ‘mordicus
1217 2976 1226 2984 .
1253 2976 1261 2983 .
1289 2948 1358 2985 ,et
1380 2946 1574 2984 flamma.
1602 2976 1609 2983 .
1637 2941 1846 2984 .cibum'ffi

335 3005 491 3043 Auaros
522 3005 721 3056 significat
750 3007 870 3055 poeta
907 3007 947 3044 et
982 3004 1379 3057 turpilucricupidos,
1417 3006 1485 3055 qui
1521 3005 1669 3043 famam
1705 3004 1762 3043 nil
1799 3015 1863 3042 cu-
