2060 3444
69 1223 112 1269 δ’)

733 240 861 276 incert.
890 240 966 276 sed.
992 252 1027 276 u.
1058 243 1303 277 lasa-128⁷.
1701 240 1789 284 389

245 354 418 406 Neapoli
441 354 581 405 postea
605 353 836 404 parthenias
862 353 1050 393 audiebat
1068 353 1281 406 Vergilius.
1332 354 1452 394 Libro
1471 353 1508 391 V
1533 354 1788 394 tribuendum

246 426 330 455 esse
366 415 486 454 istam
523 413 572 452 de
604 411 719 464 Cipio
757 413 936 452 fabulam
974 414 1166 464 suspicati
1197 426 1332 454 sumus
1371 414 1421 453 ad
1461 414 1530 453 lib.
1557 414 1593 451 V
1624 429 1662 454 u.
1690 416 1787 454 207.

245 474 355 521 Quae
391 473 530 514 fabula
566 474 702 512 utrum
739 472 858 524 plane
896 473 1039 512 similis
1076 473 1198 512 fuerit
1240 473 1350 513 illius
1393 487 1514 524 quam
1551 474 1788 514 Plutarchus

245 535 385 574 narrat
408 533 434 573 l.
454 546 483 573 s.
504 546 534 573 s.
555 545 606 572 an
626 532 832 578 moechum
851 533 985 584 potius
1011 534 1096 572 siue
1120 546 1335 584 pauperem
1361 534 1445 573 siue
1470 534 1590 574 nimis
1616 537 1789 574 contem-

243 596 359 646 ptum
395 593 476 633 illis
516 593 649 632 uerbis
680 593 923 644 increpuerit
955 592 1109 644 Cipius,
1141 592 1325 645 expedire
1356 606 1520 644 nequeo.
1584 593 1789 634 Colloeata

249 655 364 694 erant
402 653 525 693 uerba
555 648 650 693 ‘non
688 653 872 694 omnibus
909 653 1062 692 dormio
1095 652 1176 704 <ad
1218 649 1385 706 unum>’
1430 654 1474 692 in
1505 653 1633 693 altera
1672 656 1788 705 parte

243 714 465 754 hexametri
513 714 605 764 post
653 725 875 753 caesuram:
925 713 1064 753 eadem
1112 726 1254 764 nempe
1303 726 1441 753 uersus
1490 714 1582 753 sede
1626 714 1789 754 admisit

243 774 430 815 uocabuli
471 774 609 813 cretici
645 772 848 813 elisionem
888 773 955 813 lib.
981 773 1044 813 IH
1074 787 1111 813 u.
1135 774 1218 813 113
1260 770 1408 824 ‘asperi
1445 771 1639 814 Athones’
1679 774 1788 813 XXX

242 848 280 873 u.
304 834 416 874 1066
451 830 659 885 ‘inprobae
690 830 878 884 ineptae'.

366 887 507 933 1224.
536 893 664 933 Iulius
689 892 924 934 Rufinianus
949 893 997 933 de
1023 894 1236 934 schematis
1261 893 1449 933 dianoeas
1478 895 1532 933 12
1558 893 1633 933 RL
1659 909 1697 946 p.
1720 895 1789 945 62,

246 955 299 993 16
313 953 354 993 Η
385 951 656 1004 ‘Antiphrasis
694 955 756 993 est
790 953 920 1006 figura
956 954 1194 1004 sententiae,
1232 966 1322 993 cum
1360 953 1557 1004 quaedam
1594 967 1787 1006 negamus

242 1027 314 1054 nos
346 1013 476 1053 dicere
507 1015 548 1053 et
577 1014 711 1053 tamen
743 1014 929 1064 dici1nus3
959 1015 1006 1053 ut
1031 1013 1139 1065 apud
1163 1013 1363 1054 Lucilium
1391 1011 1503 1053 “non
1530 1015 1656 1066 tango
1682 1015 1788 1066 quod

242 1086 388 1114 auarus
418 1074 531 1113 modo
559 1076 615 1114 est
637 1086 759 1124 neque
783 1075 886 1123 quod
909 1074 1113 1125 improbus
1138 1070 1328 1113 omitto'’.’
1386 1073 1509 1114 Libro
1533 1074 1575 1113 H
1601 1075 1789 1114 attribuit

243 1133 523 1174 Lachmannus
560 1146 678 1185 quem
715 1135 848 1185 aptius
885 1134 1041 1174 tribuas
1072 1134 1103 1173 Ι.
1128 1134 1350 1174 Beckerum
1382 1136 1539 1174 secutus
1565 1129 1730 1188 (Philol.
1750 1135 1788 1172 V

244 1195 360 1234 1850
391 1207 429 1245 p.
455 1188 557 1248 734)
590 1194 765 1234 orationi
796 1193 861 1234 dei
892 1194 1062 1234 alicuius
1093 1194 1195 1234 libro
1221 1194 1241 1233 I
1266 1194 1432 1246 positae.
1489 1194 1720 1234 Ridiculum
1744 1196 1787 1234 in

241 1254 403 1294 modum
433 1254 506 1294 illa
535 1253 666 1306 figura
689 1255 819 1294 utitur
849 1256 1002 1294 orator:
1040 1255 1163 1294 etiam
1204 1254 1419 1294 uerborum
1451 1254 1627 1294 delectus
1659 1255 1788 1294 ueluti

240 1326 319 1354 mm
350 1317 465 1364 tanyo
496 1327 588 1354 cum
619 1316 810 1365 sequatur
845 1316 970 1361 mitto,
1001 1326 1170 1360 auarus,
1209 1327 1299 1354 cum
1330 1316 1522 1365 sequatur
1551 1315 1787 1367 languidum

241 1374 343 1414 illud
374 1375 576 1424 improbus
605 1374 759 1414 indicat
789 1377 951 1426 poetam
981 1374 1109 1414 ridere
1141 1374 1202 1415 sui
1234 1375 1426 1426 temporis
1458 1376 1647 1414 oratores.

363 1428 505 1474 1225.
545 1434 768 1485 Porphyrio
818 1434 870 1474 ad
916 1434 1077 1474 Horatii
1130 1447 1356 1475 sermonum
1386 1435 1407 1474 I
1434 1436 1480 1484 3,
1510 1436 1594 1474 124
1646 1432 1785 1475 ‘Porro

243 1496 378 1534 autem
410 1493 535 1534 Stoici
566 1493 798 1534 existimant
826 1495 1027 1545 perfectae
1058 1496 1280 1546 sapientiae
1311 1496 1444 1534 uirum
1470 1495 1605 1534 omnia
1630 1495 1785 1535 habere.

240 1554 282 1593 in
320 1567 398 1605 quo
436 1566 553 1594 sensu
590 1556 631 1593 et
660 1554 838 1594 Lucilius
875 1557 1057 1595 uersatus
1096 1555 1153 1594 sic
1184 1555 1260 1605 ait,
1299 1552 1508 1594 “nondum
1539 1555 1662 1594 etiam
1691 1556 1786 1595 haec

241 1615 376 1654 omnia
410 1614 593 1663 habebit,
631 1614 870 1664 formonsus,
889 1614 1040 1665 diues,
1080 1614 1200 1664 liber,
1235 1628 1305 1654 rex
1349 1615 1457 1654 solus
1495 1612 1680 1654 testetur''
1714 1628 1787 1665 que

240 1676 376 1714 tamen
424 1675 545 1725 poeta
592 1687 671 1713 non
723 1675 960 1725 simpliciter
1001 1675 1076 1714 hoc
1119 1675 1187 1714 sed
1229 1688 1301 1726 per
1342 1675 1517 1714 derisum
1561 1674 1785 1715 Stoicorum

240 1731 367 1774 dicit’.
422 1734 528 1773 solus
558 1737 716 1774 uocetwr
740 1734 842 1774 editt
865 1736 965 1785 uett,
989 1736 1137 1784 feretum⁴
1161 1735 1387 1784 Muellerus,
1413 1737 1560 1774 tenetur
1585 1735 1784 1774 Baehren-

240 1795 339 1834 sius:
372 1791 383 1807 ‘
401 1790 477 1833 “ut
507 1790 645 1833 extet”.
709 1795 786 1845 Qui
817 1797 945 1834 tamen
968 1792 1101 1844 poeta'
1134 1807 1166 1833 e.
1187 1809 1223 1846 q.
1244 1808 1273 1834 s.
1306 1808 1379 1846 ego
1423 1796 1581 1845 scripsi,
1622 1795 1785 1844 Vterque

232 1857 350 1904 poeta
393 1853 588 1905 Meyerus.
660 1854 796 1894 Priore
845 1867 963 1894 uersu
1009 1868 1100 1894 cum
1142 1854 1366 1905 Porphyrio
1417 1854 1526 1894 dicat
1570 1851 1783 1906 ‘perfectae

241 1915 464 1965 sapientiae
501 1914 633 1953 uirum
670 1916 803 1954 omnia
839 1912 992 1955 habere’
1032 1916 1172 1966 ufique
1209 1914 1475 1966 supplendum
1516 1917 1577 1955 est
1607 1916 1782 1966 sapiens:

238 1975 302 2013 hic
336 1973 487 2014 inserui
517 1975 611 2013 ante
651 1974 745 2014 haec
780 1975 898 2014 facile
936 1974 1045 2025 quod
1082 1975 1282 2014 exciderit.
1343 1975 1521 2014 nondum
1558 1976 1674 2014 etiam
1703 1988 1783 2014 non

238 2035 346 2074 recte
388 2035 595 2073 mutarunt
637 2034 838 2074 nonnulli:
882 2032 998 2075 etiam
1034 2034 1216 2074 additum
1253 2047 1299 2073 ex
1337 2034 1608 2074 abundantiae
1650 2047 1783 2075 amore

239 2094 400 2146 linguae
424 2093 593 2133 Latinae
618 2095 780 2145 proprio
806 2095 926 2134 sicula·
949 2095 1069 2146 Apul.
1095 2094 1144 2134 de
1169 2107 1272 2147 mag.
1297 2107 1381 2146 cap.
1404 2095 1459 2134 33
1487 2092 1597 2134 ‘nam
1622 2095 1783 2146 quidem

238 2155 414 2204 leporem
445 2153 620 2193 ‘nondum
652 2154 774 2193 etiam
807 2152 990 2194 inuenit’.
1053 2155 1193 2195 Altero
1225 2168 1345 2194 uersu
1374 2154 1605 2206 paradoxon
1631 2154 1783 2194 Stoico—

239 2228 330 2253 rum
355 2214 606 2265 agnoscimus
638 2216 869 2265 comparato
900 2215 1004 2254 Plut.
1031 2215 1078 2254 de
1110 2215 1215 2254 adul.
1241 2216 1282 2254 et
1313 2228 1387 2254 am.
1415 2227 1500 2266 cap.
1531 2216 1583 2254 16
1617 2229 1655 2266 p.
1677 2215 1780 2254 581}

238 2268 320 2313 εἶτα
356 2279 435 2312 τῶν
472 2270 544 2325 μὲν
574 2275 765 2313 Στωικῶν
802 2271 895 2314 οὐδὲ
931 2272 1093 2314 ἀκούειν
1130 2272 1230 2314 ἔνιοι
1266 2272 1511 2327 ’ὑπομένουσι
1553 2273 1621 2314 τὸν
1652 2274 1782 2326 σοφὸν

240 2331 341 2385 ὁμοῦ
385 2331 596 2383 πλούσιον,
645 2332 786 2384 καλόν,
830 2332 991 2387 εὐγενῆ,
1032 2331 1192 2386 βασιλέα
1234 2332 1628 2387 προσαγορευόντωνε
1677 2335 1781 2373 unde

239 2392 419 2432 ordinem
458 2392 500 2431 in
543 2392 730 2443 epithetis
772 2393 854 2432 fere
898 2406 1076 2434 seruasse
1120 2394 1343 2445 antiquitus
1389 2393 1582 2433 traditum
1620 2396 1781 2445 poetam

238 2453 498 2506 intellegitur.
560 2451 639 2492 Cic.
670 2466 743 2504 pro
774 2453 874 2492 Mur.
897 2454 950 2493 61
986 2451 1107 2494 ‘solos
1139 2454 1338 2505 sapientes
1369 2466 1453 2494 esse
1479 2486 1488 2493 .
1509 2485 1547 2494 ..
1574 2454 1782 2503 formosos,

341 2512 506 2563 diuites,
637 2510 766 2564 reges'
805 2514 900 2552 conf
933 2514 980 2553 de
1017 2513 1083 2553 fin.
1115 2514 1178 2553 HI
1207 2514 1260 2553 75
1302 2513 1361 2552 IV
1389 2515 1444 2552 74
1481 2513 1622 2552 Parad.
1649 2513 1697 2552 V.
1723 2513 1780 2551 VI

237 2572 333 2612 Hor.
359 2573 384 2611 l.
405 2585 433 2612 s.
455 2585 484 2613 s.
510 2573 624 2624 epist.
643 2572 664 2612 I
692 2575 729 2622 1,
758 2574 840 2612 106
867 2573 997 2613 Varro
1034 2575 1108 2613 sat.
1139 2574 1314 2625 Menipp.
1337 2574 1470 2613 24513
1501 2573 1703 2612 Plutarch.
1732 2573 1779 2612 de

238 2634 369 2683 tranq.
403 2645 464 2671 an.
497 2644 582 2684 cap.
611 2633 664 2671 12
703 2646 741 2684 p.
769 2632 905 2672 472A
943 2633 1052 2673 Stob.
1085 2635 1207 2686 eclog.
1243 2634 1284 2673 H
1315 2648 1352 2686 p.
1381 2634 1456 2683 67,
1490 2634 1543 2672 13
1578 2634 1779 2673 Wachsm.

239 2692 355 2743 Diog.
380 2691 512 2732 Laert.
543 2691 623 2731 VH
658 2694 738 2732 121
773 2706 880 2744 seqq.
954 2694 1125 2733 Videtur
1177 2695 1446 2746 fragmentum
1488 2693 1685 2744 pertinere
1729 2693 1780 2732 ad

238 2751 305 2790 lib.
327 2751 400 2790 XV
425 2765 461 2790 u.
485 2751 582 2790 516.

362 2805 504 2851 1227.
534 2810 675 2850 Festus
707 2824 745 2862 p.
769 2812 872 2861 161,
898 2813 924 2851 8
958 2809 1037 2852 ‘Me
1074 2825 1146 2863 pro
1186 2812 1286 2851 mihi
1316 2812 1503 2851 dicebant
1533 2812 1703 2862 antiqui,
1734 2814 1780 2850 ut

239 2869 392 2909 Ennius
420 2900 427 2908 .
449 2900 458 2909 .
479 2900 486 2908 .
513 2871 555 2909 et
584 2869 762 2909 Lucilius
795 2868 931 2910 “nunc
957 2902 965 2909 .
987 2901 994 2909 .
1017 2902 1024 2910 .
1052 2868 1256 2923 agatur''.'
1318 2871 1628 2910 Hemisfichium
1667 2872 1778 2921 prius

239 2930 444 2968 imitatum
475 2940 558 2968 esse
589 2928 802 2969 Horatium
839 2942 954 2970 serm.
974 2930 994 2969 Ι
1020 2932 1064 2980 6,
1091 2932 1146 2970 45
1181 2928 1300 2969 ‘nunc
1338 2930 1388 2969 ad
1419 2943 1481 2969 me
1512 2930 1629 2969 redeo
1661 2930 1777 2969 liber-

239 2990 326 3028 tino
374 2991 490 3039 patre
538 2986 692 3028 natum'
744 2989 912 3029 adnotat
959 2990 1111 3030 Dousa:
1167 2990 1273 3029 idem
1322 2989 1572 3042 comparauit
1620 2990 1776 3030 Terent.
