2060 3444
277 282 333 323 62
872 280 923 316 ΠΙ
947 293 982 316 u.
1013 284 1209 317 127—129.

275 395 447 434 testatur
477 394 583 433 Mela
606 394 648 432 Π
675 394 729 433 69
764 390 1012 444 ‘Panum-us,
1049 394 1146 434 olim
1174 394 1344 447 Phrygii
1374 395 1668 448 gubernatoris,
1707 409 1812 436 nunc

276 455 354 493 loci
384 451 556 493 nomen'.
618 453 770 493 Mansit
800 455 942 504 opinor
971 456 1090 505 poeta
1121 455 1163 493 in
1194 457 1315 505 portu
1345 454 1528 495 Palinuri
1557 469 1685 507 neque
1720 458 1813 506 post

275 514 448 553 mediam
479 515 637 553 noctem
667 514 863 565 fatigatus
895 526 1053 554 cursum
1082 515 1276 565 perrexit:
1313 527 1414 566 quae
1445 515 1494 555 de
1523 516 1698 567 hospitio
1729 528 1812 555 sor·
1886 519 1887 522 ’

276 574 370 613 dido
396 576 436 613 et
459 573 702 625 pauperculo
727 587 792 612 uu.
821 574 1053 613 131—135
1082 574 1297 625 enarrauit‚
1325 587 1372 614 ea
1396 576 1546 626 optime
1571 576 1812 615 conueniunt

277 634 469 684 oppidulo
501 633 674 686 modico,
707 632 909 673 Lucaniae
940 633 1111 674 horridis
1143 635 1184 674 et
1214 634 1379 675 desertis
1409 634 1637 687 regionibus
1667 636 1811 686 posito.

276 694 417 733 Media
446 705 525 733 nox
554 706 626 745 pro
657 696 765 733 nocte
795 694 955 745 scripsit
987 694 1170 734 imitatus
1207 707 1280 745 per
1314 696 1446 734 iocum
1470 695 1548 734 XII
1583 695 1813 735 tabularum

276 754 405 805 legem
424 748 549 807 (uide
582 754 632 793 ad
662 753 730 792 lib.
756 753 874 793 XVII
897 767 934 792 u.
962 748 1080 808 552),
1110 755 1154 793 in
1185 767 1265 806 qua
1295 754 1502 807 legebatur
1529 755 1631 794 illud
1661 751 1711 795 ‘si
1734 768 1813 795 nox

276 814 428 852 furtum
459 814 610 853 factum
642 811 709 852 sit’
743 808 935 868 (Macrob.
968 813 1050 852 Sat.
1077 814 1098 852 I
1122 815 1162 863 4,
1191 808 1265 868 19)
1297 827 1424 865 neque
1454 815 1589 854 tamen
1621 828 1711 855 cum
1738 815 1813 855 hac

277 873 433 913 dicendi
471 873 754 913 consuetudine
789 875 924 924 potest
960 875 1184 924 comparari
1213 884 1367 923 pernox
1406 874 1649 914 adiectiuum
1691 874 1814 914 simili

276 935 431 973 ratione
469 933 695 972 adhibitum
733 935 866 973 aetate
902 933 1131 984 posteriore.
1199 934 1259 972 De
1295 934 1570 985 monosyllabo
1606 935 1738 986 posito
1770 935 1814 973 in

271 994 385 1033 ‘exitu
416 994 638 1033 hexametri
667 993 760 1032 uide
790 993 908 1032 indic.
941 1006 1107 1045 gramm.
1140 1006 1168 1033 s.
1200 1007 1238 1033 u.
1269 994 1584 1045 monosyllabon.

401 1048 509 1094 128.
553 1053 779 1093 Priscianus
823 1052 890 1092 GL
915 1053 957 1092 H
992 1067 1031 1104 p.
1059 1055 1162 1104 209,
1196 1053 1270 1092 6K
1327 1051 1397 1094 ‘Et
1452 1054 1655 1094 sciendum
1708 1052 1815 1105 quod

278 1114 453 1164 quinque
484 1113 744 1152 inueniuntur
772 1114 817 1152 in
848 1126 871 1152 o
901 1114 1163 1153 terminantia.
1188 1127 1290 1165 quae
1315 1114 1471 1153 faciunt
1494 1115 1537 1154 in
1563 1126 1588 1154 a
1611 1114 1815 1165 feminina,

277 1175 323 1212 ut
353 1173 415 1213 leo
447 1173 586 1212 leaena
616 1174 682 1213 uel
712 1173 788 1223 lea,
819 1173 938 1213 draco
970 1173 1177 1224 dracaena,
1207 1174 1297 1213 leno
1328 1175 1431 1225 lena,
1462 1186 1590 1226 caupo
1623 1185 1815 1225 caupona,

278 1233 384 1283 quod
422 1233 622 1285 significat
657 1235 742 1272 tam
778 1234 910 1284 ipsam
944 1233 1152 1273 tabernam
1192 1246 1312 1284 quam
1351 1234 1570 1274 mulierem.
1637 1233 1814 1273 Lucilius

276 1295 318 1332 in
343 1293 406 1332 HI
439 1290 652 1345 “caupona
679 1325 686 1331 .
709 1325 716 1332 .
739 1325 746 1331 .
772 1290 926 1344 syra''.'
984 1291 1130 1333 Omnia
1161 1293 1343 1333 Palinuri
1372 1294 1504 1333 media
1534 1295 1650 1334 nocte
1677 1305 1815 1333 somno

278 1354 318 1391 et
349 1366 488 1403 sopore
520 1355 635 1393 erant
666 1354 824 1404 sepulta
850 1354 971 1404 atque
996 1353 1251 1404 desperantes
1275 1354 1495 1405 hospitium
1521 1353 1675 1393 casulas
1701 1354 1814 1405 oppi-

277 1412 364 1451 duli
396 1413 597 1453 accedunt.
649 1413 759 1464 Gopa
789 1414 925 1452 tamen
955 1426 1036 1452 una
1068 1413 1172 1465 Syra
1203 1413 1385 1453 audierat
1414 1426 1615 1453 remorum
1641 1413 1815 1454 sonitum

277 1474 560 1523 nauticumque
598 1473 829 1513 clamorem:
867 1475 1095 1524 experrecta
1133 1474 1259 1513 soleas
1295 1473 1429 1513 induit
1465 1475 1674 1525 aperitque
1710 1473 1814 1513 fores

277 1533 477 1573 tabernae.
527 1533 619 1572 Iure
650 1534 841 1573 clamasse
872 1533 1104 1573 quenalem
1128 1533 1192 1572 HI
1218 1534 1272 1572 62
1307 1530 1405 1573 ‘iam
1427 1534 1586 1583 pridem
1619 1532 1741 1585 Syrus
1771 1534 1816 1573 in

279 1593 454 1632 Tiberim
486 1593 651 1632 defluxit
683 1591 852 1632 Orontes
884 1594 925 1633 et
958 1625 965 1631 .
988 1625 994 1631 .
1017 1625 1024 1632 .
1056 1595 1252 1645 tympana
1282 1605 1414 1633 secum
1445 1595 1555 1633 uexit
1585 1594 1626 1632 et
1656 1593 1707 1633 ad
1741 1594 1814 1632 cir-

278 1666 366 1692 cum
403 1654 531 1693 iussas
567 1654 748 1704 prostare
786 1649 955 1704 puellas’
1000 1653 1065 1692 hic
1107 1665 1245 1693 uersus
1287 1654 1476 1693 testatur:
1520 1664 1620 1704 copa
1657 1652 1816 1704 Syrisca

277 1713 458 1752 Palinuri
489 1714 638 1752 inuitat
667 1712 868 1752 Lucilium
898 1714 1060 1764 poetam
1091 1713 1211 1752 sicuti
1240 1713 1464 1765 Vergilium
1495 1712 1714 1752 clarissimo
1744 1712 1816 1752 illo

278 1774 453 1812 carmine
484 1773 595 1812 cuius
626 1786 777 1813 memor
808 1774 888 1812 fuit
911 1773 1048 1813 Dousa
1079 1786 1168 1812 cum
1198 1773 1304 1812 hunc
1334 1787 1372 1812 u.
1405 1773 1555 1812 ederet:
1587 1772 1686 1813 adde
1716 1773 1816 1812 titu-

277 1834 361 1872 lum
406 1832 701 1884 Syracusanum
741 1834 783 1872 in
827 1833 1123 1885 Dittenbergeri
1167 1833 1308 1885 syllog.
1348 1832 1406 1872 ed.
1438 1832 1479 1872 H
1512 1833 1593 1873 901
1640 1831 1817 1884 Δεκομία

278 1892 458 1946 Συρίσκα
495 1892 693 1934 πανδόκια
729 1891 875 1946 χρηστὰ
912 1896 1028 1946 χαῖρε.
1092 1893 1238 1944 Syrum
1275 1895 1316 1932 et
1351 1893 1583 1945 mastigiam
1621 1893 1817 1932 memorat

277 1952 457 1992 Lucilius
494 1953 561 1992 lib.
588 1953 721 1992 XXVI
746 1966 782 1992 u.
811 1954 915 2004 669,
959 1952 1295 2004 Syrophoenicem
1338 1954 1380 1992 et
1422 1953 1712 1993 faeneratorem
1742 1951 1817 1991 XV

278 2026 315 2051 u.
343 2014 447 2052 497:
485 2013 663 2052 Puteolis
695 2013 888 2063 Syrorum
918 2012 1106 2052 tabernas
1138 2015 1178 2052 et
1207 2013 1350 2052 horrea
1380 2012 1502 2052 fuisse
1538 2013 1816 2063 inscriptiones

278 2074 479 2112 testantur
517 2068 803 2127 (Mommsenus
845 2073 997 2112 nuntiis
1041 2073 1174 2112 societ.
1214 2073 1356 2112 Saxon.
1395 2073 1508 2111 class.
1545 2072 1684 2122 philol.
1722 2072 1814 2111 hist.

282 2133 396 2171 1850
427 2146 465 2183 p.
494 2133 548 2171 57
561 2127 702 2187 δοίη),
745 2134 919 2173 testatur
966 2132 1210 2172 Trimalchio
1263 2131 1648 2182 Trimalchionisque
1697 2131 1817 2170 amici

279 2187 456 2246 (Petron.
486 2194 551 2231 75.
580 2188 674 2247 44):
707 2192 824 2232 duces
855 2192 952 2232 belli
982 2192 1139 2232 seruilis
1169 2193 1212 2231 in
1244 2192 1384 2231 Sicilia
1409 2191 1501 2243 Syri
1530 2191 1641 2230 fuere
1666 2190 1815 2240 Eunus,

280 2252 404 2304 Syrus
436 2253 599 2307 eiusque
630 2265 731 2292 uxor
761 2265 882 2304 quam
906 2253 1087 2305 reginam
1112 2251 1356 2304 appellabat,
1388 2254 1429 2291 et
1454 2251 1634 2303 Sarapin,
1665 2251 1816 2290 Tauro-

279 2314 402 2352 menii
425 2313 606 2364 proditor
625 2306 805 2367 (Diodor.
833 2314 1002 2364 excerpt.
1028 2312 1122 2351 libri
1146 2311 1325 2351 XXXIV.
1351 2311 1500 2351 XXXV
1520 2312 1559 2362 2,
1579 2311 1616 2350 5.
1639 2311 1706 2351 16.
1728 2305 1814 2365 21).

282 2371 417 2424 Oaupo
456 2372 731 2424 Syrophoenix
765 2374 1010 2413 memoratur
1047 2385 1108 2423 ap.
1146 2372 1282 2411 quen.
1308 2371 1410 2410 VIII
1437 2372 1533 2411 159.
1568 2371 1670 2411 160:
1709 2367 1816 2411 ‘cau-

278 2445 428 2483 ponum
459 2432 550 2472 dolo
581 2432 836 2472 Iudaicorum
867 2433 1035 2472 miscent
1066 2445 1212 2482 aquam
1242 2428 1353 2471 uino’
1387 2430 1636 2471 Gaudentius
1666 2430 1818 2482 Mignei

280 2492 428 2532 Patrol.
454 2492 542 2532 Lat.
570 2492 652 2532 Ser.
678 2492 700 2531 I
730 2495 825 2532 tom.
850 2493 923 2532 XX
953 2506 992 2544 p.
1020 2492 1104 2531 985
1118 2490 1159 2531 O.

402 2547 512 2593 129.
543 2552 698 2592 Nonius
728 2566 766 2603 p.
795 2554 863 2603 21,
891 2554 914 2591 1
962 2549 1155 2591 ‘cernuus
1199 2551 1346 2591 dicitur
1386 2551 1547 2602 proprie
1589 2549 1817 2600 inclinatus,

281 2612 397 2662 quasi
423 2611 529 2663 quod
553 2614 702 2651 terram
728 2614 876 2652 cernat.
919 2611 1098 2651 Lucilius
1123 2613 1350 2663 satyrarum
1374 2610 1441 2650 lib.
1461 2610 1525 2650 HI
1545 2606 1815 2649 “cernuus

279 2668 528 2711 honestas’'.'
579 2672 728 2711 Paulus
755 2686 802 2711 ex
826 2672 945 2711 Festo
969 2685 1007 2722 p.
1036 2671 1143 2711 55M
1169 2668 1378 2718 ‘Cernuua
1402 2670 1645 2710 calciamenti
1665 2665 1816 2720 qerms'.

280 2731 455 2771 Isidorus
481 2732 578 2783 orig.
602 2731 696 2770 XIX
723 2733 791 2782 34,
819 2733 872 2771 13
907 2728 1072 2771 ‘Oet-nui
1101 2733 1200 2771 socci
1222 2734 1316 2771 swnt
1338 2732 1423 2771 sine
1446 2727 1553 2770 solo’.
1596 2726 1685 2769 ‘hoc
1710 2728 1817 2780 quod

282 2791 462 2844 Scaliger
487 2804 511 2831 a
534 2791 676 2831 Verrio
701 2791 844 2831 Flacco
871 2805 918 2831 ex
943 2803 1061 2830 uersu
1085 2791 1234 2831 Lucilii
1257 2791 1362 2830 male
1387 2790 1590 2830 intellecto
1615 2789 1817 2829 detortum

214 2874 220 2878 -
282 2854 431 2902 censet,
467 2864 547 2890 non
579 2851 716 2891 debuit
747 2852 837 2891 aliis
869 2851 1056 2891 credibile
1086 2851 1226 2891 uideri.
1288 2850 1446 2890 facilius
1481 2850 1612 2889 dicam
1640 2849 1817 2888 Nonium

280 2912 322 2949 in
359 2924 478 2951 uersu
514 2911 660 2950 Lucilii
697 2911 926 2962 exponendo
964 2923 1162 2962 peccasse,
1206 2912 1254 2950 ut
1292 2910 1476 2962 peccauit
1518 2909 1599 2948 alio
1643 2907 1817 2948 eiusdem

281 2972 423 3021 poetae
453 2983 572 3010 uersu
603 2983 650 3010 ex
680 2971 782 3010 libro
812 2970 966 3011 XXVII
997 2965 1124 3025 (703)
1155 2971 1233 3010 huc
1262 2971 1402 3009 relato.
1452 2969 1521 3008 sed
1552 2981 1642 3008 cum
1665 2967 1816 3007 Paulus

282 3032 322 3069 et
352 3030 528 3070 Isidorus
564 3030 709 3070 Lucilii
747 3043 891 3070 nomen
928 3043 1007 3070 non
1043 3030 1235 3082 habeant,
1273 3031 1339 3069 hic
1375 3031 1510 3069 noster
1545 3040 1685 3067 uersus
1719 3039 1816 3077 quo-
