2060 3444
246 257 301 300 12
879 259 896 295 1
920 272 955 296 u.
984 263 1135 298 19-23.

241 371 351 410 bitur
380 374 490 411 θεῶν
520 369 656 425 ἀγορά.
711 372 856 413 Lucilii
887 386 1024 414 uersus
1048 374 1073 414 1.
1100 387 1129 415 s.
1155 375 1301 416 allatos
1333 378 1404 427 qui
1435 378 1647 428 eloquitur,
1680 379 1778 431 agit,

242 433 288 469 ut
328 432 513 482 apparet,
551 431 598 471 de
636 433 954 484 cognominibus,
998 447 1100 484 quae
1138 434 1198 474 dis
1235 436 1365 476 solent
1403 437 1538 476 indere
1580 438 1777 478 hominest

242 491 378 541 itaque
410 504 499 530 cum
529 492 605 531 hoc
636 492 860 544 fragmento
892 495 977 533 arte
1009 494 1197 545 coniungi
1227 497 1385 545 oportet
1415 509 1478 547 ea,
1518 510 1620 548 quae
1652 497 1779 538 tradit

362 546 440 591 23.
475 550 636 592 Seruius
667 554 807 592 auctus
836 553 887 592 ad
912 553 1100 594 Aeneidis
1125 554 1187 593 III
1215 556 1298 595 119
1334 552 1403 595 ‘Et
1427 557 1590 607 quidam
1614 558 1779 608 pulcher

241 610 388 661 Apollo
420 611 625 661 epitheton
656 611 795 652 datum
826 612 1005 663 Apollini
1041 614 1352 664 reprehendunt:
1392 616 1578 666 pulchros
1616 619 1723 657 enim
1753 631 1778 657 a

241 670 441 710 ueteribus
472 672 667 712 exsoletos
698 672 835 713 dictos.
886 686 979 712 nam
1010 675 1051 712 et
1081 674 1188 725 apud
1218 674 1417 714 Lucilium
1440 675 1587 727 Apollo
1614 677 1778 728 pulcher

241 730 319 769 dici
349 743 429 770 non
460 728 575 770 uult’.
639 730 834 778 Quoniam
865 733 992 772 multo
1024 734 1281 774 uerisimilius
1313 736 1373 775 est
1406 749 1529 775 unum
1565 750 1612 776 ex
1643 737 1704 778 dis
1734 739 1777 777 in

239 789 413 830 transitu
453 791 501 830 de
537 791 612 830 hac
653 805 696 830 re
741 805 858 844 agere
902 805 1021 843 quam
1064 794 1197 844 plures
1228 815 1288 822 --
1317 795 1418 834 nihil
1462 797 1567 835 enim
1608 796 1684 836 hoc
1727 797 1778 837 ad

238 851 446 890 interitum
476 850 599 902 Lupi,
637 851 782 902 quibus
812 852 983 892 maxime
1016 854 1316 905 cognominibus
1344 854 1384 894 di
1415 855 1694 906 praedicentur
1722 878 1773 885 —

238 910 330 949 illos
362 923 522 961 quoque
552 923 689 951 uersus
720 914 801 951 tres
833 912 959 952 eidem
991 913 1165 953 tribuere
1193 914 1330 954 licebit
1353 914 1546 966 Apollini,
1577 929 1623 956 eo
1647 917 1777 970 magis

240 969 346 1020 quod
378 971 503 1020 ipsius
534 984 678 1011 nomen
709 973 751 1011 in
782 972 865 1012 illis
896 986 974 1012 non
999 974 1213 1013 inuenitur.
1264 974 1404 1026 Neque
1428 988 1523 1015 uero
1547 977 1654 1016 recte
1679 976 1778 1017 dicit

238 1029 473 1070 Lactantius
505 1044 826 1082 unumquemque
858 1045 882 1071 a
912 1033 1167 1083 precantibus
1198 1036 1353 1085 patrem
1385 1036 1565 1076 inuocari
1602 1036 1777 1087 deorum,

238 1091 396 1129 efiamsi
428 1090 589 1131 Seruius
624 1095 764 1131 auctus
797 1092 904 1132 idem
937 1093 1074 1132 tradat
1105 1093 1156 1133 ad
1181 1094 1278 1133 Aen.
1305 1094 1325 1133 Ι
1354 1096 1436 1134 155
1471 1092 1592 1136 ‘Sane
1622 1098 1776 1137 ueteres

238 1163 372 1190 omnes
404 1150 497 1190 deos
527 1153 662 1201 patres
694 1149 893 1192 dicebant'
924 1154 1019 1192 conf
1040 1152 1149 1193 Seru.
1175 1154 1227 1193 ad
1251 1154 1348 1195 Aen.
1374 1154 1395 1193 I
1422 1156 1506 1194 699
1532 1155 1594 1195 111
1620 1156 1695 1207 893
1726 1157 1776 1196 ad

240 1209 380 1261 Georg.
407 1210 448 1248 Π
474 1212 499 1249 4
535 1207 671 1250 ‘Pater
699 1212 795 1251 licet
825 1213 1008 1264 generale
1039 1214 1094 1253 sit
1119 1215 1295 1253 omnium
1321 1214 1496 1264 deorum,
1526 1217 1661 1256 tamen
1685 1229 1776 1267 pro-

236 1270 322 1319 prie
359 1269 503 1309 Libero
541 1283 695 1322 semper
732 1272 934 1312 cohaeret:
977 1286 1070 1312 nam
1107 1273 1227 1313 Liber
1264 1276 1379 1324 pater
1414 1271 1608 1315 uocatur'.
1670 1276 1775 1316 Nam

236 1329 513 1381 indigenarum
550 1332 710 1381 proprie
747 1332 822 1371 hoc
860 1332 1065 1382 epitheton
1098 1334 1177 1372 fuit
1206 1333 1387 1383 deorum,
1424 1347 1504 1374 non
1536 1335 1776 1376 Graecorum

237 1389 367 1439 qualis
423 1392 484 1429 est
531 1390 688 1441 Apollo.
776 1391 901 1438 Quem
955 1391 1126 1446 Vergilii
1180 1393 1335 1433 Aeneas
1397 1407 1487 1434 cum
1545 1395 1776 1447 adloquitur

236 1449 334 1488 Aen.
361 1449 422 1489 111
450 1451 505 1489 89
538 1450 604 1496 da,
628 1454 756 1503 pater,
794 1454 1018 1502 auguriwn,
1055 1466 1183 1504 neque
1214 1454 1394 1505 sequitur
1423 1467 1574 1494 morem
1605 1455 1673 1495 ille
1704 1469 1773 1507 po·

235 1510 322 1559 puli
358 1510 528 1549 Romani
567 1511 797 1551 sollemnem
834 1525 962 1563 neque
1000 1513 1128 1553 uiolat
1163 1514 1343 1566 regulam
1382 1527 1502 1565 quam
1538 1517 1774 1555 memoraui-

236 1581 334 1608 mus.
402 1570 507 1609 Nam
543 1574 661 1620 pater
703 1573 745 1611 et
786 1572 965 1612 homines
1010 1573 1196 1612 dicuntur
1233 1569 1348 1628 (conf
1380 1576 1552 1626 interpp.
1591 1575 1641 1614 ad
1676 1575 1773 1616 Hor.

236 1630 349 1680 epist.
376 1629 396 1668 I
424 1631 461 1679 7,
483 1628 556 1680 37)
591 1631 837 1682 simpliciter,
869 1632 935 1672 sed
967 1634 1009 1671 in
1041 1632 1102 1672 dis
1127 1633 1366 1673 uocabulum
1392 1636 1452 1674 est
1475 1634 1647 1676 nominis
1672 1637 1774 1675 tam-

236 1702 356 1739 quam
394 1690 591 1740 appendix
629 1692 824 1730 enclitica.
894 1691 1010 1739 Quod
1047 1706 1265 1744 numquam
1302 1693 1343 1732 in
1381 1706 1452 1734 suo
1490 1695 1648 1734 nomine
1687 1695 1774 1735 fieri

236 1750 418 1799 queritur
453 1749 600 1801 Apollo
638 1751 871 1791 Lucilianus
908 1765 1035 1803 neque
1072 1767 1115 1793 re
1151 1766 1248 1792 uera
1285 1754 1436 1793 factum
1473 1757 1534 1794 est
1572 1768 1772 1805 umquam.

234 1804 373 1860 Neque
400 1808 552 1850 Gellius
572 1811 609 1847 V
631 1812 684 1850 12
717 1811 786 1851 ubi
818 1812 866 1851 de
897 1813 972 1852 hac
996 1827 1039 1852 re
1063 1815 1198 1865 agitur
1222 1815 1506 1854 commemorat
1529 1813 1773 1866 Apollinem,

235 1882 362 1919 neque
404 1869 631 1910 Macrobius
675 1871 834 1911 Saturn.
860 1872 880 1911 I
910 1873 982 1921 18,
1026 1873 1093 1912 ubi
1138 1873 1344 1913 contendit
1385 1874 1572 1914 Liberum
1617 1877 1774 1926 patrem

236 1929 402 1968 eundem
429 1942 511 1969 esse
539 1933 658 1980 atque
678 1931 907 1982 Apollinem
933 1932 1070 1972 eodem
1095 1933 1224 1972 utitur
1249 1936 1496 1985 argumento,
1521 1947 1602 1986 quo
1621 1934 1642 1974 I
1664 1936 1731 1985 19,
1747 1936 1772 1974 3

235 1989 414 2028 euincere
446 1990 579 2029 studet
610 1990 796 2031 Liberum
828 1994 984 2042 patrem
1015 1995 1055 2032 et
1085 1993 1255 2032 Martem
1284 1995 1440 2044 patrem
1470 2007 1595 2033 unum
1626 2007 1773 2034 numen

234 2051 275 2087 et
305 2050 464 2088 nomine
501 2051 659 2089 tantum
692 2051 868 2091 diuersos
906 2065 1007 2102 esse,
1046 2052 1151 2103 quod
1188 2055 1400 2103 utrumque
1438 2054 1608 2093 Romani
1644 2055 1772 2104 patris

234 2109 504 2159 appellatione
536 2113 790 2150 uenerentur:
829 2112 935 2162 quod
966 2114 1247 2164 argumentum
1277 2113 1362 2152 illic
1393 2113 1595 2153 attulisset
1631 2115 1666 2154 si
1702 2127 1771 2166 po-

234 2169 388 2218 tuisset,
419 2168 484 2208 hic
516 2170 662 2209 adferri
694 2171 905 2211 ridiculum
938 2174 1035 2221 erat,
1067 2173 1100 2211 si
1132 2173 1183 2212 ad
1213 2186 1336 2212 unum
1369 2186 1504 2213 omnes
1528 2173 1604 2213 hoc
1628 2186 1770 2226 cogno—

234 2228 339 2267 mine
372 2229 619 2269 uocabantur
649 2230 724 2269 dei.
790 2230 903 2271 Certe
935 2232 1110 2284 uirgines
1141 2232 1324 2272 Vestales
1355 2232 1584 2283 Apollinem
1614 2235 1674 2273 ita
1711 2235 1770 2273 in·

235 2288 481 2340 digitabant:
514 2286 676 2340 ‘Apollo
701 2291 864 2341 Medice,
889 2291 1037 2342 Apollo
1063 2290 1211 2331 Paean’
1240 2287 1431 2345 (Macrob-
1458 2293 1482 2331 l.
1509 2305 1538 2332 s.
1559 2293 1579 2332 Ι
1606 2295 1673 2343 17,
1696 2288 1770 2348 15)

234 2350 274 2387 et
310 2349 417 2399 apud
452 2349 665 2389 Horatium
703 2351 816 2401 epist.
843 2352 862 2390 I
891 2354 957 2401 16,
986 2353 1039 2391 57
1080 2349 1159 2391 ‘uir
1196 2353 1322 2392 bonus
1349 2383 1356 2391 .
1379 2384 1385 2390 .
1408 2383 1416 2392 ,
1442 2353 1771 2404 quandocumque

234 2408 327 2447 deos
365 2409 430 2447 uel
467 2422 587 2459 porco
624 2411 690 2449 uel
727 2411 829 2450 boue
866 2411 1018 2462 placat,
1058 2408 1168 2451 ‘Iane
1198 2408 1340 2463 pater',
1378 2413 1502 2462 clare,
1538 2414 1643 2452 clare
1681 2426 1771 2453 cum

233 2467 336 2507 dixit
368 2465 558 2518 ‘Apollo'‚
589 2469 703 2509 labra
733 2472 868 2510 mouet
895 2473 1078 2511 metuens
1104 2471 1254 2511 audiriz
1287 2469 1468 2522 ‘pulchra
1493 2472 1687 2523 Lauerna,
1719 2473 1771 2512 da

233 2528 334 2567 mihi
358 2525 512 2567 fallere'
532 2542 563 2568 e.
585 2543 620 2580 q.
642 2543 671 2570 s.
721 2529 808 2577 Quo
833 2531 920 2571 loco
946 2534 1116 2582 apparet
1131 2532 1295 2581 pulcher
1318 2544 1458 2571 reuera
1476 2533 1770 2572 inuocationem

233 2599 317 2627 esse
355 2587 517 2627 deorum
554 2589 797 2641 dearumque
834 2593 875 2630 et
913 2591 1114 2631 Romanae
1150 2591 1391 2642 precationis
1432 2592 1634 2633 sollemnis
1678 2605 1768 2632 con-

233 2648 482 2688 suetudinem
517 2649 720 2699 quandam
751 2652 948 2701 spectasse
986 2653 1026 2691 et
1055 2651 1281 2703 Vergilium
1318 2653 1358 2691 et
1394 2651 1593 2691 Lucilium
1629 2654 1773 2703 poetas¹

233 2707 324 2747 inde
354 2708 613 2748 manifestum
644 2711 715 2759 est,
746 2710 853 2761 quod
883 2712 926 2750 in
958 2711 1058 2751 actis
1087 2711 1273 2751 ludorum
1309 2711 1571 2751 saecularium
1602 2713 1766 2763 Ephem.

232 2768 355 2819 epigr.
381 2767 483 2806 VIII
512 2781 549 2818 p.
579 2767 664 2808 284
701 2770 800 2809 haec
836 2771 1023 2822 legimus:
1063 2768 1248 2811 ‘Seuerus
1278 2772 1375 2810 tunc
1405 2767 1557 2823 pra[eit
1591 2773 1635 2811 in
1670 2771 1768 2812 haec

232 2827 373 2866 uerba:
407 2824 641 2880 “Iuppit]er
671 2825 842 2880 [optirne
872 2826 1076 2882 m]axime,
1106 2831 1206 2870 Iuno
1238 2832 1389 2882 regina,
1427 2830 1531 2870 bone
1561 2827 1765 2884 pulch[er]

234 2883 452 2939 Apo[llo]''
473 2918 482 2926 .
503 2918 510 2925 .
533 2885 557 2925 .'
603 2887 753 2934 Quibus
778 2890 875 2929 locis
894 2890 1135 2930 uocabulum
1152 2891 1316 2939 pulcher
1339 2891 1545 2930 strenuum
1564 2892 1605 2930 et
1622 2891 1767 2930 fortem

214 2945 409 2986 *indicare
450 2959 664 2998 exposuere
701 2948 966 3001 Kiesslingius
1010 2950 1061 2989 ad
1096 2950 1193 2989 Hor.
1219 2951 1244 2989 l.
1270 2963 1298 2990 s.
1338 2951 1380 2989 et
1416 2962 1535 2989 carm.
1559 2949 1618 2989 IV
1643 2951 1684 3000 4,
1710 2951 1764 2990 65

234 3005 344 3048 Seru.
382 3006 432 3047 ad
469 3006 567 3047 Aen.
593 3006 673 3048 V11
700 3009 784 3049 656
818 3009 875 3048 IV
904 3011 1007 3059 149,
1050 3011 1146 3050 conf
1179 3023 1280 3062 quae
1316 3010 1505 3062 leguntur
1538 3010 1582 3050 in
1625 3012 1766 3050 neniae
