2060 3444
318 241 406 283 434
877 240 962 276 dub.
989 252 1023 275 u.
1052 244 1296 276 mcci-4368.

319 353 505 392 credibile
538 355 597 391 est
627 354 739 391 tanto
770 353 884 391 hiatu
910 366 1058 391 nouum
1084 366 1239 392 carmen
1265 353 1493 392 Lucretium
1517 353 1588 392 illo
1614 354 1700 393 loco
1726 354 1846 393 fuisse

319 425 508 451 exorsum.
574 409 826 450 ‘Nonnullos’
866 412 1020 451 Lucilio
1058 425 1194 452 uersus
1228 411 1402 451 tribuere
1441 413 1606 452 adnotat
1635 413 1847 454 Muellerus

319 472 410 510 edit.
437 485 474 522 p.
504 472 599 510 159.
651 470 764 516 Quod
795 473 946 521 pariter
976 471 1236 522 improbabile
1268 485 1357 510 cum
1387 472 1575 511 ridiculus
1606 473 1727 511 fuerit
1750 472 1847 511 Ver-

318 532 438 581 gilius
479 532 512 570 si
543 532 743 582 integrum
775 532 934 570 saturae
965 543 1123 570 uersum
1154 531 1273 570 heroo
1304 532 1516 570 inseruerit
1546 531 1721 582 carmini,
1755 532 1850 571 licet

318 591 475 630 Persius
496 590 532 627 V
558 592 734 630 saturam
760 590 954 630 similibus
974 591 1165 640 inceperit
1183 590 1372 629 uersibus.
1416 591 1557 641 Itaque
1576 591 1698 630 Ennii
1715 591 1848 642 potius

319 662 455 689 uersus
501 649 591 688 aliis
634 649 763 688 uideri
805 650 927 689 refert
969 651 1179 701 Briegerus
1224 650 1274 688 ad
1320 650 1474 690 Lucret.
1501 650 1525 688 l.
1546 663 1575 689 s.
1596 663 1624 690 s.
1699 651 1847 690 Tamen

320 710 472 749 Ennius
511 709 607 759 quid
644 710 847 759 scripserit
886 704 1035 763 (annal.
1064 711 1144 748 561
1162 705 1218 764 V)
1256 710 1428 748 traditur
1463 711 1506 748 in
1539 710 1653 748 breui
1683 711 1847 761 exposit.

265 802 268 805 .
319 769 368 808 ad
388 782 519 820 georg.
539 769 580 807 H
601 770 654 807 43
683 763 834 821 (Seruii
852 769 914 807 ΠΙ
941 771 964 807 2
992 783 1029 819 p.
1052 770 1135 807 285
1163 769 1211 808 ed
1229 765 1400 822 Hagen.)
1435 766 1682 809 ‘Homericus
1713 781 1848 809 sensus

320 828 460 867 Graeci
501 830 659 879 poetae,
703 828 806 867 sicut
850 831 889 867 et
932 829 1084 867 Ennius
1130 825 1240 867 “non
1284 830 1317 867 si
1359 829 1497 879 lingua
1539 830 1651 879 loqui
1693 831 1850 880 saperet

318 885 454 939 ut<si>
493 901 563 927 ora
600 888 733 926 decem
772 889 853 927 sint
889 889 931 926 in
972 901 1050 936 me,
1087 891 1169 926 tum
1200 888 1304 927 ferro
1342 900 1409 927 cor
1446 889 1499 927 sit
1535 889 1754 939 pectusque
1790 902 1848 928 re-

318 944 527 986 uinctum”
545 944 568 996 ²,
600 947 670 986 ubi
700 949 813 995 atque
837 947 1102 986 Mommsenus
1134 948 1304 998 scripsit,
1335 950 1377 986 at
1404 947 1589 997 traditur,
1619 949 1662 987 in
1691 951 1849 987 metum

319 1007 360 1046 L.
381 1007 594 1048 Muellerus
615 1006 714 1045 Enn.
742 1007 872 1046 annal.
896 1007 992 1058 585,
1018 1009 1060 1046 in
1086 1010 1248 1046 metrum
1273 1007 1321 1056 N,
1347 1009 1447 1045 *iuter
1470 1010 1633 1046 ‘metrum
1652 1007 1694 1046 P.
1737 1007 1848 1047 Idem

319 1066 531 1105 scholiasta
568 1066 618 1104 ad
642 1080 679 1106 u.
707 1067 762 1104 44
797 1063 939 1105 ‘ferrea
979 1079 1051 1116 pro
1091 1064 1238 1106 aenea'.
1302 1067 1469 1105 Breuior
1505 1068 1564 1106 est
1604 1066 1722 1106 schol.
1754 1067 1848 1106 Ber-

319 1127 449 1165 nensis
487 1125 537 1163 ad
569 1139 605 1163 u.
633 1126 687 1163 43
735 1122 981 1165 ‘Homericus
1026 1138 1161 1165 sensus
1205 1127 1277 1176 sic;
1327 1138 1419 1164 nam
1462 1128 1502 1165 et
1544 1126 1696 1166 Ennius
1747 1123 1849 1165 “ora

318 1181 483 1224 decem''
502 1182 527 1234 ’,
565 1185 615 1223 ad
642 1186 697 1222 44
732 1181 874 1224 ‘ferrea
915 1182 1064 1224 aenea’.
1126 1185 1240 1224 Vnde
1278 1187 1445 1236 apparet
1481 1185 1582 1225 falso
1620 1187 1660 1225 et
1702 1187 1848 1225 temere

320 1245 503 1282 Seruium
530 1244 704 1282 Lucretii
735 1257 877 1283 nomen
910 1245 1175 1294 supposuisse,
1207 1257 1294 1283 cum
1326 1246 1368 1283 in
1395 1245 1676 1285 commentario
1708 1246 1765 1284 nil
1789 1246 1848 1284 in-

319 1304 472 1342 uenerit
497 1305 574 1342 nisi
600 1317 644 1341 ex
664 1303 836 1342 Homero
862 1316 1018 1342 uersum
1047 1304 1166 1343 fuisse
1191 1304 1442 1353 translatum,
1468 1304 1535 1344 sed
1559 1306 1619 1343 ita
1643 1307 1688 1343 ut
1707 1317 1849 1344 aeneus

318 1364 474 1414 legatur
511 1363 618 1413 apud
656 1363 883 1402 Homerum.
945 1362 1096 1402 Aereus
1133 1364 1375 1403 adiectiuum
1407 1364 1563 1403 dubites
1594 1377 1645 1403 an
1677 1365 1847 1414 primum

319 1423 475 1473 legatur
505 1422 648 1461 rhetor.
676 1422 726 1460 ad
758 1422 849 1460 Her.
875 1422 932 1460 IV
961 1424 1027 1472 12,
1055 1423 1107 1461 18
1140 1423 1210 1461 ubi
1241 1423 1341 1462 codd
1370 1423 1411 1461 M
1443 1435 1594 1473 aereae,
1627 1423 1658 1461 Ε
1688 1436 1847 1463 aeneae:

318 1483 453 1531 itaque
481 1486 602 1520 aenea
627 1483 808 1532 metrum,
834 1494 949 1521 aerea
973 1495 1066 1521 usus
1091 1483 1207 1521 reicit
1232 1477 1346 1536 (conf
1368 1482 1477 1521 Seru.
1498 1483 1549 1522 ad
1573 1483 1669 1523 Aen.
1690 1483 1710 1521 I
1731 1479 1847 1537 357).

440 1535 580 1580 1366.
613 1541 704 1579 uide
737 1541 786 1580 ad
817 1555 854 1579 u.
884 1542 1009 1580 1378.

440 1595 581 1640 1367.
627 1600 787 1640 Seruius
831 1600 882 1639 ad
923 1600 1119 1640 Aeneidos
1145 1601 1222 1639 XII
1248 1602 1332 1640 419
1379 1595 1629 1655 (spargitque
1680 1602 1848 1642 salubris

318 1660 537 1699 ambrosiae
557 1672 669 1698 sucos
695 1661 735 1699 et
760 1660 997 1699 odoriferam
1021 1655 1257 1713 panaceam)
1286 1657 1518 1711 ‘panaceam
1543 1674 1667 1712 genus
1691 1661 1845 1701 herbae.

318 1719 519 1759 sciendum
546 1722 677 1758 tamen
702 1719 902 1758 Lucilium
927 1715 1004 1773 (ita
1030 1720 1147 1770 Bapt.
1166 1719 1262 1758 Pius
1286 1720 1354 1759 fol.
1377 1719 1542 1759 CXXIII
1566 1734 1596 1759 r.
1624 1721 1674 1760 ad
1692 1721 1848 1760 Lucret.

319 1776 429 1831 [edit.
463 1775 633 1831 Bonon.]
659 1778 715 1817 IV
745 1780 846 1818 124:
902 1780 1103 1819 lucretium
1158 1774 1275 1834 codd)
1329 1792 1551 1829 panaceam
1608 1775 1847 1834 (panaceu‘m

317 1851 417 1877 unus
443 1834 496 1892 R)
528 1839 668 1886 ubique
704 1839 825 1877 salem
856 1837 1001 1889 dicere,
1039 1839 1142 1878 unde
1180 1851 1389 1889 possumus
1427 1841 1468 1878 et
1498 1840 1571 1879 hoc
1605 1841 1691 1879 loco
1723 1841 1847 1879 salem

317 1898 565 1948 intelleger03
596 1910 688 1936 nam
721 1910 876 1936 omnem
907 1898 1023 1947 pellit
1053 1898 1238 1937 dolorem.
1289 1899 1356 1938 sed
1382 1899 1521 1938 melius
1547 1899 1721 1949 herbam,
1753 1901 1848 1950 quia

317 1957 376 1995 ait
406 1954 671 1996 odoriferam’.
720 1956 840 2006 Apud
870 1957 1097 1996 Lucretium
1130 1958 1154 1995 l.
1182 1970 1209 1996 S.
1236 1958 1384 2009 legitur
1407 1970 1593 2007 panaces,
1625 1960 1694 2009 qui
1719 1971 1846 2009 neque

317 2016 365 2054 de
403 2016 484 2055 sale
520 2016 621 2054 illud
661 2015 897 2055 uocabulum
935 2016 959 2054 l.
986 2029 1014 2055 s.
1048 2016 1272 2055 adhibuerit
1315 2029 1440 2067 neque
1485 2018 1645 2066 omnino
1688 2020 1848 2070 praeter

318 2076 342 2114 l.
369 2088 398 2113 s.
425 2075 616 2113 exhibeat.
680 2075 792 2114 Vnde
829 2077 934 2114 recte
965 2075 1146 2114 Lucilius
1182 2076 1360 2115 restituit
1396 2077 1460 2115 uir
1496 2077 1645 2116 doctus.
1707 2078 1844 2128 Neque

317 2137 450 2172 tamen
487 2136 635 2184 poterit
672 2134 776 2173 credi
809 2134 990 2173 Seruium
1027 2135 1183 2179 tradere
1219 2135 1358 2184 ubique
1388 2136 1585 2175 Lucilium
1625 2137 1845 2187 appellasse

314 2194 439 2232 salem
471 2206 703 2243 panaceam:
735 2194 856 2232 uerba
881 2194 1024 2233 Lucilii
1056 2195 1188 2245 potius
1215 2196 1329 2234 erant
1358 2195 1431 2234 illa
1457 2192 1675 2245 ‘panaceam
1700 2196 1845 2246 ubique

317 2250 466 2291 salem’.
512 2253 570 2291 De
597 2254 677 2292 sale
699 2252 852 2292 Plinius
877 2256 957 2293 nat.
985 2254 1073 2292 hist.
1101 2254 1230 2293 XXXI
1259 2256 1340 2294 102
1369 2251 1596 2294 ‘neruorum
1622 2255 1797 2295 dolores.
1815 2286 1845 2294 ..

318 2313 442 2360 leuat,
481 2312 610 2350 colum
647 2313 896 2363 torminaque
934 2315 974 2352 et
1010 2326 1195 2352 coxarum
1233 2313 1386 2353 dolores
1414 2345 1420 2352 .
1449 2346 1456 2353 .
1485 2346 1491 2352 .
1518 2314 1715 2366 podagras
1757 2329 1843 2354 eum

318 2372 448 2410 farina
479 2384 525 2410 ex
549 2372 665 2411 melle
691 2374 731 2411 et
755 2373 842 2411 oleo
867 2373 999 2422 tritus,
1030 2373 1087 2411 ibi
1111 2374 1280 2412 maxime
1306 2374 1533 2424 usurpanda
1559 2373 1846 2424 obseruatione,

319 2443 418 2480 quae
450 2432 546 2470 totis
578 2431 806 2482 corporibus
837 2432 937 2470 nihil
969 2444 1049 2471 esse
1081 2433 1220 2471 utilius
1252 2434 1333 2471 sale
1366 2435 1406 2472 et
1436 2433 1519 2472 sole
1544 2431 1658 2473 dixit'
1686 2429 1843 2488 (isidor.

317 2491 414 2541 orig.
444 2490 540 2529 XVI
567 2492 610 2539 2,
638 2486 694 2544 6).
762 2491 874 2530 Nihil
918 2492 994 2530 huc
1036 2492 1215 2542 Euripid.
1248 2492 1374 2543 Iphig.
1409 2492 1524 2531 Taur.
1555 2494 1679 2533 1193.
1749 2494 1846 2548 Egit

316 2550 483 2588 fortasse
521 2550 569 2588 de
605 2549 679 2588 hoc
715 2550 972 2589 medicamine
1010 2551 1185 2589 Lucilius
1223 2564 1309 2590 cum
1349 2551 1396 2590 de
1433 2552 1603 2591 laterum
1643 2551 1843 2592 doloribus

317 2611 498 2648 narraret
526 2611 663 2648 incert.
689 2623 725 2647 u.
755 2611 886 2648 1314:
925 2611 1047 2649 salem
1084 2612 1126 2648 in
1163 2623 1275 2650 sacco
1313 2624 1360 2650 ex
1397 2623 1501 2661 aqua
1538 2612 1707 2650 sementi
1742 2607 1842 2651 cale-

317 2669 467 2707 factum
503 2669 645 2707 utilem
682 2681 764 2707 esse
801 2669 1001 2708 doloribus
1039 2670 1210 2709 laterum
1247 2669 1385 2709 scribit
1421 2671 1573 2710 Plinius
1609 2672 1742 2710 iunior
1776 2673 1843 2721 qui

317 2727 462 2766 dicitur
493 2741 530 2777 p.
559 2728 625 2767 35.
653 2729 706 2766 36
732 2728 861 2767 Rosei.

439 2782 580 2826 1368.
612 2787 777 2826 Nonius.
811 2801 837 2837 p
862 2789 957 2838 131,
984 2789 1037 2826 22
1068 2785 1238 2827 ‘Lucuns
1265 2788 1392 2828 Varro
1417 2789 1573 2840 periplu
1596 2789 1663 2828 lib.
1690 2789 1731 2828 H
1755 2788 1842 2842 περὶ

311 2846 555 2897 ,φιλοσοφίας
594 2842 696 2901 (417
713 2841 766 2900 Β)
807 2844 959 2886 “Nulla
997 2847 1191 2886 ambrosia
1228 2860 1274 2886 ac
1318 2850 1472 2898 nectar,
1514 2861 1593 2887 non
1636 2849 1760 2888 alium
1804 2851 1846 2888 et'

316 2905 472 2954 sardae,
517 2905 584 2954 sed
620 2908 757 2956 «panis
795 2919 950 2956 pemma
987 2908 1124 2945 lucuns
1168 2907 1293 2957 cibus,
1339 2908 1406 2957 qui
1449 2909 1681 2958 purissimus
1718 2909 1843 2946 multo

313 2962 457 3011 estff'?
520 2965 627 3003 Idem
675 2965 921 3004 Seianiachia
965 2965 1051 3019 περὶ
1095 2966 1224 3016 τύφου
1265 2962 1369 3019 (508
1391 2962 1443 3020 B)
1496 2964 1648 3005 ‘uinum
1682 2980 1843 3016 pemma
