2060 3444
272 251 331 296 54
870 249 921 285 m
945 261 981 285 u.
1010 252 1208 285 ιιι-114.

274 363 473 416 occeperit
502 362 643 402 ludum
679 362 889 414 iocumque
926 362 1033 402 dicet
1068 363 1191 402 fuisse
1221 362 1338 401 illum
1369 359 1554 402 alterum'
1587 361 1656 401 ubi
1685 361 1813 401 Fabia

275 425 391 465 affert
419 423 507 462 Liu.
528 422 703 462 XXVIII
728 424 797 472 42,
826 423 849 461 2
879 419 944 462 ‘ne
968 421 1055 472 tibi,
1080 422 1123 461 P.
1144 422 1313 471 Corneli,
1339 435 1428 461 cum
1453 435 1501 462 ex
1525 422 1608 462 alto
1633 421 1814 462 Africam

275 484 542 535 conspexeris,
586 482 703 522 ludus
747 483 788 522 et
831 483 941 522 iocus
981 483 1103 522 fuisse
1146 481 1366 533 Hispaniae
1408 483 1502 522 tuae
1541 478 1812 522 uidebuntur’.

275 543 569 584 Grammaticus
627 543 698 594 qui
745 542 883 582 Plauti
935 542 1184 592 epitaphium
1237 541 1407 582 confecit
1455 541 1602 582 Lucilii
1650 542 1815 581 heroum

278 604 505 644 aemulatus
537 615 621 642 esse
652 602 814 642 uidetur
846 597 964 654 (Gen.
984 601 1005 640 Ι
1032 602 1101 651 24,
1127 596 1172 655 3)
1206 598 1313 640 ‘dein
1343 602 1446 641 risus
1477 602 1594 641 ludus
1625 602 1815 653 iocusque

276 666 318 703 et
359 663 516 703 numeri
558 662 758 701 innumeri
801 662 921 702 simul
963 674 1098 701 omnes
1143 658 1505 701 conlacrimarunt’.
1577 663 1673 701 112.
1713 660 1816 700 illud

276 736 376 775 opus
418 718 581 775 durum]
622 722 788 761 uerbum
832 721 1128 761 substantiuum
1169 721 1359 761 omissum
1397 715 1507 775 (uide
1542 721 1623 761 ind.
1649 733 1815 773 gramm.

277 797 306 823 s.
326 797 364 822 ιι.
386 777 557 836 ellipsis)
585 795 674 821 cum
700 782 921 821 subiectum
948 781 1002 821 sit
1025 794 1245 832 pronomen
1263 782 1312 820 ut
1330 793 1457 832 saepe.
1489 781 1593 821 Item
1615 782 1818 820 omittitur

276 843 443 883 uerbum
481 842 778 882 substantiuum
815 843 858 880 in
895 855 932 880 u.
965 842 1157 892 sequenti.
1229 842 1325 880 113.
1364 836 1566 893 aigilipes]
1610 842 1671 880 ita
1711 842 1816 880 recte

278 904 438 954 scripsit
467 902 736 952 Franckenus,
768 915 895 952 neque
926 901 1032 940 enim
1062 901 1285 952 probabile·
1302 902 1362 940 est
1392 902 1552 951 poetam
1579 900 1819 940 uocabulum

263 963 536 1015 ,Homefioum
578 961 730 1002 soloece
775 961 997 1002 detorsisse.
1067 961 1234 1001 'hadita
1278 960 1456 1000 defendit
1496 960 1704 1010 Loeweus,
1749 961 1820 1011 qui

278 1022 412 1075 prodr.
447 1022 670 1074 glossarum
708 1035 745 1072 p.
775 1022 858 1061 337
905 1021 1023 1060 affert
1072 1021 1245 1073 glossam
1294 1020 1607 1072 Amplonianam
1646 1019 1757 1060 GGL
1782 1019 1820 1058 V

278 1096 315 1134 p.
338 1084 443 1133 339,
471 1082 523 1121 16
565 1078 785 1133 ‘aegilipon
827 1094 966 1121 saxum
1011 1082 1187 1121 eminens
1230 1082 1370 1132 ingens
1415 1094 1493 1131 quo
1534 1093 1606 1120 nec
1644 1080 1820 1131 capellae

278 1144 447 1194 possunt
477 1138 715 1182 ascendere'.
780 1140 858 1181 Sed
895 1141 1068 1193 glossam
1106 1141 1210 1180 hanc
1247 1140 1299 1180 ad
1330 1140 1530 1180 Lucilium
1561 1142 1740 1192 spectare
1770 1153 1821 1180 ne

279 1203 416 1254 potuit
440 1201 600 1253 quidem
620 1201 810 1241 Loeweus
829 1201 1009 1252 probare.
1066 1200 1195 1247 Quam
1217 1202 1253 1240 si
1271 1200 1486 1240 contuleris
1505 1213 1596 1240 cum
1615 1200 1822 1251 Apollonii

278 1263 353 1302 lex.
373 1261 533 1302 Homer
558 1274 596 1312 p.
621 1262 694 1311 14,
721 1261 772 1300 31
820 1260 1016 1314 αἰγίλιπος
1058 1258 1201 1314 πέτρης
1252 1254 1386 1315 (Ηοιιι.
1407 1260 1428 1299 Ι
1456 1255 1530 1314 15)
1580 1265 1651 1312 τῆς
1693 1258 1820 1333 05va

279 1320 442 1374 ὑψηλῆς
473 1319 569 1361 ὥστε
601 1318 667 1360 καὶ
698 1315 791 1373 αἶκγα
822 1319 876 1372 μὴ
907 1318 1128 1373 ἐπιβαίνειν
1159 1322 1201 1360 et
1232 1318 1392 1360 Orionis
1424 1315 1486 1374 (in
1517 1320 1600 1359 EM
1625 1332 1654 1359 s.
1675 1314 1732 1374 ιι.)
1765 1318 1820 1367 εἰς

280 1379 332 1434 ἣν
362 1379 426 1421 καὶ
459 1380 522 1429 αἲξ
553 1379 602 1420 οὐ
634 1379 800 1421 δύναται
825 1378 1037 1432 ἀναβῆναι,
1067 1379 1117 1419 ad
1141 1379 1356 1420 Homerica
1380 1380 1516 1420 studia
1539 1380 1675 1431 potius
1701 1392 1822 1431 quam

281 1441 333 1481 ad
358 1441 568 1481 Luciliana
595 1453 683 1479 eam
707 1441 907 1491 pertinere
932 1440 1131 1480 concedes.
1195 1439 1317 1480 Gellii
1335 1440 1492 1479 librarii
1517 1453 1634 1491 saepe
1661 1438 1822 1479 Graecis

281 1502 429 1541 litteris
449 1500 668 1552 exprimere
687 1512 772 1540 sese
791 1499 1031 1540 studuerunt
1046 1499 1198 1540 Graeca
1210 1502 1449 1551 poetamque
1461 1500 1566 1539 male
1578 1500 1823 1540 lacerarunt:

284 1562 379 1602 conf
401 1573 503 1612 quae
530 1561 760 1611 scripsimus
787 1559 838 1599 ad
862 1559 930 1599 lib.
950 1559 970 1599 I
995 1573 1033 1599 u.
1056 1560 1109 1599 15
1136 1559 1173 1597 V
1198 1573 1235 1598 ιι.
1265 1560 1361 1600 186.
1389 1581 1445 1587 -
1472 1561 1604 1611 asperi
1624 1555 1822 1612 Athones]

284 1621 475 1661 creticum
524 1619 764 1660 uocabulum
814 1621 953 1659 contra
1002 1619 1109 1672 leges
1158 1625 1236 1659 τῶν
1281 1617 1480 1673 νεωτέρων
1525 1620 1684 1659 elisum:
1733 1618 1828 1659 conf

285 1681 328 1720 L.
349 1680 534 1720 Muelleri
558 1680 595 1718 d.
615 1693 646 1718 r.
666 1674 738 1719 m.²
761 1693 798 1731 p.
821 1680 919 1719 342.
975 1679 1174 1719 Athonem
1200 1680 1247 1719 ut
1270 1681 1445 1719 montem
1471 1680 1646 1731 ingentis
1671 1679 1823 1731 magni-

286 1741 439 1781 tudinis
471 1740 647 1780 celebrat
675 1738 882 1790 Sophoclis
914 1752 1051 1779 uersus
1083 1733 1235 1793 (TGF2
1259 1753 1296 1790 p.
1319 1741 1417 1789 299,
1447 1740 1529 1780 708
1556 1733 1613 1792 Ν)
1640 1740 1711 1790 qui
1734 1751 1824 1790 pro-

284 1800 395 1841 uerbi
439 1801 526 1840 loco
570 1799 792 1839 habebatur
823 1795 957 1848 ’Ἀθως
1000 1798 1146 1847 σκιάζει
1189 1804 1294 1838 νῶτα
1336 1798 1525 1852 Λημνίας
1568 1797 1673 1851 βοός.
1748 1798 1826 1838 Sed

285 1861 457 1900 Aetnam
490 1861 536 1899 ut
567 1859 713 1900 montis
744 1860 920 1912 ingentis
952 1860 1175 1910 exemplum
1207 1860 1400 1899 memorat
1436 1860 1518 1899 iam
1549 1858 1716 1899 Plautus
1741 1858 1824 1898 Mil.

287 1935 323 1959 u.
348 1921 461 1960 1065
495 1922 682 1970 corrupto
712 1920 755 1958 in
781 1918 882 1959 codd
909 1916 1008 1958 ‘tum
1035 1920 1192 1971 argenti
1217 1920 1376 1969 montis,
1408 1932 1487 1959 non
1512 1931 1675 1969 massas,
1705 1919 1827 1958 habet

289 1976 442 2033 (Aetna
473 1976 625 2032 [mons]
657 1975 768 2031 <cst>
799 1992 877 2018 non
909 1974 1054 2033 aeque)
1087 1975 1217 2019 altos’.

412 2033 520 2079 114.
563 2039 692 2078 Iulius
730 2038 933 2078 Romanus
977 2038 1083 2089 apud
1122 2038 1346 2078 charisium
1392 2037 1505 2078 GLI
1528 2052 1566 2090 p.
1583 2039 1687 2087 203,
1714 2037 1826 2078 2ΟΚ

290 2097 441 2151 ‘Longe
472 2112 545 2150 pro
575 2097 838 2150 longitudine.
901 2098 1078 2138 Lucilius
1114 2100 1342 2138 saturarum
1375 2097 1438 2137 ΠΙ
1471 2094 1619 2150 “longe
1649 2097 1712 2137 HI
1742 2098 1824 2137 mil.

287 2155 520 2210 passuum”.
585 2157 742 2198 Coelius
778 2159 1037 2198 historiarum
1062 2158 1083 2197 I
1115 2152 1255 2211 (HRF
1286 2157 1378 2205 edit.
1405 2158 1512 2208 Lips.
1542 2158 1655 2197 1883
1694 2157 1826 2197 Peteri

287 2233 324 2269 p.
349 2221 445 2268 101,
476 2212 550 2271 15)
584 2215 853 2258 “duodeciens
886 2217 916 2257 G
947 2218 1060 2257 milia
1096 2230 1286 2269 passuum
1321 2214 1499 2269 longe’'.'
1563 2217 1674 2264 Quae
1703 2217 1826 2256 uerba

289 2278 413 2318 Coelii
450 2279 738 2329 intelleguntur
774 2279 1005 2329 comparato
1041 2277 1180 2328 Polyb.
1199 2278 1262 2317 III
1289 2278 1364 2327 39,
1391 2279 1442 2317 ll
1478 2271 1564 2317 ὥστ’
1597 2271 1698 2316 εἶναι
1735 2275 1826 2324 τοὺς
1855 2326 1858 2329 ¹

287 2337 438 2386 πάντας
475 2335 517 2377 ἐκ
556 2339 710 2389 Καινῆς
747 2335 896 2385 πόλεως
933 2337 1118 2385 σταδίους
1154 2335 1242 2390 περὶ
1284 2335 1594 2389 ἐννακισχιλίους
1637 2334 1707 2384 οὓς
1747 2334 1826 2376 ἔδει

289 2398 463 2438 διελθεῖν
494 2396 625 2438 αὐτόν.
676 2398 812 2447 Lonqe
842 2397 1032 2436 aduerbio
1059 2398 1182 2437 simili
1205 2397 1323 2436 modo
1349 2398 1478 2436 utitur
1503 2396 1650 2436 Caesar
1672 2396 1709 2435 b.
1731 2395 1827 2435 G.V

294 2459 363 2507 47,
391 2458 415 2496 5
450 2454 601 2508 ‘copias
633 2457 899 2496 Treuerorum
931 2457 1010 2497 tria
1034 2457 1148 2496 milia
1172 2469 1362 2507 passuum
1386 2457 1504 2508 longe
1530 2469 1554 2496 a
1579 2457 1660 2496 suis
1686 2457 1826 2496 castris

290 2514 540 2566 consedisse’3
554 2517 634 2556 VH
650 2517 716 2567 16,
739 2519 759 2556 1
785 2514 931 2556 ‘locum
950 2517 1091 2556 castris
1112 2516 1253 2569 deligit
1266 2515 1479 2568 paludibus
1492 2515 1684 2566 siluisque
1697 2515 1826 2555 muni-

289 2579 376 2617 tum
402 2577 451 2616 ab
470 2576 644 2617 Auarico
669 2577 788 2628 longe
813 2576 926 2616 milia
945 2588 1136 2627 passuum
1160 2573 1284 2626 XVI’3
1302 2576 1339 2615 b.
1359 2589 1390 2616 c.
1409 2575 1452 2615 II
1477 2576 1545 2626 37,
1567 2576 1591 2615 3
1621 2573 1828 2627 ‘comperit

290 2638 422 2676 minus
447 2636 484 2673 V
528 2638 569 2676 et
609 2637 693 2676 XX,
731 2637 893 2676 milibus
941 2637 1060 2688 longe
1103 2636 1152 2676 ab
1196 2635 1315 2676 Vtica
1358 2637 1441 2675 eius
1484 2635 1618 2686 copias
1662 2633 1826 2675 abesse’.

291 2696 466 2736 Rettulit
513 2696 564 2736 ad
612 2696 717 2735 hunc
765 2697 896 2735 locum
945 2696 1090 2735 Lucilii
1138 2696 1168 2735 I.
1201 2696 1399 2736 Beckerus
1448 2695 1588 2734 Philol.
1613 2695 1672 2734 IV
1713 2695 1824 2735 1849

290 2771 328 2807 p.
356 2757 410 2796 82
445 2769 552 2807 seqq.
616 2751 872 2808 [Asconium]
911 2755 962 2795 ad
1000 2755 1078 2795 Cic.
1104 2755 1216 2795 Verr.
1243 2757 1317 2795 act.
1344 2755 1386 2795 Π
1414 2755 1483 2795 lib.
1502 2755 1523 2793 Ι
1557 2755 1639 2794 125
1671 2769 1710 2806 p.
1742 2755 1825 2794 193

292 2817 396 2856 Bait.
430 2813 487 2855 Ὃ.
509 2815 708 2867 Sulpicius
741 2813 935 2867 Olympus
966 2811 1063 2868 fuit]
1094 2817 1209 2855 uetus
1240 2812 1433 2855 locutio‘
1439 2812 1607 2854 ‘eminus
1639 2815 1699 2854 est
1728 2814 1827 2853 Vul-

219 2876 224 2880 ’
291 2877 433 2915 turnus
471 2874 612 2926 Capua
653 2876 732 2914 tria
774 2875 903 2915 millia
944 2872 1147 2926 passuum’
1154 2871 1193 2913 '.’
1263 2874 1376 2921 Quod
1420 2875 1597 2914 scholion
1633 2875 1704 2913 illo
1740 2875 1826 2913 1000

293 2935 415 2974 Tullii
449 2935 545 2986 quid
575 2934 652 2974 sibi
682 2935 795 2984 uelit,
827 2948 904 2985 quo
937 2936 1106 2985 spectet,
1144 2935 1242 2974 satis
1273 2933 1454 2985 intellegi
1483 2934 1632 2983 nequit.
1694 2932 1827 2984 Atque

292 2993 438 3034 Lucilii
468 3007 628 3034 uersum
659 2995 854 3034 contineri
884 2995 1044 3034 uetusta
1081 2994 1159 3034 ista
1189 2994 1388 3034 locutione
1420 2993 1625 3045 probabile
1657 3006 1736 3032 non
1767 2994 1828 3033 est
