2060 3444
810 279 931 316 XXVI
956 292 991 315 u.
1019 283 1219 316 eus-eis.
1707 280 1794 322 229

241 394 322 446 prii
368 394 681 444 enarrationem,
732 408 822 433 cum
872 393 995 434 simili
1044 393 1161 434 modo
1211 393 1488 433 enarrauerint
1538 394 1794 447 grammatici

241 453 343 495 GGL
369 453 407 493 V
430 468 468 505 p.
497 455 595 504 348,
623 455 647 493 9
695 451 862 494 ‘Bianor
912 453 1045 494 animo
1095 456 1136 493 et
1186 467 1350 505 corpore
1400 450 1533 494 fortis'
1580 454 1690 494 Seru.
1741 453 1791 494 ad

241 516 364 568 eclog.
390 514 447 554 IX
475 515 532 555 60
571 511 716 554 ‘dictus
754 517 891 554 autem
928 514 1080 553 Bianor
1118 514 1178 553 est
1217 514 1332 564 quasi
1370 516 1504 554 animo
1542 516 1585 554 et
1627 527 1792 566 corpore

240 574 482 615 fortissimus
514 572 592 614 ἀπὸ
624 580 695 626 τῆς
727 574 816 627 βίας
842 572 909 613 καὶ
934 571 1131 628 ἠνορέης’.
1182 574 1322 624 Neque
1350 575 1489 626 magni
1514 576 1576 615 est
1599 575 1792 631 momenti

241 635 348 687 quod
374 634 496 674 Silius
522 634 583 674 III
611 635 697 674 354
724 635 759 673 Χ
788 636 872 674 219
899 635 1073 685 primam
1099 634 1297 685 syllabam
1322 635 1496 675 nominis
1522 634 1682 675 exhibet
1707 648 1791 675 cor·

238 697 408 748 reptam,
435 695 505 746 qui
531 695 612 735 alia
635 695 792 745 ratione
818 696 880 735 uti
904 708 984 734 non
1010 695 1207 745 potuerit:
1234 695 1380 734 dixerit
1399 694 1569 746 denique
1590 695 1792 747 quispiam

241 756 347 807 apud
380 755 525 795 Silium
555 756 570 794 i
603 757 772 796 alteram
803 768 1019 795 consonam
1051 768 1147 805 esse,
1178 767 1259 794 non
1290 756 1481 796 uocalem.
1532 756 1792 808 Etymologia

239 817 365 856 Nonii
388 815 530 866 utique
556 818 618 856 est
642 816 764 856 falsa:
796 815 927 855 Plinio
953 818 1035 855 nat.
1061 815 1154 855 hist.
1180 815 1354 854 XXXIII
1381 817 1436 855 39
1469 817 1571 856 teste
1609 813 1791 856 ‘uiriolae

243 875 392 916 Celtice
418 876 617 927 dicuntur,
641 878 772 916 wiriae
793 872 1042 917 Celtiberice'
1069 876 1249 915 armillae
1269 888 1369 927 quas
1388 878 1431 915 in
1450 876 1612 916 lacertis
1630 877 1792 927 habent,

239 937 298 976 ita
330 938 375 976 ut
407 936 587 976 Viriatus
619 936 674 976 sit
704 939 913 988 tamquam
939 937 1185 987 Torquatus:
1217 936 1412 988 scriptum
1443 938 1505 976 est
1535 949 1680 976 nomen
1706 937 1790 976 sine

240 997 485 1049 aspiratione
518 996 604 1036 CIL
629 997 671 1036 II
699 999 795 1037 791.
830 997 958 1036 2435.
993 998 1121 1036 2970.
1189 997 1293 1036 Item
1331 997 1415 1036 sine
1459 997 1705 1048 aspiratione
1749 997 1789 1036 in

240 1057 340 1096 codd
359 1057 483 1097 Nonii
507 1058 581 1097 hoc
606 1058 693 1097 1000
719 1057 897 1108 positum
921 1057 1135 1097 Annibalis
1160 1070 1304 1097 nomen
1330 1058 1582 1108 paenultima
1608 1060 1792 1109 correpta

241 1117 359 1157 sicuti
384 1117 452 1156 lib.
473 1118 603 1156 XXIX
622 1132 660 1157 u.
683 1118 783 1167 827,
809 1131 898 1158 011111
923 1118 995 1157 1110
1021 1119 1108 1158 1000
1128 1117 1367 1158 Annibalem
1391 1118 1540 1158 habeat
1559 1116 1606 1168 G,
1631 1118 1791 1158 Hanni-

228 1179 366 1218 'balam
397 1177 448 1217 L:
499 1190 599 1218 aeuo
643 1178 819 1230 Augusti
861 1179 1072 1218 Hannibal
1115 1178 1279 1218 solitum
1323 1191 1407 1218 esse
1455 1178 1575 1218 scribi
1619 1180 1792 1218 testatur

241 1238 416 1290 elogium
460 1238 576 1278 Fabii
619 1238 786 1278 Maximi
825 1238 908 1278 CIL
934 1239 956 1278 I
981 1233 1059 1292 (ed.
1088 1233 1134 1292 2)
1164 1241 1184 1278 1
1219 1253 1258 1290 p.
1287 1240 1384 1278 193.
1454 1238 1687 1290 Supplenda
1731 1240 1792 1279 est

240 1299 441 1339 sententia
471 1298 523 1338 ad
554 1299 781 1354 exemplum
811 1300 948 1339 incert.
975 1313 1014 1337 u.
1043 1300 1157 1338 1334
1192 1296 1363 1339 ‘hostem
1395 1312 1479 1339 esse
1511 1301 1632 1351 atque
1657 1299 1791 1339 inimi·

240 1373 330 1399 cum
367 1359 573 1399 hominum
610 1372 846 1410 morumque
883 1360 1084 1399 malorum
1122 1360 1262 1398 contra
1299 1359 1546 1400 defensorem
1582 1360 1789 1399 hominum

240 1433 476 1470 morumque
507 1417 732 1459 bonorum'.
760 1441 816 1446 —
844 1419 1055 1460 Commota
1090 1420 1164 1460 illa
1202 1422 1336 1460 aetate
1373 1422 1462 1460 erat
1496 1420 1640 1460 ciuitas
1671 1421 1790 1460 uehe-

239 1481 393 1519 menter
423 1493 522 1531 pace
552 1480 731 1520 Mancini
755 1493 845 1520 cum
871 1480 1130 1521 Numantinis
1161 1481 1271 1520 facta
1301 1493 1423 1531 quam
1447 1481 1607 1520 irritam
1631 1481 1719 1520 fieri
1744 1494 1790 1520 ex

240 1541 400 1580 senatus
426 1541 609 1580 consulto
634 1541 797 1592 rogauit
816 1541 860 1579 L.
882 1541 1026 1580 Furius
1052 1541 1194 1580 Philus
1220 1542 1358 1580 consul
1379 1536 1566 1594 618s136
1592 1541 1790 1592 Scipionis

241 1601 392 1640 amicus
431 1594 532 1654 (Cic.
558 1600 606 1640 de
632 1601 695 1640 off.
723 1601 786 1640 ΠΙ
813 1603 897 1640 109
924 1601 1030 1640 Ρ1111.
1059 1602 1118 1640 Τ1.
1146 1601 1309 1641 Gracch.
1339 1603 1362 1640 7
1367 1595 1402 1655 ):
1447 1614 1570 1652 quam
1606 1615 1691 1640 rem
1728 1602 1790 1641 his

242 1674 306 1699 uu.
332 1661 466 1713 tangit
491 1662 622 1712 poeta.
672 1661 812 1701 Nescit
835 1662 962 1713 igitur
986 1662 1104 1701 homo
1129 1662 1333 1701 Romanus
1358 1661 1559 1713 flagitium
1585 1663 1790 1713 nescitque

241 1721 347 1760 bello
379 1721 487 1760 uinci
519 1722 560 1760 et
591 1720 727 1760 cedere
757 1721 951 1761 barbaris.
1015 1722 1210 1761 barbarus
1241 1721 1486 1761 adiectiuum
1518 1735 1598 1773 qua
1633 1723 1790 1761 ratione

240 1782 362 1832 poeta
399 1780 644 1831 adhibuerit,
681 1781 903 1820 notandum
941 1783 1018 1821 est:
1062 1783 1277 1832 postquam
1308 1782 1360 1821 M.
1383 1781 1482 1822 Cato
1509 1776 1566 1836 (p.
1595 1784 1648 1822 77
1663 1777 1788 1836 Iord.)

240 1841 496 1882 insolentiam
522 1840 762 1881 Graecorum
794 1842 864 1892 qui
891 1841 966 1881 hoc
990 1843 1158 1881 utantur
1182 1842 1378 1882 uocabulo
1405 1843 1632 1895 castigauit,
1663 1843 1790 1882 homi-

241 1915 310 1942 nes
335 1900 474 1941 Latini
504 1914 610 1941 noua
641 1903 797 1941 ratione
824 1915 869 1942 eo
894 1903 1076 1953 utuntur,
1108 1915 1199 1942 cum
1223 1904 1379 1943 ueteres
1405 1903 1580 1942 dixerint
1606 1900 1790 1943 ‘Plautus

241 1963 368 2002 uortit
398 1958 580 2002 barbare'
614 1962 772 2002 similia.

362 2016 474 2062 617.
499 2022 655 2061 Nonius
674 2036 712 2073 p.
733 2023 833 2072 437,
856 2024 910 2062 13
940 2020 1174 2063 ‘Probatum
1200 2025 1241 2062 et
1259 2025 1484 2074 spectatum
1503 2038 1525 2059 a
1545 2025 1607 2063 uis
1626 2024 1790 2064 maioris

241 2083 311 2122 est.
374 2082 552 2122 Lucilius
583 2082 651 2121 lib.
677 2083 810 2122 XXVI
843 2079 990 2122 “tuam
1018 2115 1024 2122 .
1047 2114 1054 2122 .
1077 2114 1084 2121 .
1110 2083 1209 2122 mihi
1248 2086 1289 2122 et
1315 2115 1322 2122 .
1345 2114 1352 2122 .
1379 2115 1385 2122 .
1413 2082 1787 2124 adulescentiam’'.’

242 2142 367 2182 Poeta
398 2143 527 2182 maior
557 2144 656 2182 natu
689 2143 980 2183 adulescentem
1011 2144 1145 2193 illum,
1184 2158 1302 2194 quem
1333 2144 1524 2184 historiae
1559 2145 1790 2184 scribendae

241 2216 406 2254 operam
439 2203 533 2242 dare
564 2203 691 2242 tradit
715 2217 752 2242 u.
782 2204 880 2253 612,
912 2204 1144 2254 adloquitur
1175 2204 1313 2244 eodem
1344 2204 1462 2244 modo
1492 2218 1570 2255 quo
1596 2205 1789 2246 Horatius

240 2265 357 2314 pater
393 2263 522 2302 filium
556 2275 669 2302 serm.
694 2264 716 2302 I
742 2265 787 2313 4,
815 2265 899 2303 105
915 2277 1024 2315 seqq.
1085 2264 1197 2304 Haec
1234 2264 1281 2304 de
1318 2265 1525 2304 hominum
1563 2265 1676 2305 uitiis
1715 2279 1788 2317 ego

244 2324 463 2373 conscripsi
499 2336 602 2373 quae
638 2324 781 2363 iuuent
816 2325 929 2363 tuam
967 2325 1142 2364 aetatem
1178 2326 1375 2364 teneram:
1412 2325 1519 2365 Pers.
1546 2325 1582 2363 V
1610 2326 1664 2365 36
1680 2338 1788 2377 seqq.

364 2377 476 2430 618.
507 2383 662 2423 Nonius
687 2398 725 2435 p.
755 2386 852 2433 117,
880 2385 933 2424 31
970 2381 1182 2435 ‘Genium,·
1203 2385 1489 2435 parsimoniam
1517 2417 1524 2424 .
1547 2417 1554 2424 .
1577 2417 1584 2424 .
1611 2386 1789 2426 Lucilius

241 2442 310 2482 lib.
334 2442 468 2482 XXVI
501 2440 644 2483 “curet
670 2475 678 2482 .
706 2475 713 2482 .
743 2475 750 2482 .
777 2444 963 2484 defrudet
994 2446 1051 2484 ali
1080 2442 1282 2496 parcat''.'
1346 2445 1433 2491 Qua
1468 2445 1516 2484 de
1553 2459 1595 2484 re
1634 2449 1790 2498 agatur,

246 2503 496 2555 intellegitur
520 2504 608 2543 coll.
637 2503 770 2544 Senec.
797 2506 911 2556 epist.
940 2506 978 2555 9,
1005 2506 1030 2544 8
1060 2502 1255 2556 ‘Sapiens,
1285 2505 1407 2544 etiam
1432 2507 1467 2545 si
1493 2507 1701 2545 contentus
1728 2508 1790 2545 est

243 2575 303 2612 se,
338 2564 475 2602 tamen
503 2563 649 2603 habere
682 2565 855 2604 amicum
884 2566 991 2617 uult,
1030 2566 1063 2605 si
1095 2565 1197 2604 nihil
1228 2565 1358 2615 aliud,
1396 2568 1442 2604 ut
1473 2568 1653 2605 exerceat
1689 2566 1788 2605 ami-

244 2624 400 2672 citiam,
436 2637 486 2663 ne
516 2625 601 2663 tam
631 2638 779 2676 magna
808 2625 940 2665 uirtus
970 2626 1120 2675 iaceat,
1156 2638 1236 2665 non
1268 2625 1319 2665 ad
1356 2626 1449 2675 hoc,
1486 2626 1593 2676 quod
1631 2626 1789 2666 dicebat

244 2683 441 2734 Epicurus
474 2678 635 2737 (fragm.
665 2685 748 2724 175
761 2679 900 2739 Vsen.)
932 2687 974 2724 in
1005 2686 1080 2724 hac
1110 2686 1199 2737 ipsa
1225 2686 1398 2736 epistula
1425 2683 1504 2724 “ut
1528 2686 1687 2736 habeat,
1718 2687 1789 2737 qui

244 2743 322 2783 sibi
353 2756 470 2795 aegro
503 2743 695 2794 adsideat,
726 2746 933 2784 succurrat
963 2745 1006 2784 in
1036 2746 1199 2785 uincula
1231 2747 1408 2786 coniecto
1434 2747 1501 2785 uel
1528 2743 1687 2797 inopi”,
1719 2747 1787 2786 sed

244 2804 291 2842 ut
320 2803 467 2842 habeat
498 2803 690 2854 aliquem,
730 2805 795 2843 cui
825 2805 911 2855 ipse
949 2817 1069 2857 aegro
1108 2805 1305 2856 adsideat,
1344 2819 1462 2856 quem
1498 2807 1584 2856 ipse
1622 2806 1788 2845 circum-

244 2864 409 2902 uentum
447 2863 629 2902 custodia
670 2861 840 2903 liberet’.
908 2864 1143 2904 Indicantur
1185 2866 1312 2917 igitur
1355 2865 1488 2904 officia
1530 2865 1649 2905 amici
1692 2866 1788 2905 boni

245 2922 462 2962 secundum
488 2925 702 2973 praecepta
726 2924 902 2974 Epicuri.
929 2945 986 2951 -
1011 2927 1188 2964 sumtum
1212 2925 1366 2964 homini
1389 2925 1597 2975 praebeat:
1631 2926 1787 2965 Terent.

244 2982 390 3021 Heaut.
413 2983 496 3021 207
525 2978 731 3034 ‘praebent
755 2984 897 3035 exigue
922 2981 1154 3035 sumptum'.
1177 3006 1231 3011 —
1258 2986 1419 3037 genium
1445 2997 1560 3024 suum
1587 2985 1787 3024 defrudet:

246 3042 378 3082 Plaut.
410 3042 502 3081 Aul.
539 3044 621 3082 724
679 3040 853 3096 ‘egomet
906 3057 968 3083 me
1024 3044 1277 3095 defraudaui,
1333 3046 1590 3096 animumque
1643 3059 1788 3096 meum,
