2060 3444
552 260 938 295 SUPPLEMENTUM
967 260 1149 293 (¹A1‘1'rls
1176 260 1240 293 DE
1267 259 1434 293 NONIO.
1684 253 1767 290 XXI

232 387 304 427 pro
331 374 538 425 exemplis,
564 368 660 413 item
686 373 858 412 inueniri
885 371 993 423 apud
1015 371 1239 411 charisium
1261 373 1301 410 et
1320 371 1570 410 Priscianum
1591 366 1679 423 (37.
1702 371 1767 409 49.

232 435 298 475 59.
321 436 387 474 60.
409 428 497 488 86).
531 433 713 473 Alterum
733 445 858 485 genus
877 432 1069 472 librorum
1089 431 1441 483 grammaticorum
1461 433 1554 470 sunt
1573 443 1768 471 commen-

230 494 324 535 tarii
355 494 397 533 iu
432 494 610 546 singulos
635 493 859 544 scriptores.
910 491 1054 531 Veluti.
1074 491 1231 531 fabulas
1257 491 1349 530 XXI
1375 490 1513 530 Plauti
1538 503 1637 541 quas
1663 493 1770 530 certo

231 554 367 594 ordine
394 553 574 593 adhibito
600 553 782 593 adhibuit
807 552 966 593 scholiis
992 554 1201 592 exornatas
1227 550 1349 590 fuisse
1375 551 1478 590 undc
1500 550 1644 590 Lucilii
1664 553 1767 602 frag-

230 617 365 655 menta
384 627 464 653 una
477 626 568 653 cum
583 613 761 652 uersibus
776 612 909 652 Plauti
923 612 1241 663 transscripserit
1255 624 1300 650 ex
1315 611 1376 650 his
1391 611 1488 650 locis
1502 611 1769 662 intellegiturt

445 687 482 724 p.
523 674 627 722 528,
661 673 710 713 21
767 673 807 712 in
851 673 950 712 serie
995 673 1155 711 litterae
1198 671 1234 710 A
1279 671 1467 711 Plautina
1512 668 1611 717 ‘Qui
1655 671 1770 710 liberi

323 734 487 783 fiebant,
525 746 572 773 ea
616 745 736 773 causa
780 732 884 772 calui
928 737 1061 782 erant,
1104 731 1211 782 quod
1248 732 1527 782 tempestatem
1565 731 1770 770 seruitutis

321 793 561 833 uidebantur
603 794 793 846 effugere,
841 795 885 832 ut
927 791 1139 844 naufragio
1183 791 1343 830 liberati
1387 792 1526 830 solent.
1602 791 1770 830 Plautus

321 857 653 903 Amphitryone
675 849 801 907 (462)
830 850 911 891 “ut
939 865 1012 904 ego
1037 851 1154 891 hodie
1181 864 1270 892 raso
1296 851 1426 902 capite
1453 851 1592 890 caluus
1616 851 1771 902 capiam

322 910 553 965 pilleum”.’
624 912 814 964 Sequitur
857 913 968 952 locus
1011 914 1247 952 Asinariae
1286 913 1389 961 529,
1419 913 1462 960 2,
1506 913 1771 951 Aululariae

326 975 424 1024 529,
445 975 482 1012 4.
539 972 648 1020 Quae
674 973 888 1024 explicatio
921 973 1178 1012 scholiastam
1207 972 1324 1023 sapit,
1357 971 1495 1011 eadem
1521 984 1610 1010 cum
1637 970 1774 1010 eodem

324 1034 460 1073 Plauti
491 1046 613 1073 uersu
644 1033 823 1072 adfertur
854 1045 878 1072 a
911 1033 1050 1072 Seruio
1083 1032 1134 1071 ad
1165 1032 1263 1071 Aen.
1284 1031 1384 1070 VIII
1413 1032 1510 1070 564.

447 1107 484 1144 p.
514 1094 580 1143 43,
605 1094 656 1132 12
691 1088 821 1147 (locus
854 1106 883 1132 s.
904 1106 934 1132 s.
961 1088 1007 1146 4)
1042 1090 1209 1131 ‘Vernas
1238 1094 1392 1131 ueteres
1420 1091 1680 1142 appellabant
1705 1091 1774 1141 qui

324 1167 417 1192 uere
449 1166 561 1193 sacro
592 1154 753 1193 fuerant
783 1155 886 1192 nati:
919 1155 959 1192 et
988 1152 1213 1192 habebatur
1243 1165 1386 1192 nomen
1415 1152 1490 1190 hoc
1515 1164 1587 1202 pro
1614 1151 1773 1190 uitabili

314 1213 547 1253 maledicto.
621 1213 791 1252 Plautus
834 1216 1167 1262 Amphitryone
1212 1207 1340 1267 (179)
1390 1209 1491 1250 “hic
1536 1212 1605 1262 qui
1649 1224 1774 1250 uerna

323 1276 440 1312 natus
485 1276 562 1323 est,
606 1270 838 1325 queritur''.
907 1273 1085 1312 Lucilius
1124 1267 1280 1326 (1321)
1321 1269 1525 1312 “uernam
1563 1284 1608 1311 ac
1646 1285 1773 1311 cerco-

323 1330 559 1384 pithecon”.
621 1333 792 1373 Plautus
830 1333 900 1384 qui
937 1346 1059 1384 supra
1096 1328 1316 1387 (Amphitr.
1346 1327 1479 1386 1033)
1521 1329 1561 1370 “.
1585 1363 1621 1370 ..
1652 1345 1774 1371 uerna

324 1393 449 1432 uerba
480 1391 726 1433 funditas''.’
791 1393 982 1444 Sequitur
1014 1393 1319 1444 Amphitruonis
1350 1406 1387 1431 u.
1416 1393 1513 1431 529.

451 1467 488 1504 p.
523 1455 626 1503 321,
650 1455 702 1493 18
742 1449 873 1508 (locus
912 1466 940 1492 s.
968 1467 996 1492 s.
1027 1448 1101 1506 70)
1141 1450 1342 1492 ‘Inuitare
1381 1452 1581 1504 significat
1617 1453 1772 1503 repleri.

324 1513 492 1553 Plautus
530 1517 862 1563 Amphitryone
900 1508 1026 1567 (283)
1070 1509 1256 1551 “mirum
1300 1513 1334 1552 si
1377 1512 1569 1551 inuitauit
1612 1525 1695 1551 sese
1733 1513 1775 1551 in

325 1587 423 1613 cena
453 1570 728 1624 plusculum'’.
784 1573 960 1613 Lucilius
988 1568 1145 1627 (1269)
1179 1569 1382 1623 “pulchre
1414 1572 1578 1612 inuitati
1606 1571 1775 1623 accepti-

328 1647 404 1684 que
435 1630 657 1685 benigne'':
688 1634 844 1684 reliqua
874 1634 965 1672 uide
996 1633 1046 1672 ad
1076 1633 1103 1672 l.
1124 1646 1152 1672 s.
1173 1645 1218 1672 su

451 1707 488 1744 p.
511 1694 608 1743 266,
630 1694 683 1732 26
713 1688 843 1746 (locus
869 1706 898 1732 s.
919 1706 949 1732 s.
970 1688 1046 1746 61³)
1073 1689 1352 1742 ‘Conmodum,
1389 1692 1603 1744 integrum,
1634 1695 1776 1731 totum.

326 1753 504 1792 Lucilius
549 1748 675 1807 (107)
727 1749 825 1792 “bis
875 1754 1001 1803 quina
1050 1754 1245 1805 octogena
1291 1752 1445 1792 uidebis
1490 1752 1684 1792 conmoda
1726 1755 1778 1801 tc,

328 1813 466 1863 Capua
497 1813 790 1864 quinquaginta
821 1815 942 1863 atque
975 1809 1088 1852 00⁹³.
1145 1813 1313 1852 Plautus
1345 1812 1387 1851 in
1414 1815 1625 1862 Asinaria
1651 1807 1777 1866 (725)

329 1869 516 1924 “uiginti
542 1874 695 1924 argenti
725 1872 938 1912 conmodas
967 1873 1097 1912 minas
1125 1902 1161 1910 ..
1185 1869 1254 1911 .''.’
1305 1872 1559 1911 Antecedunt
1588 1872 1666 1911 loci
1698 1873 1778 1911 Au-

328 1933 512 1983 lulariae,
551 1932 779 1982 Asinariae,
815 1932 1120 1983 Amphitruonis
1165 1932 1302 1972 ordine
1340 1932 1566 1972 fabularum
1604 1933 1776 1971 inuerso.

453 2006 490 2043 p.
513 1994 687 2042 207,17
716 1988 844 2047 (locus
871 2005 899 2032 s.
922 2005 951 2032 s.
974 1987 1050 2046 50)
1079 1989 1251 2032 tGuttur
1354 1992 1575 2032 masculino
1610 1992 1779 2031 Plautus

327 2053 368 2091 in
394 2054 540 2092 Milite
573 2053 748 2104 glorioso
774 2047 902 2107 (835)
929 2049 970 2091 “.
986 2083 1017 2091 ..
1039 2052 1274 2092 amburebat
1297 2049 1554 2103 gutturem”.
1599 2052 1778 2092 Lucilius

328 2107 486 2167 (1167)
520 2108 599 2151 “et
628 2115 810 2152 uentrem
842 2115 882 2152 et
913 2115 1118 2164 gutturem
1150 2108 1386 2151 eundem''.’

453 2186 490 2223 p.
518 2174 623 2222 449,
644 2174 698 2212 23
739 2167 869 2227 (locus
907 2171 936 2212 s.
963 2185 991 2212 s.
1022 2168 1097 2227 78)
1135 2172 1309 2212 Interfici
1347 2174 1388 2211 et
1411 2172 1548 2212 'occidi
1579 2175 1620 2212 et
1651 2172 1778 2212 inani-

328 2231 450 2271 malia
475 2234 630 2272 ueteres
659 2245 775 2283 posse
806 2232 1034 2272 uehementi
1057 2232 1299 2272 auctoritate
1324 2235 1554 2283 posuerunt.
1610 2233 1778 2272 Plautus

328 2295 637 2332 Menaechmis
669 2287 797 2347 (511)
829 2289 996 2332 “occisa
1029 2295 1090 2332 est
1118 2293 1217 2332 haec
1247 2289 1360 2332 res'’.
1417 2292 1595 2332 Lucilius
1621 2284 1778 2347 (1157)

330 2348 513 2390 “durum
544 2352 663 2392 molle
693 2365 824 2402 uoras,
855 2353 1082 2405 fragmenta
1112 2352 1302 2392 interficis
1334 2349 1500 2403 panis”.
1525 2385 1530 2390 .
1553 2383 1561 2391 .
1611 2353 1779 2392 Plautus

330 2415 580 2452 Mercatore
620 2407 748 2467 (832)
793 2408 834 2451 “.
863 2444 906 2451 ..
944 2413 1179 2452 intcifectus
1223 2409 1334 2452 est”.
1403 2412 1583 2451 Lucilius
1623 2408 1778 2466 (1197)

333 2468 582 2521 “intereunt,
613 2472 816 2522 labuntur,
848 2475 946 2512 eunt
976 2483 1140 2512 rursum
1172 2472 1306 2519 omnia
1333 2469 1562 2511 uorsum''.’
1666 2478 1673 2482 “
1745 2486 1749 2490 ’

455 2531 630 2571 Fabulae
674 2533 812 2571 ordine
848 2532 969 2572 Nonii
1007 2533 1188 2584 legitimo
1227 2532 1462 2571 adferuntur
1498 2532 1641 2582 Amph.
1670 2532 1779 2570 Asin.

333 2591 464 2630 Aulul.
491 2592 594 2631 Men.
620 2592 738 2632 Merc.
768 2605 897 2643 neque
929 2605 1023 2632 casu
1047 2594 1181 2643 potest
1206 2605 1289 2631 esse
1314 2593 1464 2631 factum
1490 2591 1595 2642 quod
1627 2593 1780 2630 sexiens

332 2653 417 2690 arte
449 2653 698 2691 consociatur
725 2653 995 2704 fragmentum
1019 2652 1167 2691 Lucilii
1192 2664 1281 2691 cum
1307 2652 1438 2691 uerbis
1465 2651 1615 2699 Plauti,
1646 2664 1780 2689 nume-

332 2724 398 2750 rus
424 2711 618 2750 librorum
638 2712 787 2762 ubique
813 2714 873 2751 est
897 2713 1079 2762 omissus,
1110 2712 1331 2751 hexametri
1356 2713 1450 2751 sunt
1475 2724 1622 2760 omnes,
1648 2711 1780 2750 ortho-

333 2771 501 2822 graphia
541 2772 822 2821 cercopithecon
866 2773 1005 2811 contra
1047 2784 1164 2811 usum
1207 2774 1268 2811 est
1310 2771 1432 2810 Nonii
1476 2771 1523 2810 de
1568 2784 1646 2822 quo
1691 2771 1781 2810 conf

332 2830 450 2870 indic.
484 2843 638 2883 gramm
681 2844 711 2870 s.
743 2844 781 2870 u.
815 2831 1111 2884 orthographia.

361 2890 502 2941 Neque
533 2889 679 2931 Lucilii
711 2891 919 2931 uolumina
949 2890 1251 2931 XXVI—XXX
1289 2890 1449 2931 scholiis
1487 2890 1676 2930 carebant
1714 2890 1781 2929 ad-

245 2950 403 3000 scriptis
440 2949 586 3000 quibus
623 2950 839 2990 utebantur
869 2951 991 2991 Nonii
1026 2964 1179 3002 operae.
1241 2950 1450 3004 Leguntur
1479 2952 1557 2993 loci
1588 2951 1630 2989 hi
1660 2951 1782 3005 positi

246 3009 462 3049 secundum
494 3009 673 3049 ordinem
705 3011 952 3050 sollemnem:
