2060 3444
858 252 925 288 XV
950 264 986 288 u.
1014 255 1215 289 485-489.
1728 251 1808 295 181

227 402 229 404 .
259 364 582 424 (ἐπιδιατιθέναι,
612 365 906 408 ἕπιδιάκεισθαι
938 366 1081 406 Pollux
1111 366 1169 405 IX
1198 360 1274 420 96)
1306 368 1344 406 et
1386 367 1460 406 hoc
1492 367 1578 407 loco
1611 366 1813 419 significat

260 427 318 469 ‘in
349 430 482 469 fructu
508 429 617 468 uitae
655 428 875 468 arbitratur
905 428 1040 468 omnia
1073 422 1172 467 esse'
1200 421 1316 480 (conf
1337 426 1389 466 ad
1414 427 1481 466 lib.
1508 427 1641 467 XXVI
1667 441 1703 466 u.
1726 428 1811 467 614

258 490 374 530 XVII
399 503 436 528 u.
459 489 546 529 550
577 488 637 527 VI
662 502 699 527 u.
723 483 839 543 245).
905 486 983 528 Cic.
1011 487 1058 527 de
1090 487 1155 526 fin.
1182 487 1225 526 Π
1257 487 1296 538 8,
1324 488 1379 527 24
1414 483 1502 537 ‘qui
1533 488 1576 526 in
1601 488 1810 539 uoluptate

257 551 358 591 nihil
382 562 546 601 ponens,
571 550 704 601 negat«
719 562 810 588 eum
835 547 934 588 bene
959 560 1099 588 cenare
1119 548 1190 599 qui
1210 547 1345 588 omnia
1363 550 1490 598 ponat
1511 549 1551 587 in
1573 545 1810 599 uoluptate’.

255 623 329 662 pro
356 609 510 650 Cluent.
540 611 607 660 70,
630 610 716 649 200
744 606 824 648 ‘cui
842 610 976 660 posita
1001 610 1095 648 sunt
1114 608 1155 647 in
1182 607 1295 649 uobis
1317 605 1479 648 omnia'.
1500 630 1559 635 —
1580 609 1679 648 486.
1691 610 1813 658 pueri

255 672 430 721 infantes
466 669 607 718 παῖδες
642 668 782 722 νήπιοι
820 671 867 709 ut
904 669 972 709 lib.
993 669 1087 708 XIX
1112 683 1149 708 u.
1173 669 1257 708 566
1301 668 1352 708 ad
1384 669 1556 708 Herenn.
1582 669 1626 708 Π
1654 669 1728 719 25,
1756 669 1810 708 39

256 732 392 771 initio:
418 731 551 771 infans
579 732 671 770 ante
696 730 898 770 Lucilium
922 730 998 770 hac
1024 729 1316 782 significatione
1343 730 1519 780 positum
1545 743 1625 769 non
1651 729 1813 768 uidetur

255 791 442 832 inueniti.
488 813 544 818 —
591 791 689 830 487.
734 792 887 830 somnia
937 792 1031 839 ficta
1068 793 1175 830 recte
1218 789 1518 830 Lachmannus:
1562 791 1697 830 omnia
1739 802 1812 841 pro

256 853 411 893 somnia
435 851 623 891 mendose
649 851 836 902 praebuit
860 851 1140 891 Palatinorum
1166 850 1407 902 archetypus
1433 850 1564 890 Plaut.
1590 851 1691 890 Rud.
1714 851 1813 900 594,

256 913 335 964 ipsi
374 912 452 952 sibi
491 911 646 952 somnia
685 911 844 964 fingunt
874 911 994 963 Verg.
1015 911 1138 963 eclog.
1164 910 1266 950 VIII
1295 911 1390 951 108.
1427 933 1477 938 —-
1515 911 1613 950 488.
1654 923 1722 950 cor
1752 911 1811 949 in-

258 986 341 1014 esse
372 973 414 1012 in
448 969 577 1025 aenis]
610 972 757 1012 mirum
799 974 859 1012 est
891 972 998 1023 quod
1028 971 1316 1012 tantummodo>
1342 971 1389 1011 de
1422 971 1531 1011 aenis
1564 972 1701 1024 signis,
1733 985 1812 1011 non

257 1034 419 1074 omnino
463 1033 511 1073 de
556 1033 680 1086 signis
723 1033 799 1073 hoc
841 1032 929 1072 loco
974 1033 1154 1083 loquitur
1196 1033 1327 1083 poeta.
1406 1030 1526 1071 Cuius
1569 1031 1813 1072 locutionem

256 1107 401 1146 parum
444 1094 668 1147 elegantem
705 1093 788 1132 h.1.
821 1094 927 1133 recte
971 1094 1087 1132 notat
1130 1093 1173 1131 F.
1194 1092 1333 1132 Dousa
1366 1093 1436 1143 qui
1478 1105 1595 1144 aegre
1634 1093 1714 1132 fert
1751 1094 1814 1132 ter

259 1155 442 1206 deinceps
475 1155 608 1194 omnia
639 1154 816 1206 positum
849 1166 944 1193 esse.
982 1175 1031 1181 —
1069 1153 1167 1193 489.
1199 1152 1371 1193 Versum
1404 1153 1604 1204 quomodo
1629 1152 1812 1205 intellegi

258 1215 461 1255 noluerint
483 1215 606 1254 tacite
632 1213 865 1254 indicarunt
890 1214 1060 1254 editores
1087 1213 1221 1253 uerbis
1247 1215 1289 1252 in
1315 1214 1395 1252 tria
1421 1213 1509 1267 cola
1534 1214 1594 1253 ita
1620 1213 1813 1263 dissectis,

257 1278 304 1315 ut
335 1275 469 1315 omnia
507 1287 610 1326 quae
655 1274 979 1314 antecedentibus
1011 1273 1192 1314 uersibus
1225 1274 1451 1325 culpauerit
1481 1275 1601 1325 poeta
1634 1273 1814 1313 clamitet

258 1348 342 1376 esse
380 1335 515 1375 omnia
551 1335 663 1386 ficta,
703 1335 791 1374 ueri
829 1335 949 1386 nihil,
990 1335 1158 1387 pergula
1188 1335 1406 1386 pictorum,
1437 1335 1462 1373 i.
1490 1347 1520 1374 e.
1554 1335 1811 1388 ζωγραφεῖον.

259 1396 337 1436 Sed
374 1397 575 1447 pictorum
611 1396 857 1436 mentionem
894 1395 982 1435 fieri
1019 1395 1232 1447 probarem
1270 1395 1304 1434 si
1344 1396 1462 1434 antea
1494 1394 1543 1434 de
1575 1394 1813 1435 Acherontis

261 1457 444 1497 fabulosa
475 1457 637 1509 regione
664 1457 860 1509 ageretur,
886 1457 1000 1496 uelut
1025 1455 1135 1507 apud
1165 1455 1280 1495 Lucr.
1301 1455 1364 1494 III
1392 1456 1498 1495 627:
1533 1455 1648 1506 atqui
1679 1456 1720 1494 in
1747 1467 1813 1495 eos

259 1518 428 1569 apparet
458 1517 596 1556 inuehi
627 1518 874 1568 scriptorem,
906 1518 978 1568 qui
1009 1516 1288 1567 superstitiosa
1316 1516 1575 1555 ueneratione
1607 1516 1813 1567 signorum

258 1577 421 1617 ridiculi
465 1578 568 1616 sunt.
637 1577 781 1627 Itaque
812 1577 927 1616 'nihil
968 1576 1188 1628 Polygnoti
1232 1576 1283 1615 ad
1326 1577 1508 1615 nostrum
1551 1576 1702 1626 locum,
1744 1576 1813 1615 sed

259 1637 459 1689 Polycleti
490 1636 658 1676 Phidiae
690 1637 772 1687 alii,
814 1649 942 1688 neque
973 1636 1301 1676 terriculamenta
1331 1637 1412 1675 ista
1444 1637 1813 1688 superstitiosorum

260 1711 308 1737 ne
342 1698 488 1737 omisso
521 1697 683 1748 quidem
707 1697 902 1737 uocabulo
929 1698 1038 1737 aenis
1065 1697 1144 1736 dici
1175 1698 1344 1747 possunt
1376 1708 1475 1748 opus
1513 1697 1714 1748 pictorum
1745 1696 1814 1736 sed

259 1759 457 1807 fictorum:
476 1759 588 1807 fictor
607 1757 721 1797 audit
740 1757 903 1797 Phidias
923 1757 1044 1809 Apul.
1066 1756 1267 1796 demund.
1290 1757 1357 1796 32.
1408 1756 1514 1796 Plut.
1535 1757 1584 1796 de
1604 1757 1772 1808 superst.
1787 1758 1810 1796 6

258 1833 296 1870 p.
321 1818 456 1857 167D
495 1812 596 1857 Εἶτα
633 1818 894 1871 χαλκοτύποις
931 1815 1002 1870 μὲν
1048 1812 1111 1872 (οἱ
1143 1811 1450 1872 δεισιδαίμονες)
1494 1817 1704 1857 πείθονται
1747 1815 1814 1857 καὶ

259 1877 462 1927 λιθοξόοις
510 1876 577 1918 καὶ
625 1877 916 1932 κηροπλάσταις
967 1875 1302 1932 ἀνθρωπόμορφα
1352 1882 1430 1917 τῶν
1483 1880 1593 1917 θεῶν
1638 1876 1684 1917 τὰ
1726 1877 1812 1929 εἴδη

260 1937 419 1979 ποιοῦσι
451 1936 518 1978 καὶ
548 1943 711 1978 τοιαῦτα
742 1938 954 1979 πλάττουσι
985 1936 1052 1978 καὶ
1077 1937 1411 1986 κατασκευάζουσι
1436 1935 1504 1977 καὶ
1529 1943 1811 1991 προσκυνοῦσι·

261 1998 497 2050 φιλοσόφων
530 1996 571 2038 δὲ
603 1997 670 2039 καὶ
701 2001 927 2046 πολιτικῶν,
945 1996 1104 2053 ἀνδρῶν
1136 2003 1460 2052 καταφρονοῦσιν
1485 2000 1583 2038 κτλ.ε
1616 1998 1664 2038 de
1691 1998 1812 2039 Stoic.

260 2073 425 2111 repugn.
449 2060 472 2098 6
500 2072 538 2110 p.
562 2060 676 2099 1034
692 2059 726 2099 B
753 2058 880 2113 δόγμα
900 2057 1091 2111 Ζήνωνός
1123 2057 1228 2099 ἐστιν
1254 2056 1338 2112 ἱερὰ
1364 2062 1473 2099 θεῶν
1497 2056 1551 2111 μὴ
1572 2058 1810 2111 οἰκοδομεῖν·

252 2118 367 2173 ’ἱερὸν
399 2117 472 2173 γὰρ
499 2117 552 2172 μὴ
579 2121 728 2160 πολλοῦ
757 2117 869 2168 ἄξιον
895 2118 962 2159 καὶ
986 2118 1102 2173 ἅγιον
1128 2117 1202 2159 οὐκ
1228 2117 1350 2159 ἔστιν·
1383 2117 1609 2171 οἰκοδόμων
1635 2115 1673 2159 δ’
1696 2117 1812 2172 ἔργον

260 2177 327 2219 καὶ
358 2179 573 2232 βαναύσων
605 2177 724 2219 οὐδέν
755 2178 835 2220 ἐστι
866 2182 1016 2220 πολλοῦ
1048 2177 1172 2228 ἄξιον.
1236 2179 1341 2219 Huic
1367 2181 1628 2230 correcturae,
1661 2193 1741 2231 qua
1771 2179 1813 2218 in

262 2241 461 2291 epitomae
500 2239 633 2279 codice
672 2240 927 2291 Taurinensi,
967 2240 1035 2291 qui
1074 2239 1266 2291 praebeat
1302 2241 1435 2279 omnia
1458 2241 1588 2289 picta,
1618 2240 1681 2279 bis
1714 2253 1813 2292 opus

263 2302 338 2350 est,
367 2300 633 2352 coniungatur
659 2302 818 2351 oportet
843 2301 923 2340 alia
948 2301 1073 2340 totius
1099 2312 1237 2341 uersus
1262 2300 1556 2352 interpretatio.
1612 2301 1814 2340 Nimirum

262 2360 424 2399 minime
450 2359 657 2411 probabile
683 2362 744 2400 est
769 2361 984 2400 simulacra
1010 2361 1176 2400 deorum
1201 2372 1317 2412 posse
1343 2359 1423 2400 dici
1442 2361 1612 2411 peryula
1630 2360 1812 2400 fictorum

262 2421 378 2459 uelut
414 2421 448 2460 si
486 2420 672 2460 dicantur
708 2433 806 2470 opus
843 2421 1044 2460 fictorum:
1083 2434 1177 2461 nam
1214 2421 1382 2474 pergula
1413 2433 1506 2471 pars
1545 2420 1717 2460 aedificii
1748 2421 1812 2460 uel

262 2480 428 2520 taberna
461 2479 533 2531 est,
564 2482 607 2519 in
635 2494 716 2532 qua
741 2481 912 2521 artifices
939 2494 1037 2533 opus
1064 2481 1266 2521 faciebant
1291 2482 1331 2520 et
1356 2481 1498 2521 uenale
1523 2481 1812 2532 proponebant,

263 2541 442 2581 doctores
487 2541 699 2581 docebant:
745 2536 917 2596 (Apellis
954 2542 1121 2594 pergula
1159 2541 1262 2581 Plin.
1297 2543 1378 2580 nat.
1411 2541 1502 2581 hist.
1535 2541 1684 2580 XXXV
1717 2534 1812 2595 84):

264 2601 415 2652 templa
459 2601 620 2652 quidem
661 2602 751 2653 ipsa
794 2604 894 2653 puto
938 2603 1074 2642 uocari
1124 2614 1240 2653 posse
1290 2601 1339 2641 ab
1389 2601 1549 2641 homine
1599 2602 1813 2641 simulacra

265 2661 428 2701 deorum
452 2662 675 2702 insectante
700 2663 887 2714 pergulas
914 2662 1112 2714 opificum,
1145 2663 1260 2715 signa
1290 2663 1380 2713 ipsa
1405 2675 1484 2701 non
1510 2662 1618 2701 item.
1670 2662 1813 2712 Itaque

265 2721 516 2761 scribendum
542 2718 725 2773 ‘pergula
743 2723 935 2771 fictorum
953 2724 1041 2762 ueri
1059 2723 1173 2775 nihil,
1193 2723 1328 2762 omnia
1346 2719 1466 2762 ficta'.
1519 2722 1812 2773 Supplendum:

263 2781 393 2827 habet,
436 2782 609 2821 continet.
684 2782 818 2821 Verba
862 2783 997 2822 eodem
1040 2783 1157 2822 modo
1201 2784 1243 2821 in
1294 2783 1513 2822 enuntiatis
1565 2794 1665 2832 quae
1715 2782 1814 2821 nihil

263 2840 503 2880 uocabulum
545 2841 695 2880 habent
747 2843 894 2882 omissa
944 2844 1037 2882 sunt
1079 2839 1198 2894 Verg.
1231 2841 1329 2881 Aen.
1359 2842 1402 2881 H
1435 2842 1519 2881 287
1567 2839 1650 2880 ‘ille
1695 2839 1810 2881 nihil’

266 2895 401 2954 (Ouid.
427 2902 521 2940 met.
545 2900 583 2938 V
610 2895 686 2955 30)
724 2901 880 2941 Terent.
906 2901 1065 2941 Phorm.
1093 2903 1150 2942 80
1189 2899 1339 2941 ‘noster
1379 2902 1476 2941 mali
1507 2902 1565 2940 nil
1598 2902 1813 2952 quicquam

265 2957 425 3012 primo'.
482 2959 561 3000 Cic.
586 2973 660 3012 pro
691 2956 774 3001 Mil.
804 2962 857 3000 36
894 2958 1010 3001 ‘nihil
1041 2975 1112 3013 per
1142 2961 1227 3001 uim
1256 2974 1448 3012 umquam
1475 2960 1649 3011 Clodius,
1680 2963 1814 3002 omnia

266 3033 338 3073 per
369 3021 459 3060 uim
497 3018 612 3062 Milo’
651 3021 827 3074 Philipp.
853 3021 954 3062 Vm
981 3023 1025 3073 6,
1059 3024 1111 3063 19
1154 3019 1267 3062 ‘satis
1311 3022 1439 3062 multa
1479 3035 1568 3062 cum
1611 3022 1724 3063 Fufio
1745 3070 1747 3072 ‚
1768 3034 1814 3062 ac
