2060 3444
276 271 365 314 274
823 263 977 300 XXVIII
1001 274 1037 298 u.
1067 263 1253 296 τῖε-779

280 384 326 422 fit
356 383 539 421 ballistas
564 382 716 420 iactans
743 372 1033 418 centenarias’'.
1091 374 1257 413 Sisenna
1284 373 1374 412 hist.
1399 371 1467 410 lib.
1492 370 1574 410 Im
1600 366 1813 414 “ballistas

281 444 471 493 quattuor
495 435 790 479 talentarias’'.’
849 436 996 475 Veram
1022 435 1259 484 scripturam
1284 445 1372 471 cum
1401 430 1584 481 duplicil
1609 427 1814 467 Leidensis
1886 429 1888 431 ’

282 502 459 542 seruauit
502 515 552 538 m.
584 502 602 537 1
648 498 814 548 ubique,
858 496 899 534 id
942 497 1001 534 est
1043 496 1120 543 ter,
1165 491 1496 541 Guelferbytanus
1539 485 1815 528 tantummodo

282 577 332 601 m.
364 564 383 600 1
413 563 456 600 in
483 560 671 599 Sisennae
703 557 845 596 uerbis.
910 555 1036 594 Sicuti
1066 553 1231 603 Nonius,
1264 552 1375 591 cuius
1406 551 1590 589 lacunam
1621 546 1816 598 supplem,

285 623 486 670 docuerat,
517 621 576 659 ita
607 619 768 656 Brixius
801 611 870 670 (ad
902 614 1030 653 Plaut.
1058 613 1166 651 Trin.
1195 611 1278 650 668
1313 607 1386 650 ‘ita
1418 611 1477 648 est
1503 621 1624 656 amor,
1654 606 1818 645 ballista

285 684 330 720 ut
354 681 511 728 iacitur,
542 678 599 717 nil
626 678 682 717 sic
707 677 830 715 celere
857 677 917 713 est
947 686 1073 723 neque
1105 665 1251 724 uolat')
1284 670 1327 708 P.
1347 669 1558 720 Langenus
1590 662 1818 720 (Beitraege

286 755 354 779 zur
396 739 531 778 Kritik
574 752 610 776 u.
645 737 753 776 Erkl.
791 736 825 773 d.
859 735 987 773 Plaut.
1013 746 1050 782 p.
1074 725 1177 784 275)
1222 731 1440 770 docuerunt
1483 727 1589 779 apud
1632 726 1818 766 Plautum

288 800 443 839 ballista
476 801 515 837 et
547 798 746 845 catapulta
778 796 826 834 de
857 794 948 833 telis
981 791 1171 841 adhiberi,
1203 803 1281 830 non
1313 789 1361 827 de
1392 787 1602 827 machinis:
1637 786 1741 825 idem
1772 784 1819 824 de

287 859 434 898 Lucilii
464 869 581 896 uersu
614 859 654 895 et
685 856 732 894 de
765 855 952 894 Sisennae
985 853 1209 903 fragmento
1242 850 1416 889 statuere
1442 845 1650 897 oportebit.
1706 844 1821 884 Iubet

284 919 357 957 ille
395 918 532 955 domus
571 917 815 965 expugnator
852 914 960 954 ocius
998 911 1140 951 iactari
1178 922 1272 950 saxa
1311 907 1440 959 pondo
1472 907 1648 955 centum,
1679 903 1821 955 quibus

290 978 450 1016 ianuam
477 977 581 1014 serui
605 974 848 1024 percutiant:
874 974 1021 1012 iactant
1039 971 1329 1018 Lachmannus,
1354 968 1498 1007 rectius
1518 967 1652 1005 tamen
1670 965 1823 1004 ueteres

291 1036 461 1075 editores
497 1036 630 1073 iactas.
674 1055 722 1059 —-
766 1032 867 1081 Quid
903 1032 974 1079 sit?
1012 1031 1116 1069 enim
1139 1028 1438 1084 ‚interrogantis
1477 1027 1533 1065 eri
1572 1027 1631 1064 est
1662 1025 1824 1075 propter

292 1107 422 1135 moras
453 1094 547 1132 irati
573 1093 690 1132 sicuti
716 1106 778 1142 ap.
807 1090 884 1130 cic.
910 1092 952 1129 in
978 1090 1088 1128 Verr.
1115 1089 1171 1127 IV
1202 1091 1267 1133 16,
1297 1089 1349 1126 36
1385 1084 1484 1125 ‘Ede
1509 1086 1608 1124 mihi
1632 1083 1824 1134 scriptum

326 1185 363 1193 ..
389 1154 492 1192 unde
525 1152 697 1203 quidque
735 1148 805 1189 aut
843 1149 983 1200 quanti
1021 1148 1171 1187 emeris.
1234 1146 1337 1193 Quid
1369 1145 1440 1184 fit'?
1473 1156 1716 1196 quamquam
1746 1154 1825 1182 non

294 1214 483 1265 debebam
521 1225 592 1263 ego
631 1211 699 1250 abs
736 1211 775 1248 te
813 1210 885 1248 has
916 1208 1071 1247 litteras
1103 1219 1279 1257 poscere:
1318 1219 1378 1244 me
1416 1206 1521 1243 enim
1545 1204 1705 1243 tabulas
1736 1204 1826 1242 tuas

294 1274 437 1312 habere
483 1274 523 1311 et
565 1271 740 1321 proferre
785 1264 1027 1319 oportebat':
1071 1267 1139 1305 ubi
1183 1266 1277 1305 conf
1311 1265 1555 1314 interpretes.
1629 1262 1827 1302 Lucilium

296 1344 455 1371 narrare
481 1343 582 1381 quae
607 1332 691 1380 ipse
717 1341 842 1379 nuper
867 1327 1032 1379 gesserit
1058 1326 1226 1365 amicam
1252 1325 1345 1362 dum
1371 1323 1503 1362 studet
1524 1322 1657 1361 lenoni
1677 1322 1827 1371 eripere

294 1390 499 1440 probabile
532 1390 601 1428 est.
1211 1414 1216 1420 l

417 1443 526 1488 777.
556 1447 710 1486 Nonius
748 1460 785 1495 p.
808 1447 911 1494 206,
939 1446 992 1483 25
1034 1441 1302 1482 ‘Fulmentum
1330 1474 1336 1480 .
1359 1474 1366 1481 .
1389 1473 1395 1480 .
1422 1442 1613 1480 feminino
1651 1440 1829 1479 Lucilius

295 1507 361 1546 lib.
382 1506 554 1545 XXVIII
587 1503 833 1544 “fulmentas
871 1505 1000 1542 aeneis
1032 1506 1144 1551 atque
1181 1503 1310 1540 aeneis
1342 1497 1616 1539 subducere’'.'
1680 1499 1830 1538 Versus

296 1567 522 1616 corruptus:
553 1564 831 1603 Lachmannus
863 1563 955 1601 dum
986 1563 1119 1600 censet
1144 1562 1273 1599 aeneis
1299 1561 1467 1599 formam
1492 1559 1552 1598 bis
1577 1558 1668 1597 inde
1694 1559 1830 1597 natam

296 1637 392 1675 esse,
423 1623 528 1674 quod
560 1622 746 1661 librarius
778 1621 963 1661 uocabuli
995 1620 1162 1659 alicuius
1194 1619 1301 1669 quod
1333 1620 1447 1658 exeat
1477 1620 1518 1657 in
1551 1630 1617 1658 eus
1648 1617 1831 1657 datiuum

295 1683 491 1734 pluralem
523 1695 732 1733 perperam
763 1680 983 1721 restituerit
1014 1679 1300 1731 orthographia
1324 1679 1543 1718 uetustiore
1569 1690 1648 1728 qua
1679 1679 1734 1717 eis
1758 1689 1831 1728 pro

296 1747 331 1783 is
368 1742 614 1783 scribebatur
651 1742 855 1792 deceptus,
892 1740 1052 1790 scripsit
1087 1739 1219 1778 aeneis
1257 1742 1370 1787 atquc
1407 1739 1583 1778 animeis.
1646 1737 1724 1777 Sed
1751 1736 1829 1789 ful-

296 1806 447 1843 mentas
478 1804 609 1842 aeneis
640 1813 776 1840 uersus
807 1802 868 1839 est
893 1800 1020 1839 exitus
1045 1799 1265 1850 legitimus:
1296 1799 1330 1838 si
1355 1810 1456 1849 quae
1485 1799 1670 1837 secuntur
1695 1793 1831 1846 ‘atque

299 1864 428 1901 aeneis
469 1858 698 1900 subducere'
746 1873 843 1899 sana
887 1861 997 1908 sunt,
1041 1859 1118 1898 duo
1162 1858 1270 1897 fuere
1307 1857 1532 1908 septenarii.
1594 1855 1653 1895 De
1691 1867 1832 1895 amens

300 1921 497 1959 adiectiuo
546 1919 636 1957 uide
685 1919 859 1958 Keilium
909 1917 983 1966 ad·
1010 1916 1147 1955 Caton.
1183 1917 1231 1956 de
1281 1918 1368 1968 agri
1411 1918 1503 1956 cult.
1538 1929 1623 1967 cap.
1659 1915 1752 1955 XIV
1789 1917 1833 1965 23

301 1978 479 2019 cardines
529 1978 685 2016 aeratos
733 1977 927 2014 memorat
975 1977 1113 2014 auctor
1163 1975 1264 2013 Ciris
1315 1988 1352 2013 u.
1381 1977 1478 2014 222.
1526 1996 1576 2002 --·
1622 1975 1834 2024 fulmentas

300 2037 425 2075 Lucil.
456 2035 523 2074 lib.
550 2035 607 2073 IV
633 2048 668 2072 u.
693 2035 778 2073 160
810 2033 894 2072 Cat.
922 2033 968 2072 de
1001 2047 1083 2084 agr.
1110 2034 1203 2072 cult.
1234 2035 1304 2082 14,
1342 2036 1376 2071 1.
1445 2034 1706 2072 fundamenta
1743 2033 1832 2073 sub-

302 2095 441 2133 ducere
475 2093 552 2132 Cic.
580 2092 627 2131 de
657 2093 721 2130 fin.
747 2092 804 2131 IV
832 2093 886 2130 42
914 2094 1009 2130 extr.

425 2147 532 2191 778.
575 2151 729 2189 Nonius
772 2164 808 2201 p.
844 2152 947 2200 390,
980 2152 1006 2189 4
1053 2148 1327 2200 ‘Submittere,
1377 2150 1559 2201 subdere,
1603 2164 1832 2202 supponere.

304 2212 479 2250 Lucilius
516 2210 583 2248 lib.
609 2210 782 2249 XXVIII
821 2207 1063 2249 “submittas
1102 2211 1201 2250 alios
1239 2212 1273 2250 si
1311 2223 1408 2261 quos
1445 2212 1572 2261 possis
1613 2208 1831 2251 censeas’'.’

305 2283 441 2309 censeo
474 2270 508 2307 Ι.
530 2270 669 2308 Dousa
700 2271 769 2319 qui
801 2270 958 2321 elegans
985 2269 1204 2320 asyndeton
1230 2271 1394 2309 sustulit
1418 2272 1589 2309 sermoni
1615 2270 1833 2311 cottidiano

308 2330 574 2380 aptissimum:
607 2330 639 2367 si
672 2342 768 2379 quos
800 2330 926 2379 possis
958 2329 1188 2368 submittere
1229 2330 1313 2368 siue
1345 2342 1503 2369 censeas
1534 2329 1833 2370 submittendos.

306 2388 484 2428 Pertinet
527 2388 577 2426 ad
619 2387 726 2427 istud
769 2389 987 2427 submittere
1029 2389 1070 2427 id
1115 2389 1219 2439 quod
1261 2391 1437 2439 proxime
1478 2389 1658 2440 sequitur
1692 2391 1832 2430 subire.

307 2447 535 2498 Alloquitur
566 2449 753 2497 amicum,
785 2448 967 2487 hortatur
999 2448 1159 2487 domum
1183 2450 1274 2498 eat,
1307 2449 1407 2488 alios
1438 2450 1623 2498 arcessat,
1654 2450 1724 2500 qui
1754 2461 1833 2491 una

307 2507 465 2546 domum
497 2509 732 2558 expugnent.
1785 2510 1802 2550 j

427 2561 535 2606 779.
565 2566 719 2605 Nonius
750 2580 787 2617 p.
810 2568 907 2616 403,
934 2568 987 2606 25
1017 2564 1172 2606 ‘Subire
1199 2568 1398 2619 significat
1416 2568 1581 2619 ingredi.
1632 2567 1833 2619 Vergilius

306 2626 372 2664 lib.
401 2625 500 2664 VIII
538 2619 663 2680 (362)
709 2623 853 2675 “haeo,
902 2627 1051 2678 inquit,
1100 2627 1241 2667 limina
1292 2629 1422 2667 uictor
1462 2628 1622 2668 Alcides
1666 2623 1833 2669 subiit’.'.

306 2685 481 2724 Lucilius
512 2684 580 2723 lib.
601 2685 773 2724 XXVIII
806 2682 949 2736 “pueri
973 2688 1179 2737 praeterea
1202 2688 1349 2727 nostris
1375 2688 1444 2738 qui
1470 2687 1637 2727 subeant
1660 2683 1831 2729 iubet??.'

253 2797 258 2801 ·
305 2743 421 2783 Iubet
451 2745 600 2783 amicus
636 2745 749 2795 pueri
787 2745 918 2784 adsint
948 2747 1094 2785 nostris
1127 2747 1195 2797 qui
1227 2747 1419 2786 auxilium
1454 2748 1587 2786 ferant
1622 2747 1664 2785 in
1695 2746 1833 2789 domu-8

307 2804 616 2855 expugnatione:
643 2804 773 2843 subire
798 2805 1034 2844 uocabulum
1060 2806 1252 2845 militare:
1275 2806 1363 2845 Liu.
1383 2806 1535 2845 XXVII
1555 2808 1593 2855 2,
1616 2807 1638 2844 7
1667 2803 1833 2856 ‘primae

306 2864 454 2914 legioni
483 2863 615 2913 tertia,
647 2863 805 2903 dextrae
838 2865 925 2903 alae
957 2866 1118 2905 sinistra
1155 2865 1294 2915 subiit,
1326 2868 1366 2905 et
1397 2865 1502 2916 apud
1532 2865 1657 2904 hostis
1687 2865 1834 2916 integri

307 2935 331 2961 a
368 2923 478 2961 fessis
516 2935 691 2974 pugnam
729 2921 938 2975 accepere',
975 2926 1072 2964 item
1107 2926 1250 2964 nostris
1285 2938 1355 2975 per
1397 2926 1527 2965 iocum
1563 2925 1737 2974 positum
1775 2926 1834 2963 est

307 2983 424 3020 sicuti
462 2994 580 3032 supra
617 2983 793 3021 ballistas
859 2997 896 3022 u.
926 2985 1006 3022 776
1046 2984 1213 3023 uerbum
1250 2985 1434 3023 militare.
1501 2984 1632 3022 subire
1668 2983 1832 3026 obsceno
