2060 3444
307 204 392 246 114
893 204 978 238 VIII
1002 216 1037 239 u.
1065 208 1264 241 303—305.

306 313 489 367 ‘Fingere
509 318 569 355 est
587 317 749 367 lingere.
802 317 906 365 Viry.
926 317 990 356 lib.
1020 317 1161 356 VIIII
1190 314 1313 356 “cum
1343 319 1457 368 poclo
1565 319 1665 358 abra
1683 318 1840 358 labellis

307 377 470 423 fictrices
490 388 669 427 conpono
697 407 705 414 .
721 408 728 414 .
744 407 752 414 .
773 389 861 415 cum
886 378 956 415 uia
981 378 1242 428 ωλοκοπουμη
1269 372 1346 430 (ita
1367 377 1412 426 L,
1437 380 1698 430 ωλοκοπουμη
1725 374 1839 432 G)''.’

307 435 478 486 Vergilii
509 436 642 474 locum
674 436 770 474 Aen.
791 435 891 474 VIII
918 437 1002 475 633
1030 433 1158 475 ‘illam
1183 437 1302 475 tereti
1326 438 1476 476 ceruice
1501 437 1644 477 reflexa
1668 439 1839 477 mulcere
1895 476 1898 479 ,

305 496 481 534 alternos
520 497 561 534 et
598 508 764 546 corpora
800 496 947 547 fingere
985 493 1138 547 lingua'
1172 496 1362 535 excidisse
1399 496 1660 548 probabiliter
1695 498 1841 536 statuit

306 555 587 594 Stowasserus.
649 555 794 594 Lucilii
831 555 1071 594 uocabulum
1107 557 1266 603 fictricis
1302 557 1408 606 quod
1445 557 1606 596 seruaui
1642 556 1840 607 quomodo

306 614 462 654 Nonius
506 627 530 652 a
578 614 763 666 fingendo
813 615 1025 654 deductum
1068 616 1320 666 explicuerit,
1368 628 1440 654 nos
1482 629 1561 656 non
1604 628 1840 667 quaeremus
1895 646 1898 651 .

305 686 433 724 neque
476 676 612 713 tamen
655 677 716 714 est
760 675 868 724 quod
909 677 1015 714 recte
1058 674 1139 713 fere
1180 675 1375 714 traditum
1412 688 1495 715 esse
1533 678 1573 715 et
1610 677 1840 715 enarratum

307 734 429 773 fuisse
461 747 485 773 a
516 735 778 786 grammatico
810 746 881 773 nos
907 746 1113 786 negemus:
1144 735 1213 784 qui
1238 747 1327 774 cum
1353 749 1389 786 p.
1412 736 1497 774 260
1523 735 1679 774 eosdem
1703 747 1840 775 uersus

305 794 510 832 attulisset
555 794 700 833 accidit
736 794 924 832 uidelicet
965 796 1129 844 propter
1165 794 1512 834 homoeoteleuton
1549 797 1595 834 ut
1630 795 1714 834 illic
1749 796 1842 845 post

306 854 458 892 labellis
487 853 589 892 illud
619 854 777 901 fictricis
807 854 1013 893 excideret.
1076 854 1190 900 Quod
1228 854 1467 893 uocabulum
1497 867 1574 894 non
1606 853 1842 893 mirabimur

281 915 581 963 ,comparantes
614 913 788 952 eiusdem
819 916 961 963 poetae
993 913 1117 952 uerba
1140 914 1287 962 pistrix
1317 915 1557 953 conciliatrix
1593 916 1634 953 et
1664 913 1841 954 eiusdem

304 973 454 1012 formae
480 973 614 1012 Plauti
637 972 890 1012 substantiua
915 973 1087 1012 XXXIII
1113 973 1163 1012 ab
1189 973 1419 1012 Hermanno
1445 974 1608 1013 Rassow
1633 974 1682 1012 de
1707 973 1842 1014 Plauti

307 1032 572 1071 substantiuis
610 1033 778 1072 collecta
811 1046 853 1083 p.
876 1034 960 1072 613
999 1033 1040 1071 in
1079 1033 1220 1083 quibus
1258 1033 1389 1072 r'nulta
1419 1033 1616 1072 uocabula
1646 1034 1740 1072 sunt
1769 1035 1841 1072 aut

307 1092 527 1144 singularia
559 1094 632 1132 aut
661 1105 754 1131 rara
784 1095 832 1132 ut
862 1094 1054 1142 acceptrix
1079 1094 1300 1132 accusatrix
1325 1093 1566 1132 adsentatrix
1590 1093 1841 1132 aduorsatrix

305 1153 479 1191 amatrix
500 1153 649 1191 oratrix
662 1154 910 1201 persuasli·ix
928 1154 1152 1202 suppostrix
1171 1152 1278 1203 quod
1297 1165 1420 1204 genus
1440 1152 1632 1192 adsestrix
1650 1153 1839 1192 Afranius

305 1211 436 1261 habet,
480 1212 551 1250 alii
595 1212 686 1251 alia.
758 1212 911 1251 Fictrix
959 1212 1148 1250 nimirum
1191 1211 1338 1251 dicitur
1379 1213 1565 1251 meretrix
1609 1224 1712 1263 quae
1753 1213 1840 1260 ficto

304 1272 479 1319 suspirat
520 1282 652 1310 amore
691 1266 823 1324 (Lucr.
850 1271 907 1309 IV
942 1266 1088 1323 1192).
1137 1293 1194 1298 -—
1245 1271 1345 1311 Cum
1388 1272 1503 1322 poclo
1546 1272 1638 1310 bibo
1682 1267 1838 1324 eodem]

304 1330 505 1369 amicitiae
549 1330 707 1382 signum
752 1333 793 1370 et
832 1331 1012 1370 caritatis
1056 1333 1103 1370 ut
1146 1331 1348 1382 Aristoph.
1381 1331 1515 1381 Equit.
1551 1331 1663 1370 1289
1708 1331 1837 1370 Plaut.

309 1390 430 1429 Stich.
461 1391 545 1430 730
582 1390 781 1442 Agathiae
819 1403 976 1430 carmen
1019 1390 1095 1429 ΑΡ
1119 1390 1156 1428 V
1177 1391 1263 1430 260
1302 1389 1382 1442 εἰμὶ
1418 1388 1489 1442 μὲν
1532 1389 1580 1430 ού
1623 1389 1837 1442 φιλόοινος·

304 1448 399 1488 ὅταν
441 1444 478 1488 δ’
513 1447 655 1506 ἐθέλῃς
693 1464 738 1501 με
777 1449 991 1501 μεθύσσαι,
1033 1455 1168 1502 πρῶτα
1205 1449 1254 1490 σὺ
1296 1447 1490 1503 γενομένη
1532 1448 1728 1503 πρόσφερε
1772 1448 1838 1489 καὶ

304 1507 473 1561 δέχομαι.
505 1508 542 1548 εἰ
569 1508 643 1562 γὰρ
674 1507 910 1560 ἐπιψαύσεις
939 1511 1024 1557 τοῖς
1053 1509 1232 1562 χείλεσιν,
1266 1507 1396 1550 οὐκέτι
1426 1509 1571 1561 νήφειν
1602 1506 1808 1562 εὐμαρὲς..
1830 1540 1838 1548 .

303 1568 524 1621 πορθμεύει
567 1567 642 1622 γὰρ
682 1567 811 1622 ἔμοιγε
850 1568 960 1617 κύλιξ
997 1567 1103 1622 παρὰ
1141 1574 1214 1609 σοῦ
1251 1567 1293 1608 τὸ
1330 1568 1494 1621 φίλημα.
1531 1590 1589 1596 -
1620 1569 1839 1620 amplector

304 1628 417 1667 labra
453 1628 610 1668 labellis
647 1629 808 1669 fictricis
846 1624 1046 1682 conpono]
1084 1629 1188 1669 Bion
1212 1628 1232 1668 I
1258 1630 1315 1668 40
1347 1627 1401 1677 ὥς
1432 1639 1474 1668 σε
1512 1628 1735 1681 περιπτύξω
1771 1626 1838 1668 καὶ

302 1687 426 1740 χείλεα
456 1688 593 1740 χείλεσι
623 1688 722 1740 μίξω
747 1688 824 1727 ΑΡ
848 1688 885 1726 V
913 1690 995 1727 127
1023 1687 1147 1741 χείλεοὶ
1172 1702 1210 1728 τε
1233 1690 1436 1741 γλυκεροῖς
1461 1687 1598 1741 χείλεσι
1623 1685 1839 1740 συμπιέσας

302 1743 540 1800 Ἀντιγόνης.
574 1770 630 1775 -
663 1748 736 1788 hoc
767 1750 828 1788 est
859 1760 946 1787 cum
978 1749 1091 1799 psolo
1123 1744 1325 1800 copumai]
1350 1750 1665 1799 ψωλοκοποῦμαι
1687 1747 1838 1797 Iunius,

303 1807 407 1857 quod
446 1807 688 1847 uocabulum
726 1808 822 1847 alibi
861 1821 939 1847 non
980 1810 1090 1847 extat
1126 1821 1253 1858 neque
1291 1810 1384 1858 apte
1426 1808 1642 1847 formatum
1677 1807 1839 1846 uidetur

304 1868 400 1917 quia
449 1870 672 1907 commonet
724 1867 908 1907 uocabuli
960 1873 1266 1920 χειροκοποῦμαι
1288 1866 1686 1919 ντραχηλοκοποῠμαι
1734 1879 1837 1918 quae

303 1927 420 1978 longe
452 1927 653 1966 diuersum
685 1927 903 1978 praebeant
933 1939 1103 1967 sensum.
1163 1928 1307 1977 Itaque
1340 1927 1434 1966 dum
1466 1926 1705 1966 uocabulum
1734 1926 1838 1966 illud

304 1987 438 2037 aptius
476 1989 700 2037 enarretur,
743 1987 851 2026 malo
891 1987 1060 2041 scribere
1097 1983 1225 2037 psolo'
1265 1986 1465 2037 copumai:
1509 1984 1758 2034 κοπωθέντες
1799 1985 1842 2026 οἱ

303 2045 497 2098 βάρβαροι
533 2049 581 2102 τῇ
617 2044 772 2102 ἀλήκτῳ
809 2045 1002 2100 συνουσίᾳ
1042 2044 1288 2097 ὑπνώθησαν
1328 2046 1431 2085 Plut.
1464 2045 1608 2084 Parall.
1640 2059 1678 2095 p.
1700 2046 1784 2085 313
1799 2045 1836 2084 Α

305 2107 388 2144 312
405 2105 455 2144 F:
486 2106 611 2156 psolo,
643 2107 689 2145 ut
719 2107 873 2156 scorpio
905 2106 972 2145 lib.
993 2106 1101 2144 XXX
1126 2120 1162 2145 u.
1188 2107 1312 2145 1022.
1363 2104 1472 2151 Quae
1503 2104 1699 2144 uocabula
1729 2104 1836 2155 quod

304 2178 342 2215 p.
364 2165 449 2204 308
477 2164 638 2204 Graecis
663 2165 809 2204 litteris
835 2167 998 2205 exarata
1023 2167 1116 2204 sunt
1139 2166 1181 2203 in
1205 2165 1315 2214 codd,
1341 2177 1420 2204 non
1438 2165 1575 2216 magni
1593 2163 1836 2203 faciendum:

304 2224 396 2263 uide
441 2225 490 2264 ad
531 2225 598 2264 lib.
626 2225 662 2262 V
694 2239 730 2264 u.
762 2226 857 2264 187.
919 2225 1069 2264 Tamen
1112 2224 1184 2264 cod
1226 2224 1430 2264 Leidensis
1473 2224 1720 2274 praestantia
1761 2224 1836 2262 hoc

302 2284 450 2324 Lucilii
479 2285 566 2324 loco
598 2286 754 2336 egregie
786 2284 963 2325 cernitur
993 2286 1104 2324 cuius
1136 2284 1322 2324 librarius
1348 2297 1368 2322 e
1400 2285 1446 2322 Ψ
1465 2284 1602 2322 littera
1631 2284 1702 2322 ma
1729 2282 1835 2334 quod

303 2346 443 2382 natum
468 2344 611 2393 fuerat,
636 2346 741 2384 recte
767 2346 1004 2384 seruauerit:
1030 2343 1137 2395 quod
1163 2344 1298 2383 omisit
1315 2344 1501 2383 librarius
1521 2342 1835 2393 Guelferbytani.

303 2403 350 2441 In
380 2404 545 2454 reliquis
583 2405 641 2443 nil
672 2404 770 2443 sani.
834 2403 1002 2454 Scripsit
1031 2406 1167 2454 poeta:
1205 2416 1295 2442 cum
1330 2403 1526 2454 tentigine
1563 2415 1726 2453 rumpor
1754 2414 1834 2441 non

304 2475 398 2502 curo
428 2463 582 2502 bonane
615 2463 669 2502 sit
699 2477 750 2503 an
782 2464 900 2512 mala,
931 2463 1070 2514 pulcra
1100 2464 1268 2502 honesta
1293 2475 1345 2502 an
1369 2463 1508 2512 turpis.
1558 2462 1605 2500 In
1631 2475 1720 2512 app.
1747 2461 1833 2501 crit.

303 2523 421 2561 adde:
452 2524 551 2562 abra
582 2522 681 2562 codd
706 2537 743 2573 p.
771 2524 868 2562 308.
1769 2558 1771 2560 ,

424 2577 535 2622 305.
567 2582 721 2622 Nonius
753 2596 791 2633 p.
813 2583 918 2631 260,
946 2584 999 2621 29
1040 2580 1304 2633 ‘Conponere,
1342 2582 1590 2633 coniungere.
1625 2612 1631 2619 .
1660 2612 1667 2619 .
1695 2612 1702 2619 .
1727 2580 1833 2620 idem

306 2644 347 2680 in
380 2641 518 2681 eodem
549 2637 784 2695 (praecessit
813 2654 951 2681 uersus
985 2643 1068 2682 303
1096 2636 1196 2695 seq.)
1229 2638 1371 2680 “tvmm
1400 2642 1523 2680 latam
1553 2641 1742 2691 conponit

302 2698 502 2752 pectus''.'
573 2701 633 2740 De
677 2701 813 2740 ordine
856 2701 1072 2752 fragmenti
1114 2703 1296 2740 constare
1337 2713 1416 2740 non
1458 2712 1573 2750 posse
1610 2700 1832 2750 expositum

304 2763 365 2800 est
400 2761 578 2812 prolegg.
604 2775 641 2811 p.
660 2760 777 2799 XCV.
818 2782 873 2787 —
914 2760 1017 2799 Conf
1048 2761 1125 2799 ΑΡ
1148 2760 1186 2798 V
1214 2762 1296 2799 127
1338 2757 1476 2812 στέρνα
1517 2757 1605 2812 περὶ
1647 2756 1833 2813 στέρνοις,

305 2823 436 2875 μαστῷ
468 2814 505 2859 δ’
534 2818 597 2859 ἐπὶ
627 2819 779 2872 μαστὸν
808 2818 958 2873 ἐρείσας
988 2819 1112 2872 χείλεά
1142 2834 1181 2859 τε
1210 2821 1415 2872 γλυκεροῖς
1449 2818 1586 2871 χείλεσι
1617 2816 1833 2870 σνμπιέσας

301 2875 529 2932 Ἀντιγόνης
552 2878 619 2918 καὶ
643 2884 769 2932 χρῶτα
793 2877 926 2931 λαβὼν
950 2884 1178 2933 προσχρῶτα
1201 2881 1279 2918 κτλ.
1305 2879 1409 2918 latus
1433 2891 1536 2928 quae
1557 2891 1648 2929 pars
1672 2879 1831 2928 proprie

304 2939 356 2976 sit
387 2939 575 2988 corporis,
606 2952 651 2977 ex
682 2939 756 2978 hoc
787 2951 906 2978 uersu
936 2939 1202 2990 intellegitur:
1233 2951 1360 2988 neque
1391 2939 1495 2976 enim
1526 2939 1656 2976 totum
1687 2949 1830 2988 corpus
