2060 3444
275 307 362 349 310
758 300 1046 338 XXVI-XXIX
1070 312 1106 335 u.
1134 303 1324 337 946—950

276 419 486 459 tremescat
504 419 631 457 Roma
651 418 691 456 et
715 428 884 467 magnae
909 414 1153 454 mandonum
1178 409 1357 465 gulae’'.'
1402 413 1652 452 Vocabulum
1671 413 1815 452 mando

276 479 435 530 proprie
468 479 528 517 est
557 477 829 516 Lucilianum:
861 487 907 513 ex
941 474 1095 514 Lucilio
1127 474 1299 524 sumpsit
1327 473 1457 512 Varro
1488 485 1625 512 uersus
1654 471 1816 512 exitum.

396 533 508 578 947.
541 537 692 576 Probus
732 537 860 575 instit.
886 535 960 574 art.
988 533 1056 573 GL
1081 533 1139 572 IV
1165 547 1202 584 p.
1231 534 1299 583 67,
1327 532 1432 573 31Κ
1470 533 1518 572 de
1557 534 1739 573 austerus
1776 534 1818 572 et

278 599 447 638 austeris
478 598 607 636 forma
639 593 759 635 ‘nunc
790 608 879 634 cum
911 595 1020 633 dicat
1045 593 1222 632 Lucilius
1256 590 1651 632 “austerissimamm
1678 592 1818 632 herba-

278 673 366 698 rum
398 670 510 697 sucos
542 652 819 707 exprimebat’'
859 655 999 705 utique
1035 655 1116 692 iam
1159 650 1287 693 “hic”
1326 653 1391 692 uel
1435 649 1565 692 “haec
1602 649 1819 703 austeris”,

278 732 358 758 non
390 715 486 756 “hic
518 712 730 756 austerus’'
762 716 891 754 facere
924 710 1246 753 demonstratur'.
1308 713 1400 752 Non
1431 714 1492 752 est
1523 713 1628 763 quod
1659 712 1819 752 dubites

279 779 328 818 de
365 779 525 817 auctore
562 777 679 815 huius
716 787 853 814 uersus
895 787 1015 824 quem
1058 775 1329 825 septenarium
1372 785 1455 812 esse
1499 774 1534 811 si
1575 785 1717 813 reuera
1759 775 1820 813 est

241 839 243 841 ’
280 838 428 877 Lucilii
459 838 767 876 consentaneum
799 837 860 874 est
884 834 962 874 nisi
988 833 1094 884 quod
1118 833 1305 873 ultimum
1330 833 1567 872 uocabulum
1592 833 1822 872 mutauerat

280 897 582 950 grammaticus:
621 897 707 934 iure
738 897 799 934 ita
828 894 1001 934 iudicari
1037 894 1189 933 euincit
1225 894 1333 932 iusta
1369 905 1471 944 quae
1509 893 1646 932 euadit
1681 905 1821 933 uersus
1859 887 1861 889 ¹

282 970 454 998 caesura.
532 955 752 1007 Suspiceris
794 954 994 994 Lucilium
1038 954 1241 1004 scripsisse
1286 954 1515 1003 exprimeret
1561 949 1734 1005 <uaser>
1781 954 1822 993 et

282 1019 410 1070 egisse
442 1016 489 1056 de
520 1015 671 1055 medico
701 1016 771 1065 qui
797 1014 1000 1054 absinthia
1023 1015 1130 1053 tetra
1153 1014 1326 1064 porrigit
1351 1012 1662 1064 aegrotantibus.
1709 1012 1822 1053 Gom-

282 1077 444 1129 parauit
466 1078 549 1115 iam
575 1076 842 1115 Stowasserus
868 1073 970 1114 stud.
990 1073 1159 1113 Vindob.
1182 1073 1240 1112 IV
1268 1073 1380 1112 1882
1407 1086 1447 1124 p.
1476 1073 1558 1112 135
1585 1073 1743 1112 Petron.
1764 1073 1819 1112 88

283 1135 435 1187 ‘itaque
472 1136 685 1175 herbarum
722 1135 898 1175 omnium
937 1146 1052 1174 sucos
1090 1132 1342 1173 Democritus
1381 1129 1588 1183 expressit'
1628 1134 1698 1183 qui
1735 1130 1824 1186 περὶ

286 1202 421 1249 χυμῶν
466 1197 669 1246 scripserit
705 1195 821 1246 Diog.
852 1194 985 1233 Laert.
1010 1194 1067 1232 IX
1094 1194 1148 1232 46
1186 1193 1446 1243 Theophrast.
1479 1192 1527 1232 de
1559 1205 1664 1232 caus.
1696 1193 1823 1243 plant.

286 1258 342 1295 VI
355 1260 392 1306 1,
407 1258 443 1295 6.
477 1255 778 1306 Superlatiuum
797 1254 1088 1294 austerissimus
1108 1252 1240 1292 adfert
1258 1253 1409 1292 Neuius
1429 1252 1477 1292 de
1490 1252 1628 1291 formis
1642 1252 1667 1292 l».
1681 1252 1825 1292 Lat-H

286 1317 380 1355 edit.
413 1316 474 1355 m
510 1329 548 1366 p.
584 1317 666 1355 189
718 1327 765 1354 ex
815 1313 1022 1353 Scribonio
1071 1313 1203 1364 Largo
1238 1314 1320 1351 142
1371 1311 1552 1364 Gargilio
1594 1325 1633 1363 p.
1662 1313 1765 1363 193,
1799 1313 1823 1352 3

287 1377 407 1416 Rosei
438 1376 539 1415 aliis.

405 1430 518 1475 948.
550 1435 706 1474 Nonius
731 1448 769 1485 p.
793 1435 860 1483 94,
882 1435 906 1472 5
939 1446 987 1473 ex
1011 1433 1275 1484 grammatico
1302 1429 1578 1483 ‘cocsendicas,
1604 1444 1722 1472 coxas
1747 1426 1826 1485 (ita

291 1493 490 1544 Guelferb.
523 1494 752 1534 cocsendica
790 1506 887 1533 coxa
923 1488 1055 1547 Leid.)
1095 1493 1273 1531 Lucilius
1313 1489 1463 1542 “caput
1501 1493 1602 1532 colos
1646 1494 1827 1532 temtatur

287 1551 528 1609 (temptatur
561 1548 792 1607 Guelferb.),
822 1555 986 1593 truncus
1017 1552 1236 1592 sustinetur
1265 1565 1292 1591 a
1323 1548 1666 1592 eocsendieibus’'.’
1730 1551 1826 1591 Tra-

288 1615 417 1654 ctauit
452 1615 557 1654 hunc
592 1626 751 1654 uersum
789 1612 1035 1653 Godofredus
1071 1613 1323 1652 Hermannus
1361 1613 1403 1651 in
1440 1613 1565 1663 praef.
1604 1611 1654 1651 ad
1691 1611 1828 1652 Plauti

288 1675 504 1714 Bacchides
529 1688 567 1725 p.
587 1674 636 1723 V,
662 1673 731 1725 qui
756 1673 930 1713 contulit
953 1672 1092 1712 Isidor.
1118 1674 1216 1725 orig.
1242 1673 1300 1711 XI
1327 1675 1364 1722 1,
1393 1673 1445 1711 72
1475 1669 1672 1711 ‘Truncus
1697 1671 1830 1711 media
1877 1653 1885 1666 x

289 1747 381 1786 pars
402 1735 576 1785 corporis
596 1747 621 1773 a
640 1734 742 1773 collo
761 1746 888 1783 usque
908 1732 959 1772 ad
976 1734 1154 1785 inguina.
1187 1732 1234 1772 de
1255 1745 1333 1783 quo
1352 1731 1539 1785 Nigidius
1555 1728 1708 1783 “caput
1726 1731 1829 1772 collo

290 1796 460 1844 uehitur,
495 1796 657 1833 truncus
690 1794 908 1833 sustinetur
939 1794 1045 1832 coxis
1077 1795 1118 1831 et
1149 1793 1314 1845 genibus
1347 1788 1664 1843 cruribusque''.’
1729 1790 1835 1831 Gonf

292 1854 488 1893 Swoboda
523 1853 571 1892 de
605 1853 770 1905 Nigidio
801 1865 839 1903 p.
868 1854 964 1892 130.
1028 1852 1197 1903 Scripsit
1234 1852 1503 1892 Hermannus:
1543 1849 1671 1891 ‘Collo
1709 1852 1832 1904 caput

292 1915 541 1953 sustentatur
571 1915 734 1952 truncus
766 1914 985 1951 sustinetur
1016 1909 1322 1951 coxendicibus'.
1371 1912 1594 1951 Hermanni
1618 1911 1830 1951 lectionem

292 1973 479 2023 probauit
508 1972 797 2012 Lachmannus.
853 1971 1067 2010 Muellerus
1098 1972 1141 2010 in
1172 1973 1456 2010 commentario
1488 1971 1595 2022 apud
1624 1971 1832 2023 Nigidium

296 2034 377 2084 legi
410 2034 548 2071 auctor
579 2033 641 2070 est
670 2034 920 2079 sustentatur,
950 2030 1040 2070 ideo
1072 2031 1177 2081 quod
1209 2030 1283 2070 cod
1312 2030 1457 2070 Isidori
1482 2030 1680 2071 Guelferb.
1711 2031 1833 2070 habet

294 2094 537 2140 sustentetur,
568 2104 657 2130 cum
687 2090 862 2130 habeant
890 2091 1115 2140 sustinetur,
1145 2093 1364 2130 sustenetur
1393 2090 1555 2140 reliqui3
1586 2090 1693 2129 idem
1725 2089 1832 2141 apud

294 2151 493 2190 Lucilium
524 2150 675 2189 deleuit
704 2151 750 2189 ut
781 2151 978 2201 glossema
1007 2150 1131 2189 uerba
1156 2151 1369 2189 sustinetur
1393 2162 1419 2189 a
1445 2151 1485 2188 et
1509 2150 1671 2201 scripsit
1696 2147 1834 2200 ‘caput

295 2207 395 2262 <ut>
433 2210 534 2249 collo
573 2211 838 2260 sustentatur,
879 2211 1045 2249 truncus
1087 2207 1394 2249 coxendicibus'.
1462 2210 1548 2262 Ego
1585 2209 1834 2249 Lachmanni

297 2270 512 2310 editionem
549 2269 660 2320 sequi
697 2270 839 2320 malui,
879 2270 1061 2320 quamuis
1092 2270 1274 2322 legitima
1306 2271 1441 2309 careat
1473 2282 1612 2309 uersus
1650 2282 1833 2309 caesuraz

297 2342 377 2381 qua
407 2330 448 2368 in
485 2342 528 2368 re
565 2331 811 2381 septenarius
846 2329 921 2369 iste
959 2330 1123 2369 minime
1162 2331 1223 2369 est
1259 2330 1474 2382 singularis
1514 2324 1627 2384 (uide
1662 2328 1832 2368 indicem

297 2403 462 2442 gramm.
495 2402 524 2428 s.
556 2403 593 2428 u.
625 2384 898 2443 septenarius).
969 2390 1101 2428 Verba
1144 2391 1237 2428 collo
1280 2391 1399 2438 caput
1440 2402 1531 2429 cum
1574 2390 1656 2428 sint
1699 2391 1834 2440 aperte

297 2451 530 2499 transiecta,
573 2449 648 2488 hoc
691 2449 778 2489 loco
820 2450 967 2488 iterum
1008 2450 1177 2489 traicere
1213 2461 1284 2489 suo
1321 2451 1407 2488 iure
1445 2449 1591 2499 aliquis
1629 2449 1756 2500 possit
1788 2450 1836 2488 ut
1902 2491 1908 2494 ,

298 2509 496 2549 scribatur
546 2505 593 2548 ‘c.
637 2521 668 2547 c.
712 2510 976 2559 sustentatur,
1033 2509 1250 2549 sustinetur
1303 2511 1470 2548 truncus
1527 2506 1834 2548 coxendicibus’.

300 2569 480 2608 Similem
510 2570 747 2607 sententiam
777 2568 951 2619 protulit
979 2571 1099 2619 poeta
1129 2569 1196 2607 lib.
1222 2568 1281 2607 IV
1306 2582 1343 2607 u.
1373 2569 1453 2607 161
1471 2581 1551 2619 seq.

419 2623 532 2668 950.
566 2627 725 2667 Seruius
758 2628 810 2667 ad
833 2627 1031 2668 Aeneidos
1055 2629 1076 2667 Ι
1103 2629 1183 2667 181
1221 2625 1395 2668 ‘Anthea
1421 2629 1455 2667 si
1480 2625 1612 2679 quem’
1641 2659 1648 2666 .
1670 2658 1678 2666 .
1701 2659 1709 2666 .
1737 2625 1836 2667 ‘Aut

301 2689 406 2726 certe
438 2683 618 2738 “quem''
652 2689 782 2736 uacat,
811 2689 859 2726 ut
889 2687 1069 2738 superius
1100 2688 1271 2727 diximus
1301 2690 1401 2728 istas
1432 2689 1660 2739 frequenter
1693 2700 1835 2727 uacare

300 2747 529 2797 particulas.
583 2748 631 2786 ut
659 2748 745 2798 ipse
775 2747 979 2799 Vergilius
1011 2742 1065 2802 (X
1091 2743 1197 2801 861)
1231 2745 1397 2787 “Rhebe
1429 2748 1509 2798 diu,
1532 2760 1595 2787 res
1627 2748 1743 2798 siqua
1767 2747 1836 2786 diu

302 2807 539 2845 mortalibus
576 2807 660 2845 ulla
697 2803 802 2846 est''.
868 2819 984 2846 nemo
1022 2808 1128 2846 enim
1165 2807 1264 2846 dicit
1302 2805 1449 2858 “siqua
1486 2804 1617 2857 ulla’',
1663 2807 1732 2847 sed
1769 2804 1837 2846 “si

302 2862 429 2904 ulla’':
473 2867 593 2905 uacat
628 2879 720 2917 ergo
766 2863 922 2916 “qua’'.
983 2866 1081 2905 item
1114 2867 1156 2905 in
1192 2867 1348 2906 Lucilio
1393 2864 1460 2906 “et
1502 2880 1613 2916 quem
1649 2866 1837 2918 Pamphi-

302 2926 387 2963 lum
419 2922 621 2975 quaeris’',
654 2922 828 2975 “quem'’
861 2928 998 2965 uacat:
1028 2939 1122 2965 nam
1152 2927 1201 2965 de
1230 2940 1309 2966 uno
1341 2923 1607 2977 loquebatur'.
1656 2926 1838 2965 Adnotat

303 2984 597 3023 Lachmannus:
636 2982 760 3024 ‘Haec
796 2998 875 3024 non
912 2986 1101 3025 uidentur
1136 2998 1220 3025 esse
1249 2986 1413 3036 Lucilii,
1455 2986 1523 3026 sed
1560 2987 1754 3035 Terentii,
1791 2998 1838 3024 ex

305 3042 462 3093 Hecyra
493 3038 620 3097 (804)
645 3044 682 3081 V
709 3046 748 3094 3,
775 3046 813 3094 6,
855 3046 1041 3094 hospitem
1084 3057 1235 3094 ecquem
1270 3046 1522 3096 Pamphilum
1557 3046 1640 3084 Hic
1677 3042 1836 3085 habes?
