2060 3444
863 260 915 298 IV
939 272 976 297 u.
1006 263 1205 298 173-179,
1745 260 1800 304 77

247 376 385 416 Etiam
414 375 491 415 hoc
521 375 609 415 loco
642 388 732 415 cum
763 375 918 415 Nonius
950 376 1094 428 legerit
1125 376 1197 416 ubi
1226 376 1271 415 in
1302 387 1375 416 sua
1409 374 1602 426 editione,
1634 375 1802 416 Verrius

246 438 287 476 et
316 436 545 477 Priscianus
576 437 699 482 homo,
733 436 880 487 duplex
909 437 982 476 illa
1014 436 1062 476 de
1096 449 1176 487 qua
1207 437 1361 488 egimus
1388 436 1439 475 ad
1463 436 1532 475 lib.
1557 436 1621 476 111
1646 449 1686 476 u.
1716 437 1799 476 106

245 496 304 536 IV
329 510 367 536 u.
398 497 480 536 163
507 496 655 536 Lucilii
687 496 999 548 deprehenditur
1023 496 1165 536 editio:
1197 496 1331 535 Verrii
1356 496 1493 536 Flacci
1523 496 1693 537 editioni
1729 510 1801 537 nos

245 558 375 610 magis
413 557 617 597 credemus
655 570 778 608 quam
808 557 932 597 Nonii
962 558 1156 597 Marcelli.
1218 557 1278 596 De
1315 570 1531 608 puerorum
1568 570 1704 597 amore
1741 558 1802 597 in-

244 617 384 670 tellegi
424 617 542 657 debet
584 630 723 658 uersus
759 631 878 669 quem
914 618 974 658 ita
1010 618 1093 657 fere
1131 617 1175 657 in
1211 617 1392 657 ordinem
1429 619 1651 657 sententiae
1696 631 1801 657 com-

244 690 371 730 ponas
405 674 671 718 ‘meretricem
702 678 872 718 fetidam
909 680 951 718 et
987 680 1146 730 turpem
1185 679 1425 718 consectaris
1465 679 1536 718 aut
1572 680 1801 718 matronam

246 751 336 778 cum
366 739 545 790 periculo
579 740 755 790 corporis
788 741 828 779 et
859 739 1009 789 famae,
1047 750 1234 779 concessa
1264 751 1409 778 uenere
1444 739 1506 777 uti
1543 751 1634 778 cum
1671 739 1800 789 possis

245 812 415 850 cumque
459 799 525 838 hic
568 801 652 839 tam
696 800 922 839 formonsus
965 799 1085 839 homo
1131 793 1243 854 (uide
1274 798 1342 838 lib.
1370 799 1428 838 XI
1451 812 1488 838 u.
1517 794 1625 854 419)
1671 812 1716 838 ac
1759 801 1800 838 te

245 859 389 912 dignus
422 854 534 914 (uide
566 860 634 899 lib.
660 860 857 899 XXVHH
882 874 919 899 u.
948 854 1055 915 890)
1086 860 1245 911 puellus
1275 861 1329 899 sit
1352 861 1527 911 praesto,
1557 859 1732 911 impetus
1758 860 1801 899 in

245 933 365 971 quem
396 917 496 960 fiat'.

368 974 478 1021 174.
509 981 666 1020 Nonius
698 994 736 1032 p.
764 981 863 1031 458,
892 980 916 1019 5
952 977 1118 1020 ‘Sumen
1153 980 1316 1032 proprie
1348 993 1373 1019 a
1411 979 1588 1033 sugendo
1627 980 1799 1020 dictum:

244 1054 339 1080 nam
370 1043 411 1080 et
441 1041 620 1080 mulieris
657 1054 875 1081 mammam
912 1053 1052 1080 sumen
1088 1042 1244 1081 ueteres
1283 1040 1363 1080 dici
1401 1041 1557 1080 uolunt.
1619 1041 1799 1081 Lucilius

244 1103 473 1152 satyrarum
497 1101 565 1141 lib.
585 1101 670 1140 m]
702 1098 843 1152 “quod
868 1101 903 1141 si
923 1132 932 1140 .
954 1133 962 1140 .
984 1132 992 1140 .
1012 1103 1250 1151 maneatque
1275 1113 1392 1141 sucus
1418 1102 1569 1141 lacerto
1596 1104 1631 1141 et
1654 1114 1800 1141 memus

242 1163 355 1201 uberi
374 1193 382 1201 .
404 1192 412 1200 .
435 1192 443 1200 .
463 1159 630 1201 sidat''.'
684 1161 979 1213 Comparantur
1009 1162 1196 1201 mulieres
1229 1175 1321 1202 cum
1345 1163 1492 1213 pueris.
1542 1162 1691 1201 Mulier
1718 1175 1799 1202 non

244 1216 312 1277 (de
343 1221 480 1262 nullus
510 1235 583 1274 pro
614 1234 695 1262 nou
719 1223 813 1262 uide
839 1222 891 1261 ad
922 1222 991 1262 lib.
1017 1223 1093 1261 XV
1117 1237 1155 1262 u.
1185 1218 1291 1278 507)
1317 1224 1453 1274 potest
1478 1235 1562 1262 esse
1587 1225 1673 1262 tam
1699 1223 1798 1262 duro

243 1294 407 1334 corpore
439 1295 560 1334 quam
592 1284 709 1334 pueri
738 1285 832 1323 sunt
867 1277 983 1337 (conf
1009 1282 1078 1322 lib.
1104 1283 1207 1322 Vm
1230 1297 1271 1322 u.
1300 1284 1384 1323 297
1427 1280 1567 1334 ‘puero
1606 1278 1799 1338 similis’):

242 1344 380 1382 tamen
410 1343 523 1383 illam
556 1343 655 1383 dicit
687 1355 771 1383 esse
802 1344 1049 1383 laudandam
1079 1343 1181 1395 ideo,
1215 1343 1324 1394 quod
1354 1344 1451 1383 licet
1481 1344 1685 1395 pepererit
1715 1357 1797 1383 ma-

242 1405 338 1443 neat
368 1415 486 1443 sucus
524 1404 595 1455 qui
625 1405 776 1444 lacerto
815 1406 876 1444 est
912 1406 1050 1444 tenero
1088 1406 1129 1443 et
1168 1404 1276 1455 quod
1311 1416 1456 1444 manus
1493 1417 1655 1455 pessum
1692 1404 1799 1443 sidat

242 1458 410 1519 (Lucan.
435 1464 500 1503 [Π
526 1459 632 1520 674)
682 1465 855 1504 lactanti
903 1465 947 1503 in
1002 1465 1174 1504 sumine:
1232 1465 1328 1504 conf
1372 1465 1548 1504 Martial.
1575 1464 1671 1503 XIV
1700 1466 1796 1504 134.

241 1524 385 1575 Itaque
411 1525 586 1576 papillas
613 1527 653 1565 et
677 1525 856 1565 bracchii
880 1525 1094 1564 mollitiem
1118 1527 1325 1576 praestare
1350 1538 1431 1564 non
1456 1527 1649 1575 poterunt
1670 1526 1796 1575 pueri.

244 1584 391 1624 Sumen
421 1585 577 1624 lactans
609 1585 757 1625 dicitur
785 1586 876 1625 ideo
910 1585 1017 1636 quod
1047 1586 1110 1624 lac
1134 1587 1269 1636 potest
1293 1585 1483 1636 praebere
1507 1585 1731 1625 infantibus
1758 1587 1799 1625 et

241 1645 446 1696 praebuit,
490 1658 571 1685 non
614 1645 703 1685 ideo
748 1645 855 1696 quod
897 1659 1004 1685 nunc
1047 1645 1231 1697 praebet:
1272 1648 1480 1697 comparat
1515 1645 1560 1684 L.
1580 1646 1797 1686 Muellerus

244 1703 389 1744 Catull.
415 1705 546 1744 LXIV
574 1706 628 1745 65
669 1703 765 1745 ‘non
802 1707 922 1745 tereti
959 1706 1139 1757 strophio
1181 1706 1367 1745 lactentis
1410 1707 1548 1745 uincta
1591 1703 1796 1757 papillas'.

244 1764 369 1805 Sucus
401 1767 463 1805 est
496 1763 596 1813 ὀπὸς
632 1764 737 1819 ἥβης
767 1766 839 1806 AP
863 1766 900 1803 V
928 1767 1027 1816 257,
1055 1769 1099 1805 1:
1135 1767 1196 1805 ita
1228 1767 1387 1806 Terent.
1414 1767 1516 1805 Eun.
1545 1767 1630 1806 318
1672 1764 1797 1806 ‘color

241 1838 373 1877 uerus,
399 1838 541 1877 corpus
568 1826 743 1866 solidum
769 1829 810 1866 et
835 1828 920 1866 suci
950 1823 1142 1878 plenum’.
1187 1827 1320 1878 Priap.
1349 1827 1403 1866 32
1419 1827 1472 1866 B:
1506 1824 1612 1866 ‘uuis
1645 1827 1797 1867 aridior

242 1886 380 1937 puella
409 1887 538 1937 passis
565 1918 573 1925 .
595 1917 604 1926 .
625 1918 633 1926 .
660 1899 764 1938 quae
796 1900 889 1926 suco
923 1889 1033 1927 caret
1063 1901 1190 1938 usque
1220 1887 1352 1938 putris
1382 1884 1556 1938 pumex'.
1607 1887 1668 1926 Ex
1703 1900 1796 1927 con-

241 1946 433 1986 iunctiuis
464 1949 636 1998 apparet
666 1947 908 1987 sententiam
939 1960 1019 1988 non
1054 1960 1137 1987 esse
1169 1947 1318 1986 Lucilii
1356 1947 1425 1998 qui
1461 1959 1678 1999 puerorum
1715 1948 1797 1988 fuit

241 2008 408 2059 amator,
423 2055 427 2061 ἡ
441 2008 510 2047 sed
542 2008 644 2047 alius
676 2008 896 2048 cuiusdam.
949 2005 1088 2048 ‘Nulla
1119 2010 1254 2059 potest
1278 2005 1459 2047 mulier':
1491 2008 1630 2048 eadem
1657 2009 1795 2048 eodem

241 2067 382 2107 ordine
413 2068 537 2107 uerba
567 2069 758 2121 leguntur
791 2067 936 2108 Oatull.
963 2068 1190 2108 LXXXVII
1219 2071 1255 2108 1.
1286 2090 1336 2096 —
1366 2070 1439 2120 qui
1476 2081 1592 2108 sucus
1627 2070 1795 2109 lacerto:

239 2128 334 2167 uide
364 2128 445 2167 ind.
472 2141 638 2181 gramm.
666 2141 695 2168 s.
721 2143 758 2168 u.
786 2129 950 2180 ellipsis.

365 2183 475 2229 177.
507 2189 664 2228 Nonius
694 2203 733 2240 p.
762 2191 861 2240 231,
889 2190 913 2228 8
949 2186 1102 2229 ‘Vectis
1134 2191 1294 2242 generis
1328 2189 1552 2229 masculini.
1614 2190 1794 2230 Lucilius

240 2249 469 2299 satyrarum
492 2249 560 2288 lib.
580 2249 665 2288 Im
697 2246 780 2289 “ne
805 2251 996 2300 ayitarem
1020 2263 1143 2290 manu
1166 2252 1213 2289 tu
1230 2251 1419 2300 pessulus
1444 2252 1485 2289 et
1508 2251 1614 2289 hunc
1639 2252 1795 2290 uectem

240 2310 368 2359 possis
401 2309 535 2348 cuneis
566 2306 713 2358 ipso”.’
771 2310 972 2361 Loquitur
1001 2323 1083 2351 non
1113 2311 1258 2353 mulier
1289 2324 1310 2350 e
1340 2310 1526 2350 fenestris
1559 2323 1650 2350 cum
1681 2311 1793 2350 adul-

240 2370 327 2408 tero
358 2381 487 2420 neque
520 2370 700 2410 seruolus
732 2383 822 2410 cum
853 2384 920 2410 ero
953 2372 1024 2422 qui
1056 2370 1207 2411 amicae
1239 2371 1349 2411 aedis
1385 2373 1689 2423 expugnaturus
1727 2373 1791 2422 sit,

241 2429 311 2468 sed
346 2430 395 2468 ut
432 2442 453 2468 e
490 2430 685 2470 uocabulo
721 2432 929 2480 pessulum
965 2432 1216 2484 intellegitur
1254 2432 1373 2471 homo
1419 2433 1490 2482 qui
1533 2444 1581 2471 ex
1624 2431 1791 2471 aedibus

241 2489 361 2528 clusis
393 2489 498 2529 exire
531 2493 709 2530 conatur.
762 2488 956 2542 ‘Vereor',
987 2492 1131 2543 inquit,
1165 2489 1229 2531 ‘ne
1255 2492 1412 2544 agitare
1437 2504 1560 2531 manu
1584 2494 1630 2531 tu
1655 2505 1790 2543 pessu-
1845 2487 1848 2490 ⁴

240 2549 326 2588 lum
351 2551 391 2589 et
414 2549 517 2590 hanc
543 2563 665 2601 quam
689 2552 872 2591 uidemus
898 2565 1028 2592 seram
1052 2553 1199 2603 possis:
1225 2553 1362 2592 cuneis
1387 2564 1487 2603 opus
1514 2549 1618 2591 erit'.
1653 2552 1791 2592 Vectis

240 2609 347 2648 idem
375 2612 436 2649 est
459 2610 534 2650 hoc
559 2611 647 2650 loco
673 2614 796 2662 atque
822 2625 910 2652 sera
936 2614 1056 2652 sicuti
1079 2613 1122 2651 in
1141 2612 1315 2665 Vergilii
1339 2612 1427 2652 loco
1449 2607 1566 2667 (Aen.
1582 2612 1662 2651 VH
1683 2607 1791 2667 609)

242 2682 361 2719 quem
390 2670 546 2710 Nonius
571 2671 598 2710 1.
625 2684 654 2710 s.
681 2684 710 2711 s.
746 2672 879 2712 adfert
918 2669 1093 2712 ‘centum
1132 2674 1240 2712 aerei
1276 2672 1469 2712 claudunt
1505 2669 1654 2712 uectes'
1693 2672 1792 2711 belli

241 2731 388 2779 portas.
420 2730 662 2771 Prudentius
684 2734 824 2771 contra
843 2732 1068 2782 Symmach.
1088 2733 1110 2772 I
1131 2734 1185 2772 65
1202 2745 1309 2784 seqq.
1331 2727 1388 2788 (p.
1411 2734 1497 2773 220
1517 2733 1566 2772 ed
1578 2728 1790 2787 Dresselii)

243 2786 374 2829 ‘Nunc
404 2790 557 2831 foribus
589 2791 734 2842 surdis,
766 2805 854 2832 sera
886 2805 985 2842 quas
1010 2794 1078 2832 uel
1102 2793 1286 2844 pessulus
1312 2793 1412 2832 artis
1437 2792 1619 2832 firmarat
1643 2793 1791 2843 cuneis,

240 2862 313 2900 per
342 2852 494 2890 tectum
525 2851 638 2891 diues
670 2849 840 2892 amator'
869 2866 900 2892 e.
921 2866 958 2903 q.
979 2865 1008 2892 s.

365 2904 475 2952 179.
506 2911 662 2951 Nonius
694 2925 714 2951 e
745 2914 866 2963 poeta
895 2914 984 2964 ipso
1016 2926 1054 2964 p.
1081 2914 1181 2967 477,
1208 2914 1233 2952 8
1268 2910 1551 2952 ‘Manducatur
1580 2926 1653 2964 pro
1678 2926 1789 2952 man-

241 2969 372 3009 ducat.
407 3001 414 3009 .
436 3001 444 3008 .
467 3002 474 3010 .
494 2971 673 3011 Lucilius
704 2975 933 3024 satyrarum
964 2973 1030 3012 lib.
1057 2973 1141 3012 ΠΠ
1174 2970 1441 3024 “adsequitur
1469 2985 1593 3022 neque
1613 3005 1620 3012 .
1643 3005 1650 3013 .
1674 3005 1680 3013 .
1701 2985 1789 3013 con-

239 3031 522 3070 manducatam
561 3029 754 3071 totum”.'
823 3033 936 3072 Idem
979 3046 1026 3073 ex
1070 3035 1333 3085 grammatico
1371 3047 1408 3085 p.
1436 3035 1541 3085 478,
1576 3035 1630 3074 33
1672 3032 1788 3074 ‘Con-
