2060 3444
53 1134 91 1182 5ιὶ

757 278 887 314 incert.
916 279 993 314 sed.
1020 290 1055 314 u.
1068 296 1071 298 ’
1086 281 1332 314 1844-1347,
1725 276 1814 319 429

267 406 345 444 quo
379 391 636 432 Casaubonus
675 394 716 431 et
752 392 916 431 Iahnius
956 404 1046 431 cum
1078 392 1244 431 scribat:
1284 388 1344 431 ‘ut
1375 404 1438 431 me
1471 392 1571 431 scire
1603 392 1695 430 uolo
1727 391 1818 441 dici,

266 453 365 492 mihi
403 452 562 492 consciu
601 453 635 491 si
675 465 780 503 sum,
819 465 867 491 ne
905 452 1094 491 damnum
1132 448 1295 491 faciam'
1328 452 1485 491 omissis
1518 451 1683 501 reliquis
1715 465 1817 502 quae

266 513 505 553 scholiastae
549 525 633 552 esse
676 513 738 551 illi
783 512 1042 552 arbitrantur.
1118 511 1204 563 Ego
1255 511 1297 550 in
1342 511 1598 551 distinctione
1643 511 1817 551 codicem

266 573 543 612 Britannicum
586 573 710 612 malui
754 573 869 623 sequi
912 573 982 623 qui
1024 574 1131 611 recte
1173 570 1369 611 Graecam
1413 571 1583 610 formam
1627 571 1818 622 praebeat

261 633 463 682 panotios:
493 645 587 672 nam
619 632 741 671 uerba
771 634 871 672 scire
899 633 969 671 hoc
1000 643 1040 670 se
1063 633 1185 671 nescit
1208 631 1307 670 mihi
1333 631 1519 671 subtilius
1546 633 1587 670 et
1612 631 1817 670 obscurius

266 705 350 732 esse
393 692 500 732 dicta
543 691 732 732 uidentur
774 705 895 744 quam
941 704 1043 742 qua-e
1085 692 1324 731 scholiastae
1369 703 1452 731 esse
1489 692 1645 741 possint
1683 691 1817 742 glossa

265 755 450 804 recteque
481 751 684 792 deducunt
713 765 898 792 numeros
931 753 1097 792 alterius
1128 764 1268 791 uersus
1299 751 1531 802 dactylicos.
1588 751 1621 790 E
1651 750 1815 790 Cornuti

266 814 489 853 commento
532 812 698 853 Iahnius
737 813 863 853 edidit
898 812 974 852 hoc
1013 812 1192 852 scholion
1229 811 1336 863 quod
1374 813 1620 863 corrigamus
1658 813 1817 862 oportet

266 873 418 912 auxilio
463 872 641 912 codicum
685 872 934 913 Monacensis
977 886 1016 924 p.
1046 873 1100 912 23
1146 871 1292 911 Lieblii
1336 871 1599 911 Bernensium
1643 885 1680 922 p.
1712 873 1736 910 9
1771 872 1817 910 ed

265 933 311 972 E.
331 933 470 972 Kurzii
506 932 712 986 Burgdorf
746 933 860 973 1875
902 927 991 987 (qui
1031 932 1133 971 illud
1171 932 1276 983 quod
1314 933 1432 971 initio
1477 933 1592 983 posui
1637 932 1815 971 scholion

265 1007 355 1032 cum
374 993 520 1032 Lucilii
545 993 727 1033 uersibus
752 994 849 1032 item
875 994 1070 1032 omittunt
1097 995 1143 1031 ut
1162 991 1482 1031 Vindobonensis
1512 993 1591 1031 131
1622 1005 1722 1031 saec.
1743 988 1816 1046 X):

267 1050 323 1092 ‘in
355 1055 514 1093 tantum
546 1054 608 1093 est
638 1054 806 1094 scientia
837 1055 909 1093 tua
940 1052 992 1091 ad
1022 1053 1193 1092 nihilum
1220 1052 1382 1092 redacta
1407 1054 1455 1091 ut
1479 1052 1633 1102 aliquid
1661 1055 1695 1091 le
1719 1053 1816 1091 scire.

264 1115 433 1160 nescias,
477 1115 556 1152 nisi
601 1114 765 1154 alterius
809 1113 998 1153 iudicium
1042 1112 1090 1152 de
1134 1114 1301 1153 scientia
1344 1114 1416 1152 tua
1463 1109 1675 1152 consulas':
1713 1126 1816 1163 quae

265 1175 479 1225 explicatio
523 1174 631 1213 facta
674 1186 759 1213 esse
802 1173 962 1213 uidetur
1003 1173 1054 1213 ad
1092 1174 1291 1213 uetustius
1329 1172 1432 1212 illud
1470 1172 1649 1212 scholion
1687 1175 1727 1212 et
1766 1173 1816 1212 ad

265 1234 535 1285 fragmentum
567 1233 723 1273 Lucilii.
756 1256 814 1262 --
845 1234 924 1273 Pro
957 1235 1145 1284 corrupto
1171 1234 1339 1274 dicimus
1364 1232 1556 1272 substitui
1581 1233 1675 1272 dum
1701 1234 1815 1272 cuius

265 1293 542 1345 compendium
574 1294 678 1333 male
710 1294 876 1334 soluerit
905 1293 1096 1333 librarius
1127 1293 1355 1344 archetypi,
1393 1306 1465 1344 pro
1504 1305 1593 1332 sum
1630 1293 1816 1344 suppleui

265 1365 480 1393 summum:
509 1354 666 1404 reliqua
704 1366 801 1394 sana
838 1353 1026 1393 uidentur
1065 1366 1160 1393 esse.
1203 1375 1261 1381 —-
1292 1356 1335 1392 ut
1365 1366 1425 1392 ‘mc
1457 1355 1555 1391 seire
1586 1354 1694 1392 uolo:
1725 1355 1820 1392 conf

265 1413 395 1453 Plaut.
423 1412 510 1453 Cas.
539 1414 622 1453 287
665 1411 777 1464 ‘quid
815 1415 915 1453 uelis
953 1414 1070 1453 modo
1108 1413 1149 1452 id
1188 1414 1311 1452 uelim
1350 1427 1411 1452 me
1451 1410 1566 1452 scire'
1602 1408 1815 1467 (Draegeri

265 1475 420 1524 syntax.
445 1474 537 1513 hist.
563 1475 660 1525 ling.
686 1473 775 1513 Lat.
802 1474 848 1512 ed
883 1474 926 1513 II
956 1474 1035 1513 uol.
1062 1473 1103 1513 II
1139 1487 1175 1524 p.
1199 1475 1281 1514 401
1294 1468 1349 1527 a).
1389 1495 1448 1500 --
1485 1475 1661 1513 conscius
1693 1487 1814 1523 quam

264 1535 519 1585 sumptuosus
569 1535 623 1573 sit
671 1534 850 1573 familiae
898 1535 1083 1585 peccanti
1132 1535 1398 1584 exposuerunt
1452 1533 1627 1572 Martial.
1664 1533 1722 1572 VI
1758 1534 1814 1573 50

264 1594 402 1633 quen.
427 1593 491 1633 m
519 1595 615 1633 113.
650 1595 704 1633 49
726 1607 852 1645 seqq.:
885 1595 998 1632 mimi
1029 1595 1186 1633 conscia
1217 1593 1422 1632 inducitur
1460 1593 1567 1643 apud
1599 1593 1811 1632 Horatium

266 1666 380 1693 serm.
406 1653 447 1692 Π
482 1654 525 1703 7,
559 1654 614 1694 59
654 1649 769 1707 (conf
795 1654 815 1692 I
843 1655 886 1704 2,
916 1654 1001 1694 130
1033 1653 1168 1693 quen.
1196 1653 1254 1692 VI
1280 1648 1368 1708 44).
1417 1675 1470 1680 —
1516 1655 1616 1693 scire
1663 1654 1732 1692 hoc
1774 1666 1814 1693 ‚ec

263 1715 384 1753 nescit
409 1713 547 1753 eodem
572 1714 690 1753 modo
717 1714 866 1752 dictum
893 1726 972 1764 quo
998 1713 1145 1753 dicitur
1169 1714 1210 1751 in
1238 1713 1441 1753 comoedia
1467 1713 1602 1752 Plauti
1621 1713 1705 1752 Mil.
1728 1715 1809 1752 571

267 1770 331 1813 ‘ne
362 1775 407 1812 tu
438 1774 583 1824 hercle,
614 1774 647 1813 si
678 1775 719 1813 te
751 1773 791 1812 di
823 1775 970 1824 ament,
1002 1773 1181 1825 linguam
1211 1775 1448 1824 comprimes
1473 1773 1658 1824 posthac:
1691 1774 1814 1812 etiam

264 1833 367 1872 illud
383 1833 497 1885 quod
522 1834 621 1873 scies
647 1834 862 1873 nesciueris
894 1846 966 1873 nec
997 1833 1144 1873 uideris
1178 1833 1283 1884 quod
1315 1830 1480 1872 uideris'
1518 1833 1704 1872 Bacchid.
1728 1835 1813 1873 790

267 1891 340 1933 ‘nil
384 1894 466 1932 iam
509 1906 572 1933 me
616 1895 775 1945 oportet
817 1895 935 1944 scire,
979 1893 1128 1934 oblitus
1166 1906 1254 1932 sum
1286 1895 1454 1933 omnia·
1503 1892 1593 1933 Scio
1635 1907 1698 1933 me
1730 1906 1813 1933 esse

265 1966 434 2003 seruum,
465 1954 596 1994 nescio
629 1955 751 1994 etiam
775 1954 819 1993 id
844 1948 951 2004 quod
978 1950 1074 1994 scio'
1102 1954 1279 1993 Terentii
1310 1953 1456 1993 Heaut.
1486 1954 1570 1993 748
1598 1949 1659 1992 ‘tu
1686 1955 1812 1992 nescis

264 2013 305 2052 id
344 2013 451 2064 quod
482 2015 577 2064 scis,
614 2013 764 2054 Dromo
808 2015 844 2054 si
887 2015 1028 2065 sapies.
1070 2017 1110 2059 :tt
1151 2014 1308 2053 Mutum
1352 2009 1473 2052 dices’
1519 2013 1697 2052 Eunuch.
1728 2015 1811 2053 722

266 2071 326 2112 ‘tu
351 2074 419 2124 pol
445 2072 479 2113 si
513 2075 632 2125 sapis,
664 2074 771 2125 quod
801 2075 889 2124 scis,
920 2071 1077 2124 nescis’,
1108 2075 1133 2113 i.
1160 2087 1192 2113 e.
1223 2074 1374 2113 tacebis
1407 2073 1536 2112 Plaut.
1557 2073 1674 2113 Most.
1698 2075 1809 2113 1156

266 2130 378 2185 ‘quia
408 2133 505 2173 fecit
536 2147 638 2185 quae
670 2136 710 2173 te
742 2135 842 2174 scire
873 2130 976 2174 scit':
1009 2134 1104 2173 conf
1124 2134 1191 2173 lib.
1218 2133 1238 2172 I
1269 2148 1306 2173 u.
1329 2135 1383 2173 33
1406 2146 1513 2184 seqq.
1570 2133 1713 2184 Itaque
1739 2134 1812 2173 hoc

264 2193 382 2233 modo
412 2195 671 2244 interpretor:
703 2207 782 2233 non
815 2195 996 2245 quemuis
1028 2194 1227 2233 hominem
1260 2194 1301 2232 in
1332 2207 1375 2233 re
1406 2195 1516 2245 turpi
1542 2196 1700 2244 oportet
1725 2206 1808 2233 esse

263 2253 469 2305 loquacem
514 2266 643 2304 neque
686 2267 797 2294 meae
842 2254 980 2294 domus
1023 2254 1160 2304 turpia
1203 2254 1314 2294 facta
1356 2254 1389 2293 si
1431 2266 1533 2305 quae
1572 2255 1665 2293 sunt
1705 2255 1811 2293 foras

265 2313 420 2352 efferre:
452 2314 556 2353 sicut
587 2326 649 2352 me
681 2313 780 2353 scire
812 2314 918 2364 uolo,
949 2314 982 2353 si
1014 2314 1141 2353 ueluti
1172 2326 1279 2353 uxor'
1305 2314 1546 2353 adulterium
1579 2314 1684 2363 fecit,
1717 2314 1811 2352 dum

266 2373 379 2412 mimi
417 2373 608 2423 conscius,
645 2386 843 2412 summum
885 2387 934 2412 ne
966 2373 1155 2413 damnum
1186 2373 1344 2423 faciam,
1377 2373 1475 2412 scire
1506 2374 1581 2413 hoc
1613 2386 1654 2413 se
1686 2375 1811 2413 nescit

265 2432 306 2470 id
351 2434 411 2472 est
452 2434 570 2472 tacet.
632 2432 693 2472 De
738 2434 869 2473 mimis
906 2433 1053 2473 Lucilii
1097 2436 1227 2472 aetate
1272 2434 1410 2484 quales
1450 2434 1600 2472 fuerint
1636 2433 1811 2472 traditur

265 2492 465 2531 testimon.
495 2494 547 2531 17
580 2493 759 2544 prolegg.
786 2507 823 2544 p.
843 2492 996 2532 XXVII
1015 2506 1094 2543 seq.

388 2546 531 2593 1347.
562 2552 703 2592 Festus
734 2566 772 2603 p.
795 2554 892 2604 209,
920 2554 944 2591 3
984 2555 1025 2592 et
1055 2553 1167 2592 Paul.
1193 2567 1230 2604 p.
1253 2554 1357 2603 208,
1386 2556 1406 2592 1
1450 2550 1665 2592 ‘Petimina
1706 2555 1748 2591 in
1780 2550 1810 2605 †

219 2611 224 2615 “
265 2612 327 2651 his
366 2606 556 2666 (humeris
592 2608 760 2666 Paulus)
798 2612 1065 2652 iumentorum
1109 2613 1243 2653 ulcera
1287 2616 1327 2652 et
1364 2614 1486 2665 uulgo
1525 2612 1733 2663 appellant
1770 2617 1810 2651 et

266 2671 442 2712 Lucilius
473 2672 668 2722 meminit,
700 2685 820 2723 quom
852 2673 910 2712 ait
943 2669 1021 2712 “ut
1051 2674 1226 2724 petimen
1259 2685 1356 2712 naso
1394 2675 1466 2712 aut
1496 2672 1651 2712 lumbos
1684 2675 1808 2711 cerui-

266 2730 377 2771 cibus
413 2728 599 2783 tangat''.
656 2744 701 2771 eo
738 2732 899 2772 nomine
936 2735 1070 2772 autem
1108 2736 1148 2772 et
1178 2734 1284 2772 inter
1314 2733 1413 2772 duos
1439 2745 1569 2772 armos
1595 2733 1678 2771 suis
1703 2733 1809 2783 quod

267 2793 345 2840 est,
387 2792 459 2830 aut
493 2794 630 2840 pectus
673 2786 820 2845 (nectos
861 2787 954 2846 cod)
993 2793 1189 2843 appellari
1226 2793 1391 2832 solitum
1426 2794 1602 2832 testatur
1631 2792 1808 2831 Naeuius

268 2844 399 2904 (ORF
431 2849 523 2889 edit.
549 2850 610 2889 HI
639 2852 719 2890 121
737 2846 790 2905 R)
818 2852 857 2889 in
885 2851 1150 2902 descriptione
1176 2852 1317 2891 suillae
1352 2865 1473 2902 quom
1499 2853 1558 2891 ait
1584 2848 1807 2902 “petimine

262 2910 416 2957 piscino
453 2904 636 2961 (porcino
675 2905 976 2964 Dalecampius)
1015 2911 1084 2961 qui
1121 2907 1380 2950 meruerat”.'
1444 2911 1628 2949 Editores
1660 2911 1752 2949 inde
1784 2923 1807 2948 a

268 2966 405 3007 Dousa
441 2969 717 3008 consociat-unt
759 2969 862 3008 hunc
900 2983 937 3008 u.
964 2982 1053 3008 cum
1085 2983 1122 3009 u.
1153 2971 1264 3008 1298
1300 2967 1433 3009 ‘sicuti
1468 2969 1687 3008 mechanici
1719 2967 1806 3007 cum

273 3027 356 3066 alto
388 3027 559 3066 exiluere
589 3026 768 3078 peteuro'
803 3031 843 3067 et
872 3029 1051 3068 homines
1083 3029 1230 3067 similia
1262 3029 1431 3068 artificia
1464 3030 1531 3079 qui
1563 3030 1807 3068 exercuerint
