2060 3444
822 274 875 316 111
898 290 934 316 u.
963 278 1114 315 90—99.
1684 273 1741 320 47

200 394 429 436 tractantur
458 392 639 434 libellum
671 393 832 445 scripsit
862 392 926 432 W.
946 392 992 433 A.
1013 393 1167 445 Varges
1199 391 1338 432 Sedini
1372 391 1497 431 1836.
1553 390 1665 431 Libri
1684 391 1746 431 111

198 457 321 509 primi
370 454 549 507 singulas
598 453 870 505 unusquisque
922 455 1166 494 continuisse
1229 452 1433 502 uidentur,
1483 465 1561 491 non
1611 453 1745 503 plures

201 517 428 568 argumenti
460 514 607 554 diuersi
640 516 807 554 saturas.

320 570 400 617 97.
431 575 533 615 Non.
548 575 697 626 p.475‚
720 576 775 614 20
802 587 822 612 e
848 570 1125 626 grammatico‘
1151 573 1326 612 Partiret
1343 586 1416 623 pro
1436 574 1657 624 partiretur
1677 604 1684 611 .
1706 604 1715 612 .
1738 605 1744 611 .

198 635 376 676 Lucilius
396 635 463 674 lib.
478 634 541 674 111
561 631 641 674 “tu
656 665 663 673 .
681 666 687 673 .
704 630 977 686 ‚partisses”.'
1012 633 1145 673 Verba
1164 635 1257 673 sunt
1275 633 1498 684 prohoemii
1518 645 1596 683 quo
1616 634 1744 672 amico

199 696 252 736 ad
283 708 400 747 quem
431 695 579 734 librum
604 694 668 734 m
698 695 810 734 misit
845 693 894 732 de
931 693 1147 734 utilissimO
1185 695 1328 732 itinere
1366 705 1450 732 sese
1487 694 1744 732 narraturum

200 768 284 796 esse
309 757 488 807 exponit:
516 751 698 794 ‘utinam
714 752 789 805 tu’,
814 755 959 805 inquit,
986 750 1157 794 ‘mecum
1184 754 1336 802 fuisses,
1363 754 1433 803 qui
1458 766 1563 792 nunc
1588 755 1745 803 partem

199 815 331 856 laudis
375 809 490 870 (conf
517 814 568 854 ad
598 814 692 854 Her.
712 814 754 854 H
781 815 854 865 28,
882 815 937 853 45
978 811 1189 865 “aliquam
1234 814 1370 852 alteris
1414 815 1569 863 partem
1612 813 1745 852 laudis

199 873 438 916 adtribuas”
462 875 540 915 Cic.
561 875 603 914 in
622 874 734 914 Verr.
749 874 786 912 V
807 876 846 925 2,
873 875 897 913 5
927 871 1006 913 “ex
1032 887 1078 913 eo
1103 873 1208 913 bello
1234 875 1389 924 partem
1417 873 1596 923 aliquam
1615 873 1747 912 laudis

199 930 441 991 appetere'’)
486 948 664 986 caperes,
715 935 810 974 olim
863 934 1011 986 gaudia
1054 947 1210 974 mecum
1253 935 1295 972 in
1338 934 1482 973 itinere
1525 931 1742 984 partisses.'

198 996 276 1036 Per
318 997 451 1036 iocum
492 997 654 1047 poetam
697 995 746 1034 de
789 994 908 1034 laude
946 995 1089 1034 itinere
1133 994 1204 1033 illo
1242 993 1319 1033 sibi
1355 995 1492 1045 parta,
1530 1006 1610 1034 non
1641 995 1744 1033 serio

199 1056 347 1096 dixisse
371 1057 679 1096 consentaneum
704 1057 776 1105 est,
807 1055 928 1094 sicuti
951 1067 1025 1106 per
1049 1056 1182 1094 iocum
1206 1055 1285 1094 iter
1309 1042 1381 1105 pssr
1405 1056 1560 1094 montes
1587 1048 1745 1093 Setinos

203 1118 412 1168 comparat
440 1118 650 1168 tamquam
681 1115 847 1167 Alpium
877 1115 1070 1155 transitui
1100 1128 1137 1153 u.
1167 1115 1263 1154 113.

319 1172 398 1217 99.
448 1175 604 1216 Nonius
647 1189 685 1226 p.
714 1176 787 1226 63,
821 1175 846 1214 5
898 1189 918 1214 e
969 1176 1232 1228 grammatico
1278 1171 1367 1214 ‘Est
1417 1177 1552 1215 autem
1603 1185 1745 1227 gruma

196 1249 382 1277 mensura
419 1235 634 1287 quaedam,
672 1248 752 1286 qua
788 1235 867 1274 fixa
904 1235 996 1274 uiae
1034 1235 1086 1275 ad
1123 1235 1272 1274 lineam
1309 1234 1556 1286 diriguntur,
1600 1236 1648 1274 ut
1684 1237 1745 1274 est

199 1297 287 1350 agri
329 1309 555 1336 mensorum
598 1297 639 1335 et
681 1295 837 1335 talium.
899 1295 1054 1335 Ennius
1097 1295 1165 1334 lib.
1195 1294 1332 1334 XVIII
1378 1308 1521 1347 gruma
1564 1295 1744 1347 derigere

199 1355 302 1396 dixit
333 1356 562 1408 degrumari
594 1356 753 1395 ferrum.
810 1355 989 1395 Lucilius
1020 1355 1087 1394 lib.
1107 1355 1171 1394 ΙΠ
1197 1352 1339 1394 “uiam
1367 1367 1468 1404 quae
1492 1356 1746 1405 deyrmnauis

196 1419 242 1456 ut
284 1418 425 1456 castris
468 1428 626 1456 mensor
669 1417 768 1455 facit
810 1412 968 1455 olim”.’
1033 1416 1092 1455 De
1136 1428 1280 1467 gruma
1323 1417 1408 1455 siue
1452 1428 1592 1467 groma
1639 1416 1744 1467 agri-

197 1489 424 1516 mensorum
467 1477 732 1516 instrumento
778 1476 874 1516 uide
916 1477 1074 1515 Blumei
1122 1475 1370 1515 Lachmanni
1419 1475 1617 1515 Rudorffii
1667 1476 1743 1515 Die

200 1536 401 1577 Schrii‘ten
427 1536 497 1576 der
514 1539 612 1576 rom.
632 1536 879 1576 Feldmesser
897 1536 939 1576 H
959 1550 996 1587 p.
1019 1537 1103 1575 336
1127 1535 1211 1575 CIL
1230 1536 1269 1574 V
1290 1536 1404 1575 6786
1425 1535 1475 1574 Η.
1496 1534 1744 1575 Schoeneum

199 1596 337 1636 Jahrb.
358 1597 395 1636 d.
416 1597 520 1636 arch.
540 1597 638 1636 Inst.
658 1595 754 1635 XVI
782 1598 892 1636 1901
921 1610 959 1646 p.
983 1597 1066 1635 127
1094 1609 1202 1647 seqq.
1265 1595 1454 1634 Profatur
1490 1595 1588 1635 haec
1618 1595 1744 1635 uerba

198 1658 320 1708 poeta
363 1656 488 1707 idem,
532 1658 603 1708 qui
646 1669 713 1695 uu.
743 1657 839 1696 103.
880 1658 963 1695 107
1014 1657 1061 1695 ut
1106 1669 1152 1695 ex
1190 1656 1337 1695 futuris
1379 1656 1531 1695 uidebis
1576 1658 1744 1707 apparet

199 1718 481 1768 pertinentque
507 1717 642 1755 omnia
669 1717 749 1756 ista
774 1716 825 1756 ad
849 1715 1005 1755 itineris
1030 1715 1389 1767 praeparationem.
1445 1715 1551 1755 Nam
1577 1716 1743 1755 consilia

200 1777 337 1816 comiti
368 1776 516 1816 dantur
553 1789 577 1815 a
607 1778 745 1827 poeta,
783 1776 852 1827 qui
889 1788 980 1815 eum
1016 1777 1064 1815 ut
1099 1777 1179 1815 iter
1208 1787 1341 1816 secum
1372 1776 1514 1826 faciat,
1550 1776 1743 1827 impellit:

201 1836 325 1876 simili
349 1836 466 1876 modo
491 1837 714 1887 nescioquis
740 1835 918 1888 Scipioni
942 1835 1009 1875 lib.
1035 1835 1131 1875 XIV
1157 1848 1195 1875 u.
1217 1837 1301 1875 466
1331 1833 1610 1887 ‘Carpathium
1634 1849 1743 1875 mare

200 1899 450 1937 transuectus
477 1896 635 1936 cenabis
658 1896 791 1936 Rhodi
814 1893 888 1924 -’
915 1896 985 1935 ubi
1015 1895 1107 1936 uide
1132 1909 1236 1947 quae
1264 1895 1556 1936 adnotauimus.
1613 1895 1743 1942 Quare

200 1957 450 2007 deyrwmabis
480 1956 562 1996 alia
596 1958 752 1996 ratione
789 1956 970 2008 intellegi
1007 1954 1149 2007 nequit
1186 1958 1306 2007 atque
1345 1968 1392 1996 ea
1432 1969 1534 2008 quae
1566 1957 1743 1996 omnium

200 2019 262 2057 est
291 2016 609 2068 promptissima:
640 2029 782 2067 nempe
815 2018 987 2056 amicum
1017 2017 1134 2056 illum
1164 2018 1285 2067 poeta
1315 2016 1520 2066 hortatur,
1557 2018 1605 2056 ut
1635 2030 1743 2056 men-

201 2077 299 2117 soris
331 2077 540 2117 functurus
571 2076 702 2116 officio
734 2089 866 2116 secum
897 2079 963 2116 eat
992 2078 1036 2116 in
1068 2075 1247 2116 Siciliam
1278 2078 1465 2127 uiamque
1498 2089 1642 2129 gruma
1672 2079 1744 2116 aut

199 2131 415 2188 publicam
447 2139 520 2176 aut
560 2138 603 2175 in
646 2137 820 2188 praediis
863 2139 944 2176 suis
988 2137 1191 2188 priuatam
1236 2137 1435 2189 derigeret
1477 2137 1742 2177 sternendam.

201 2196 338 2247 Ipsum
380 2197 481 2236 illud
525 2197 654 2236 simile
694 2193 770 2236 ‘uti
814 2198 955 2236 castris
992 2210 1150 2236 mensor
1186 2198 1285 2237 facit
1321 2194 1433 2237 olim'
1472 2210 1551 2237 non
1589 2198 1745 2248 patitur

201 2257 280 2296 alio
318 2257 435 2296 modo
472 2257 596 2296 uerba
632 2259 774 2308 poetae
812 2258 951 2308 accipi.
1023 2257 1162 2308 Neque
1204 2257 1309 2297 enim
1349 2257 1600 2308 deqrwmabis
1635 2258 1743 2297 idem

201 2318 335 2368 potest
372 2329 455 2356 esse
493 2318 615 2367 atque
653 2314 749 2367 ‘qua
785 2318 854 2356 uia
891 2319 1007 2357 eatur
1042 2314 1267 2367 indicabis'‚
1299 2319 1396 2368 quia
1431 2331 1503 2368 per
1539 2318 1633 2357 auia
1663 2330 1747 2372 non.

201 2379 289 2416 erat
318 2378 449 2417 iturus
478 2379 600 2427 poeta
630 2377 698 2417 sed
731 2377 808 2417 uiis
839 2379 977 2417 stratis
1009 2379 1050 2417 et
1081 2377 1215 2417 factis:
1248 2379 1289 2416 et
1320 2377 1369 2416 ad
1395 2390 1504 2417 mare
1531 2378 1743 2428 quominus

200 2436 417 2477 referamus
443 2437 692 2487 devamabis
715 2437 840 2477 simili
866 2438 1049 2489 apposito
1075 2437 1267 2477 castrensi
1293 2437 1542 2488 impedimur.
1599 2438 1742 2488 Itaque

202 2509 304 2546 quae
349 2509 414 2535 uu.
444 2497 527 2536 102
566 2509 674 2547 seqq.
727 2499 1011 2537 enumerantur
1052 2498 1208 2537 itineris
1257 2498 1481 2548 commoda,
1531 2510 1579 2537 ea
1627 2500 1743 2548 quasi

202 2569 398 2608 parergon
424 2558 517 2596 sunt
540 2557 696 2596 itineris
721 2557 803 2596 alia
821 2557 869 2597 de
889 2570 1011 2598 causa
1029 2557 1280 2609 suscipiendi.
1330 2557 1500 2596 Viarum
1518 2559 1742 2598 structurae

202 2616 395 2667 populum
426 2616 652 2656 Romanum
678 2617 825 2656 Lucilii
850 2619 982 2657 aetate
1008 2630 1171 2670 operam
1197 2618 1380 2668 inprimis
1406 2617 1560 2658 dedisse
1590 2618 1743 2657 indicat

203 2688 294 2715 cum
325 2676 429 2727 lapis
463 2677 553 2716 uiae
578 2675 759 2728 Popiliae
786 2676 871 2716 CIL
890 2678 911 2716 I
932 2678 1013 2717 551
1049 2677 1144 2717 anni
1173 2677 1256 2716 622
1262 2681 1279 2731 s
1287 2678 1370 2717 132
1398 2679 1485 2717 tum
1504 2677 1742 2717 Plutarchus

202 2737 245 2774 in
281 2737 369 2775 uita
406 2735 446 2775 O.
467 2734 636 2776 Gracchi
667 2749 779 2787 capp.
801 2737 838 2776 6.
868 2739 911 2788 7,
956 2750 1073 2788 quem
1110 2738 1198 2777 uias
1235 2738 1304 2776 ille
1340 2740 1469 2777 rectas
1508 2739 1635 2789 egisse
1676 2736 1741 2777 διὰ

202 2800 282 2835 τῶν
317 2795 471 2849 χωρίων
501 2797 543 2835 et
572 2798 622 2835 tr.
647 2796 700 2848 pl.
723 2797 804 2836 631
811 2792 921 2848 s123
960 2796 1182 2837 σπουδάσαι
1220 2797 1384 2849 μάλιστα
1419 2796 1508 2851 περὶ
1545 2796 1619 2849 τὴν
1650 2795 1741 2837 ὁδο-

202 2854 340 2894 ποιίαν
370 2856 510 2906 refert3
547 2855 718 2906 denique
755 2858 824 2895 uia
860 2855 1040 2895 Domitia
1079 2858 1186 2896 facta
1218 2870 1301 2897 esse
1334 2857 1493 2896 uidetur
1524 2870 1628 2897 anno
1659 2858 1741 2897 fere

206 2911 405 2968 634s120
436 2909 647 2968 (Cuntzius
678 2915 869 2967 Polybius
900 2930 937 2955 u.
957 2929 986 2956 s.
1006 2915 1130 2956 Werk
1161 2930 1198 2967 p.
1221 2912 1309 2971 26),
1334 2918 1403 2956 uia
1428 2916 1603 2957 Caecilia
1633 2917 1742 2957 facta

204 2987 229 3014 a
259 2974 302 3013 L.
332 2974 506 3015 Caecilio
544 2987 621 3014 cos.
656 2976 856 3028 637s117
909 2972 1154 3031 (Huelsenus
1197 2976 1355 3016 Notizie
1398 2977 1433 3016 d.
1473 2979 1581 3017 scavi
1625 2978 1738 3017 1896

203 3048 240 3086 p.
263 3030 350 3088 98),
383 3036 450 3074 uia
480 3035 654 3074 Aemilia
685 3037 812 3075 strata
842 3050 865 3075 a
896 3035 948 3077 M.
975 3036 1148 3076 Aemilio
1175 3049 1276 3087 cens.
1305 3034 1503 3091 645s109
1531 3033 1683 3093 (Strab.
1703 3037 1740 3076 V
