<?xml version="1.0" encoding="UTF-8"?>
<!DOCTYPE html PUBLIC "-//W3C//DTD XHTML 1.0 Transitional//EN"
    "http://www.w3.org/TR/xhtml1/DTD/xhtml1-transitional.dtd">
<html xmlns="http://www.w3.org/1999/xhtml" xml:lang="en" lang="en">
 <head>
  <title>
</title>
<meta http-equiv="Content-Type" content="text/html;charset=utf-8" />
  <meta name='ocr-system' content='tesseract 3.04.00' />
  <meta name='ocr-capabilities' content='ocr_page ocr_carea ocr_par ocr_line ocrx_word'/>
</head>
<body>
  <div class='ocr_page' id='page_1' title='image "./carminumreliquia02luciuoft_0438.png"; bbox 0 0 2060 3444; ppageno 0'>
   <div class='ocr_carea' id='block_1_1' title="bbox 300 235 1354 279">
    <p class='ocr_par' dir='ltr' id='par_1_1' title="bbox 300 235 1354 279">
     <span class='ocr_line' id='line_1_1' title="bbox 300 235 1354 279; baseline -0.007 0"><span class='ocrx_word' id='word_1_1' title='bbox 300 236 388 279; x_wconf 84' lang='lat'><strong>406</strong></span> <span class='ocrx_word' id='word_1_2' title='bbox 785 235 915 271; x_wconf 74' lang='lat' dir='ltr'><strong>ineert.</strong></span> <span class='ocrx_word' id='word_1_3' title='bbox 943 235 1019 271; x_wconf 75' lang='lat' dir='ltr'><strong>sed.</strong></span> <span class='ocrx_word' id='word_1_4' title='bbox 1044 247 1080 270; x_wconf 91' lang='lat' dir='ltr'><strong>u.</strong></span> <span class='ocrx_word' id='word_1_5' title='bbox 1109 238 1354 272; x_wconf 69' lang='lat' dir='ltr'><strong>isse-1284.</strong></span> 
     </span>
    </p>
   </div>
   <div class='ocr_carea' id='block_1_2' title="bbox 254 346 1846 3025">
    <p class='ocr_par' dir='ltr' id='par_1_2' title="bbox 254 346 1844 1223">
     <span class='ocr_line' id='line_1_2' title="bbox 304 346 1840 398; baseline 0.003 -11"><span class='ocrx_word' id='word_1_6' title='bbox 304 348 412 388; x_wconf 88' lang='lat' dir='ltr'><strong>solea</strong></span> <span class='ocrx_word' id='word_1_7' title='bbox 454 348 591 387; x_wconf 88' lang='lat' dir='ltr'><strong>deerat</strong></span> <span class='ocrx_word' id='word_1_8' title='bbox 634 350 674 386; x_wconf 86' lang='lat' dir='ltr'><strong>et</strong></span> <span class='ocrx_word' id='word_1_9' title='bbox 717 360 818 397; x_wconf 88' lang='lat' dir='ltr'><strong>quae</strong></span> <span class='ocrx_word' id='word_1_10' title='bbox 862 346 950 398; x_wconf 85' lang='lat' dir='ltr'><strong>ipsa</strong></span> <span class='ocrx_word' id='word_1_11' title='bbox 994 349 1081 387; x_wconf 89' lang='lat' dir='ltr'><strong>erat</strong></span> <span class='ocrx_word' id='word_1_12' title='bbox 1124 347 1174 387; x_wconf 89' lang='lat' dir='ltr'><strong>ad</strong></span> <span class='ocrx_word' id='word_1_13' title='bbox 1215 348 1423 388; x_wconf 86' lang='lat' dir='ltr'><strong>dimidium</strong></span> <span class='ocrx_word' id='word_1_14' title='bbox 1459 349 1622 390; x_wconf 81' lang='lat' dir='ltr'><strong>redacta</strong></span> <span class='ocrx_word' id='word_1_15' title='bbox 1659 351 1763 390; x_wconf 85' lang='lat' dir='ltr'><strong>carie</strong></span> <span class='ocrx_word' id='word_1_16' title='bbox 1800 352 1840 390; x_wconf 89' lang='lat' dir='ltr'><strong>et</strong></span> 
     </span>
     <span class='ocr_line' id='line_1_3' title="bbox 303 404 1840 459; baseline 0.003 -13"><span class='ocrx_word' id='word_1_17' title='bbox 303 410 521 457; x_wconf 80' lang='lat' dir='ltr'><strong>uetustate3</strong></span> <span class='ocrx_word' id='word_1_18' title='bbox 562 407 620 446; x_wconf 90' lang='lat' dir='ltr'><strong>ita</strong></span> <span class='ocrx_word' id='word_1_19' title='bbox 653 404 853 446; x_wconf 88' lang='lat' dir='ltr'><strong>‘dimidios</strong></span> <span class='ocrx_word' id='word_1_20' title='bbox 890 404 1026 457; x_wconf 84' lang='lat' dir='ltr'><strong>equos’</strong></span> <span class='ocrx_word' id='word_1_21' title='bbox 1068 407 1242 447; x_wconf 82' lang='lat' dir='ltr'><strong>Martial.</strong></span> <span class='ocrx_word' id='word_1_22' title='bbox 1267 409 1303 447; x_wconf 92' lang='lat' dir='ltr'>X</span> <span class='ocrx_word' id='word_1_23' title='bbox 1331 410 1375 459; x_wconf 84' lang='lat'><strong>2,</strong></span> <span class='ocrx_word' id='word_1_24' title='bbox 1403 411 1470 458; x_wconf 85' lang='lat'>10,</span> <span class='ocrx_word' id='word_1_25' title='bbox 1502 406 1558 450; x_wconf 77' lang='lat' dir='ltr'><strong>‘et</strong></span> <span class='ocrx_word' id='word_1_26' title='bbox 1591 409 1728 450; x_wconf 84' lang='lat' dir='ltr'><strong>Ourios</strong></span> <span class='ocrx_word' id='word_1_27' title='bbox 1758 411 1840 450; x_wconf 86' lang='lat' dir='ltr'><strong>iam</strong></span> 
     </span>
     <span class='ocr_line' id='line_1_4' title="bbox 303 463 1840 520; baseline 0.003 -14"><span class='ocrx_word' id='word_1_28' title='bbox 303 463 504 506; x_wconf 88' lang='lat' dir='ltr'><strong>dimidios&#39;</strong></span> <span class='ocrx_word' id='word_1_29' title='bbox 542 467 678 506; x_wconf 91' lang='lat' dir='ltr'><strong>quen.</strong></span> <span class='ocrx_word' id='word_1_30' title='bbox 710 466 810 506; x_wconf 80' lang='lat' dir='ltr'><strong>Vm</strong></span> <span class='ocrx_word' id='word_1_31' title='bbox 843 468 886 505; x_wconf 85' lang='lat'><strong>4:</strong></span> <span class='ocrx_word' id='word_1_32' title='bbox 924 479 1093 507; x_wconf 89' lang='lat' dir='ltr'><strong>semesos</strong></span> <span class='ocrx_word' id='word_1_33' title='bbox 1131 467 1237 508; x_wconf 88' lang='lat' dir='ltr'><strong>cibos</strong></span> <span class='ocrx_word' id='word_1_34' title='bbox 1275 468 1397 520; x_wconf 84' lang='lat' dir='ltr'><strong>uulgo</strong></span> <span class='ocrx_word' id='word_1_35' title='bbox 1434 469 1662 510; x_wconf 88' lang='lat' dir='ltr'><strong>dimidiatos</strong></span> <span class='ocrx_word' id='word_1_36' title='bbox 1703 470 1840 510; x_wconf 87' lang='lat' dir='ltr'><strong>dicunt</strong></span> 
     </span>
     <span class='ocr_line' id='line_1_5' title="bbox 304 523 1842 582; baseline 0.002 -16"><span class='ocrx_word' id='word_1_37' title='bbox 304 523 431 581; x_wconf 87' lang='lat' dir='ltr'><strong>(Suet.</strong></span> <span class='ocrx_word' id='word_1_38' title='bbox 459 526 544 565; x_wconf 88' lang='lat' dir='ltr'>Tib.</span> <span class='ocrx_word' id='word_1_39' title='bbox 572 528 627 565; x_wconf 81' lang='lat'><strong>34</strong></span> <span class='ocrx_word' id='word_1_40' title='bbox 659 526 749 566; x_wconf 91' lang='lat' dir='ltr'><strong>hist.</strong></span> <span class='ocrx_word' id='word_1_41' title='bbox 776 526 878 578; x_wconf 85' lang='lat' dir='ltr'>Aug.</span> <span class='ocrx_word' id='word_1_42' title='bbox 904 527 992 566; x_wconf 88' lang='lat' dir='ltr'><strong>uita</strong></span> <span class='ocrx_word' id='word_1_43' title='bbox 1022 526 1170 566; x_wconf 88' lang='lat' dir='ltr'><strong>Pertin.</strong></span> <span class='ocrx_word' id='word_1_44' title='bbox 1199 529 1266 577; x_wconf 86' lang='lat'><strong>12,</strong></span> <span class='ocrx_word' id='word_1_45' title='bbox 1293 523 1351 581; x_wconf 83' lang='lat'><strong>2).</strong></span> <span class='ocrx_word' id='word_1_46' title='bbox 1412 529 1526 568; x_wconf 90' lang='lat' dir='ltr'><strong>Nihil</strong></span> <span class='ocrx_word' id='word_1_47' title='bbox 1559 530 1636 568; x_wconf 89' lang='lat' dir='ltr'><strong>huc</strong></span> <span class='ocrx_word' id='word_1_48' title='bbox 1666 530 1842 582; x_wconf 82' lang='lat' dir='ltr'><strong>pertinet</strong></span> 
     </span>
     <span class='ocr_line' id='line_1_6' title="bbox 305 585 1840 640; baseline 0.001 -14"><span class='ocrx_word' id='word_1_49' title='bbox 305 587 409 637; x_wconf 87' lang='lat' dir='ltr'><strong>quod</strong></span> <span class='ocrx_word' id='word_1_50' title='bbox 440 586 553 625; x_wconf 86' lang='lat' dir='ltr'><strong>Paul.</strong></span> <span class='ocrx_word' id='word_1_51' title='bbox 581 599 627 625; x_wconf 86' lang='lat' dir='ltr'><strong>ex</strong></span> <span class='ocrx_word' id='word_1_52' title='bbox 661 586 776 625; x_wconf 87' lang='lat' dir='ltr'><strong>Festo</strong></span> <span class='ocrx_word' id='word_1_53' title='bbox 809 598 838 625; x_wconf 90' lang='lat' dir='ltr'><strong>s.</strong></span> <span class='ocrx_word' id='word_1_54' title='bbox 864 599 901 624; x_wconf 91' lang='lat' dir='ltr'><strong>u.</strong></span> <span class='ocrx_word' id='word_1_55' title='bbox 933 586 1042 626; x_wconf 88' lang='lat' dir='ltr'><strong>Ploti</strong></span> <span class='ocrx_word' id='word_1_56' title='bbox 1072 600 1109 638; x_wconf 89' lang='lat' dir='ltr'><strong>p.</strong></span> <span class='ocrx_word' id='word_1_57' title='bbox 1132 587 1230 636; x_wconf 86' lang='lat'>239,</span> <span class='ocrx_word' id='word_1_58' title='bbox 1256 587 1338 626; x_wconf 85' lang='lat' dir='ltr'><strong>4M</strong></span> <span class='ocrx_word' id='word_1_59' title='bbox 1362 588 1490 627; x_wconf 87' lang='lat' dir='ltr'><strong>tradit</strong></span> <span class='ocrx_word' id='word_1_60' title='bbox 1516 585 1657 629; x_wconf 83' lang='lat' dir='ltr'><strong>‘soleas</strong></span> <span class='ocrx_word' id='word_1_61' title='bbox 1683 602 1840 640; x_wconf 89' lang='lat' dir='ltr'><strong>quoque</strong></span> 
     </span>
     <span class='ocr_line' id='line_1_7' title="bbox 303 645 1841 700; baseline 0.003 -16"><span class='ocrx_word' id='word_1_62' title='bbox 303 646 535 685; x_wconf 81' lang='lat' dir='ltr'><strong>dimidiatas</strong></span> <span class='ocrx_word' id='word_1_63' title='bbox 586 646 730 696; x_wconf 89' lang='lat' dir='ltr'><strong>quibus</strong></span> <span class='ocrx_word' id='word_1_64' title='bbox 778 645 994 685; x_wconf 89' lang='lat' dir='ltr'><strong>utebantur</strong></span> <span class='ocrx_word' id='word_1_65' title='bbox 1042 647 1084 684; x_wconf 89' lang='lat' dir='ltr'><strong>in</strong></span> <span class='ocrx_word' id='word_1_66' title='bbox 1127 646 1328 696; x_wconf 87' lang='lat' dir='ltr'><strong>uenando,</strong></span> <span class='ocrx_word' id='word_1_67' title='bbox 1377 659 1461 698; x_wconf 64' lang='lat' dir='ltr'><strong>quo&gt;</strong></span> <span class='ocrx_word' id='word_1_68' title='bbox 1499 648 1658 698; x_wconf 88' lang='lat' dir='ltr'><strong>planius</strong></span> <span class='ocrx_word' id='word_1_69' title='bbox 1699 648 1841 700; x_wconf 82' lang='lat' dir='ltr'><strong>pedem</strong></span> 
     </span>
     <span class='ocr_line' id='line_1_8' title="bbox 305 703 1841 758; baseline 0.003 -14"><span class='ocrx_word' id='word_1_70' title='bbox 305 707 510 757; x_wconf 75' lang='lat' dir='ltr'>ponerent,</span> <span class='ocrx_word' id='word_1_71' title='bbox 541 706 771 755; x_wconf 88' lang='lat' dir='ltr'><strong>semiplotia</strong></span> <span class='ocrx_word' id='word_1_72' title='bbox 801 703 1088 756; x_wconf 86' lang='lat' dir='ltr'><strong>appellabant&#39;.</strong></span> <span class='ocrx_word' id='word_1_73' title='bbox 1151 706 1220 746; x_wconf 92' lang='lat' dir='ltr'><strong>Bis</strong></span> <span class='ocrx_word' id='word_1_74' title='bbox 1252 707 1389 746; x_wconf 89' lang='lat' dir='ltr'><strong>eadem</strong></span> <span class='ocrx_word' id='word_1_75' title='bbox 1419 708 1715 758; x_wconf 84' lang='lat' dir='ltr'><strong>comparatione</strong></span> <span class='ocrx_word' id='word_1_76' title='bbox 1745 720 1841 748; x_wconf 86' lang='lat' dir='ltr'><strong>usus</strong></span> 
     </span>
     <span class='ocr_line' id='line_1_9' title="bbox 305 762 1842 817; baseline 0.002 -12"><span class='ocrx_word' id='word_1_77' title='bbox 305 768 365 805; x_wconf 88' lang='lat' dir='ltr'><strong>est</strong></span> <span class='ocrx_word' id='word_1_78' title='bbox 407 765 598 805; x_wconf 83' lang='lat' dir='ltr'><strong>Horatius</strong></span> <span class='ocrx_word' id='word_1_79' title='bbox 642 766 756 816; x_wconf 89' lang='lat' dir='ltr'><strong>epist.</strong></span> <span class='ocrx_word' id='word_1_80' title='bbox 782 765 823 804; x_wconf 92' lang='grc' dir='ltr'>Π</span> <span class='ocrx_word' id='word_1_81' title='bbox 850 767 888 814; x_wconf 90' lang='grc'><strong>2,</strong></span> <span class='ocrx_word' id='word_1_82' title='bbox 917 766 971 804; x_wconf 92' lang='grc'><strong>10</strong></span> <span class='ocrx_word' id='word_1_83' title='bbox 1016 762 1158 805; x_wconf 81' lang='lat' dir='ltr'><strong>‘multa</strong></span> <span class='ocrx_word' id='word_1_84' title='bbox 1201 765 1318 805; x_wconf 80' lang='lat' dir='ltr'><strong>fidem</strong></span> <span class='ocrx_word' id='word_1_85' title='bbox 1360 768 1555 817; x_wconf 83' lang='lat' dir='ltr'><strong>promissa</strong></span> <span class='ocrx_word' id='word_1_86' title='bbox 1594 768 1731 807; x_wconf 85' lang='lat' dir='ltr'><strong>leuant</strong></span> <span class='ocrx_word' id='word_1_87' title='bbox 1772 767 1842 807; x_wconf 88' lang='lat' dir='ltr'><strong>ubi</strong></span> 
     </span>
     <span class='ocr_line' id='line_1_10' title="bbox 254 823 1840 877; baseline 0.002 -14"><span class='ocrx_word' id='word_1_88' title='bbox 254 834 257 836; x_wconf 81' lang='grc'><em>·</em></span> <span class='ocrx_word' id='word_1_89' title='bbox 304 826 460 877; x_wconf 88' lang='lat' dir='ltr'><strong>plenius</strong></span> <span class='ocrx_word' id='word_1_90' title='bbox 504 837 630 875; x_wconf 86' lang='lat' dir='ltr'><strong>aequo</strong></span> <span class='ocrx_word' id='word_1_91' title='bbox 673 825 815 864; x_wconf 86' lang='lat' dir='ltr'><strong>laudat</strong></span> <span class='ocrx_word' id='word_1_92' title='bbox 857 825 1010 864; x_wconf 89' lang='lat' dir='ltr'><strong>uenalis</strong></span> <span class='ocrx_word' id='word_1_93' title='bbox 1054 825 1122 876; x_wconf 92' lang='lat' dir='ltr'><strong>qui</strong></span> <span class='ocrx_word' id='word_1_94' title='bbox 1171 827 1258 866; x_wconf 88' lang='lat' dir='ltr'><strong>uolt</strong></span> <span class='ocrx_word' id='word_1_95' title='bbox 1306 826 1512 867; x_wconf 85' lang='lat' dir='ltr'><strong>extrudere</strong></span> <span class='ocrx_word' id='word_1_96' title='bbox 1560 823 1717 867; x_wconf 84' lang='lat' dir='ltr'><strong>mercis’</strong></span> <span class='ocrx_word' id='word_1_97' title='bbox 1767 829 1840 868; x_wconf 84' lang='lat' dir='ltr'><strong>art.</strong></span> 
     </span>
     <span class='ocr_line' id='line_1_11' title="bbox 304 882 1841 940; baseline 0.001 -14"><span class='ocrx_word' id='word_1_98' title='bbox 304 887 408 937; x_wconf 90' lang='lat' dir='ltr'><strong>poet.</strong></span> <span class='ocrx_word' id='word_1_99' title='bbox 437 886 520 924; x_wconf 82' lang='lat'><strong>416</strong></span> <span class='ocrx_word' id='word_1_100' title='bbox 569 882 687 924; x_wconf 86' lang='lat' dir='ltr'><strong>‘nunc</strong></span> <span class='ocrx_word' id='word_1_101' title='bbox 730 886 827 925; x_wconf 84' lang='lat' dir='ltr'><strong>satis</strong></span> <span class='ocrx_word' id='word_1_102' title='bbox 871 888 932 924; x_wconf 85' lang='lat' dir='ltr'><strong>est</strong></span> <span class='ocrx_word' id='word_1_103' title='bbox 975 885 1137 926; x_wconf 79' lang='lat' dir='ltr'><strong>dixisse:</strong></span> <span class='ocrx_word' id='word_1_104' title='bbox 1181 882 1286 938; x_wconf 84' lang='lat' dir='ltr'><strong>“ego</strong></span> <span class='ocrx_word' id='word_1_105' title='bbox 1327 887 1430 926; x_wconf 89' lang='lat' dir='ltr'><strong>mira</strong></span> <span class='ocrx_word' id='word_1_106' title='bbox 1469 889 1655 939; x_wconf 87' lang='lat' dir='ltr'><strong>poemata</strong></span> <span class='ocrx_word' id='word_1_107' title='bbox 1690 900 1841 940; x_wconf 85' lang='lat' dir='ltr'><strong>pango:</strong></span> 
     </span>
     <span class='ocr_line' id='line_1_12' title="bbox 306 941 1843 998; baseline 0.002 -14"><span class='ocrx_word' id='word_1_108' title='bbox 306 947 471 996; x_wconf 90' lang='lat' dir='ltr'><strong>occupet</strong></span> <span class='ocrx_word' id='word_1_109' title='bbox 509 947 726 984; x_wconf 87' lang='lat' dir='ltr'><strong>extremum</strong></span> <span class='ocrx_word' id='word_1_110' title='bbox 765 941 960 984; x_wconf 83' lang='lat' dir='ltr'><strong>scabies’&#39;.</strong></span> <span class='ocrx_word' id='word_1_111' title='bbox 984 976 990 983; x_wconf 96' lang='lat'><strong>.</strong></span> <span class='ocrx_word' id='word_1_112' title='bbox 1013 975 1020 982; x_wconf 86' lang='lat'><strong>.</strong></span> <span class='ocrx_word' id='word_1_113' title='bbox 1047 946 1095 984; x_wconf 88' lang='lat' dir='ltr'><strong>ut</strong></span> <span class='ocrx_word' id='word_1_114' title='bbox 1124 958 1286 996; x_wconf 84' lang='lat' dir='ltr'><strong>praeco,</strong></span> <span class='ocrx_word' id='word_1_115' title='bbox 1323 946 1374 985; x_wconf 83' lang='lat' dir='ltr'><strong>ad</strong></span> <span class='ocrx_word' id='word_1_116' title='bbox 1411 947 1552 987; x_wconf 85' lang='lat' dir='ltr'><strong>mercis</strong></span> <span class='ocrx_word' id='word_1_117' title='bbox 1583 947 1740 986; x_wconf 86' lang='lat' dir='ltr'><strong>turbam</strong></span> <span class='ocrx_word' id='word_1_118' title='bbox 1773 949 1843 998; x_wconf 89' lang='lat' dir='ltr'><strong>qui</strong></span> 
     </span>
     <span class='ocr_line' id='line_1_13' title="bbox 308 1003 1843 1058; baseline 0.002 -14"><span class='ocrx_word' id='word_1_119' title='bbox 308 1004 416 1056; x_wconf 86' lang='lat' dir='ltr'><strong>cogit</strong></span> <span class='ocrx_word' id='word_1_120' title='bbox 446 1003 631 1044; x_wconf 88' lang='lat' dir='ltr'><strong>emendas</strong></span> <span class='ocrx_word' id='word_1_121' title='bbox 664 1003 936 1044; x_wconf 77' lang='lat' dir='ltr'><strong>adsentatores</strong></span> <span class='ocrx_word' id='word_1_122' title='bbox 967 1003 1080 1044; x_wconf 89' lang='lat' dir='ltr'><strong>iubet</strong></span> <span class='ocrx_word' id='word_1_123' title='bbox 1105 1005 1152 1044; x_wconf 90' lang='lat' dir='ltr'><strong>ad</strong></span> <span class='ocrx_word' id='word_1_124' title='bbox 1180 1006 1334 1044; x_wconf 91' lang='lat' dir='ltr'><strong>lucrum</strong></span> <span class='ocrx_word' id='word_1_125' title='bbox 1360 1007 1418 1045; x_wconf 90' lang='lat' dir='ltr'><strong>ire</strong></span> <span class='ocrx_word' id='word_1_126' title='bbox 1442 1009 1561 1057; x_wconf 88' lang='lat' dir='ltr'><strong>poeta</strong></span> <span class='ocrx_word' id='word_1_127' title='bbox 1587 1006 1697 1046; x_wconf 86' lang='lat' dir='ltr'><strong>diues</strong></span> <span class='ocrx_word' id='word_1_128' title='bbox 1723 1008 1843 1058; x_wconf 75' lang='lat' dir='ltr'><strong>agr-Is,</strong></span> 
     </span>
     <span class='ocr_line' id='line_1_14' title="bbox 306 1061 1844 1117; baseline 0.002 -14"><span class='ocrx_word' id='word_1_129' title='bbox 306 1065 418 1103; x_wconf 88' lang='lat' dir='ltr'><strong>diues</strong></span> <span class='ocrx_word' id='word_1_130' title='bbox 449 1065 590 1114; x_wconf 86' lang='lat' dir='ltr'><strong>positis</strong></span> <span class='ocrx_word' id='word_1_131' title='bbox 621 1065 663 1102; x_wconf 90' lang='lat' dir='ltr'><strong>in</strong></span> <span class='ocrx_word' id='word_1_132' title='bbox 701 1064 860 1103; x_wconf 90' lang='lat' dir='ltr'><strong>faenore</strong></span> <span class='ocrx_word' id='word_1_133' title='bbox 897 1061 1096 1104; x_wconf 90' lang='lat' dir='ltr'><strong>nummis&#39;.</strong></span> <span class='ocrx_word' id='word_1_134' title='bbox 1159 1066 1348 1113; x_wconf 70' lang='lat' dir='ltr'><strong>inprobus</strong></span> <span class='ocrx_word' id='word_1_135' title='bbox 1386 1068 1446 1105; x_wconf 87' lang='lat' dir='ltr'><strong>est</strong></span> <span class='ocrx_word' id='word_1_136' title='bbox 1482 1066 1700 1106; x_wconf 86' lang='lat' dir='ltr'><strong>scrutarius</strong></span> <span class='ocrx_word' id='word_1_137' title='bbox 1738 1066 1844 1117; x_wconf 82' lang='lat' dir='ltr'><strong>quod</strong></span> 
     </span>
     <span class='ocr_line' id='line_1_15' title="bbox 306 1118 1843 1180; baseline 0.001 -17"><span class='ocrx_word' id='word_1_138' title='bbox 306 1136 454 1163; x_wconf 87' lang='lat' dir='ltr'><strong>merces</strong></span> <span class='ocrx_word' id='word_1_139' title='bbox 486 1123 663 1162; x_wconf 75' lang='lat' dir='ltr'><strong>extrudit</strong></span> <span class='ocrx_word' id='word_1_140' title='bbox 693 1123 881 1174; x_wconf 88' lang='lat' dir='ltr'><strong>inprobas</strong></span> <span class='ocrx_word' id='word_1_141' title='bbox 913 1118 1061 1177; x_wconf 87' lang='lat' dir='ltr'><strong>(Plaut.</strong></span> <span class='ocrx_word' id='word_1_142' title='bbox 1088 1124 1171 1163; x_wconf 89' lang='lat' dir='ltr'><strong>Mil.</strong></span> <span class='ocrx_word' id='word_1_143' title='bbox 1201 1126 1283 1163; x_wconf 84' lang='lat'><strong>727</strong></span> <span class='ocrx_word' id='word_1_144' title='bbox 1313 1125 1413 1164; x_wconf 87' lang='lat' dir='ltr'><strong>Rud.</strong></span> <span class='ocrx_word' id='word_1_145' title='bbox 1442 1119 1558 1180; x_wconf 86' lang='lat'><strong>373).</strong></span> <span class='ocrx_word' id='word_1_146' title='bbox 1587 1148 1641 1153; x_wconf 93' lang='lat'><strong>——</strong></span> <span class='ocrx_word' id='word_1_147' title='bbox 1666 1125 1788 1166; x_wconf 90' lang='lat' dir='ltr'><strong>Libro</strong></span> <span class='ocrx_word' id='word_1_148' title='bbox 1807 1126 1843 1165; x_wconf 91' lang='lat' dir='ltr'>X</span> 
     </span>
     <span class='ocr_line' id='line_1_16' title="bbox 306 1183 874 1223; baseline -0.002 -1"><span class='ocrx_word' id='word_1_149' title='bbox 306 1184 478 1223; x_wconf 75' lang='lat' dir='ltr'><strong>tribuas:</strong></span> <span class='ocrx_word' id='word_1_150' title='bbox 511 1183 602 1222; x_wconf 92' lang='lat' dir='ltr'><strong>uide</strong></span> <span class='ocrx_word' id='word_1_151' title='bbox 634 1183 685 1222; x_wconf 87' lang='lat' dir='ltr'><strong>ad</strong></span> <span class='ocrx_word' id='word_1_152' title='bbox 717 1196 754 1221; x_wconf 86' lang='grc'><strong>11.</strong></span> <span class='ocrx_word' id='word_1_153' title='bbox 777 1184 874 1222; x_wconf 88' lang='grc'>388.</span> 
     </span>
    </p>

    <p class='ocr_par' dir='ltr' id='par_1_3' title="bbox 306 1238 1846 3025">
     <span class='ocr_line' id='line_1_17' title="bbox 430 1238 1845 1295; baseline 0.003 -13"><span class='ocrx_word' id='word_1_154' title='bbox 430 1238 570 1283; x_wconf 80' lang='lat'>1284.</span> <span class='ocrx_word' id='word_1_155' title='bbox 603 1242 754 1282; x_wconf 86' lang='lat' dir='ltr'><strong>Gellius</strong></span> <span class='ocrx_word' id='word_1_156' title='bbox 779 1243 915 1282; x_wconf 87' lang='lat' dir='ltr'>XVIII</span> <span class='ocrx_word' id='word_1_157' title='bbox 941 1244 980 1292; x_wconf 88' lang='grc'><strong>5,</strong></span> <span class='ocrx_word' id='word_1_158' title='bbox 1007 1244 1031 1282; x_wconf 88' lang='grc'>8</span> <span class='ocrx_word' id='word_1_159' title='bbox 1067 1241 1277 1295; x_wconf 80' lang='lat' dir='ltr'><strong>‘Pleraque</strong></span> <span class='ocrx_word' id='word_1_160' title='bbox 1314 1246 1419 1284; x_wconf 87' lang='lat' dir='ltr'><strong>enim</strong></span> <span class='ocrx_word' id='word_1_161' title='bbox 1450 1248 1631 1285; x_wconf 87' lang='lat' dir='ltr'><strong>ueterum</strong></span> <span class='ocrx_word' id='word_1_162' title='bbox 1662 1248 1772 1286; x_wconf 84' lang='lat' dir='ltr'><strong>aetas</strong></span> <span class='ocrx_word' id='word_1_163' title='bbox 1803 1247 1845 1286; x_wconf 83' lang='lat' dir='ltr'><strong>et</strong></span> 
     </span>
     <span class='ocr_line' id='line_1_18' title="bbox 306 1302 1844 1357; baseline 0.003 -16"><span class='ocrx_word' id='word_1_164' title='bbox 306 1304 507 1342; x_wconf 81' lang='lat' dir='ltr'><strong>hominem</strong></span> <span class='ocrx_word' id='word_1_165' title='bbox 557 1315 656 1353; x_wconf 89' lang='lat' dir='ltr'><strong>equo</strong></span> <span class='ocrx_word' id='word_1_166' title='bbox 705 1302 943 1342; x_wconf 87' lang='lat' dir='ltr'><strong>insidentem</strong></span> <span class='ocrx_word' id='word_1_167' title='bbox 993 1305 1033 1342; x_wconf 91' lang='lat' dir='ltr'><strong>et</strong></span> <span class='ocrx_word' id='word_1_168' title='bbox 1081 1316 1228 1354; x_wconf 88' lang='lat' dir='ltr'><strong>equum</strong></span> <span class='ocrx_word' id='word_1_169' title='bbox 1278 1305 1348 1355; x_wconf 92' lang='lat' dir='ltr'><strong>qui</strong></span> <span class='ocrx_word' id='word_1_170' title='bbox 1392 1304 1630 1345; x_wconf 75' lang='lat' dir='ltr'><strong>insideretur</strong></span> <span class='ocrx_word' id='word_1_171' title='bbox 1669 1306 1844 1357; x_wconf 87' lang='lat' dir='ltr'><strong>equitem</strong></span> 
     </span>
     <span class='ocr_line' id='line_1_19' title="bbox 306 1363 1843 1414; baseline 0.002 -12"><span class='ocrx_word' id='word_1_172' title='bbox 306 1363 501 1402; x_wconf 85' lang='lat' dir='ltr'><strong>dixerunt.</strong></span> <span class='ocrx_word' id='word_1_173' title='bbox 569 1364 780 1413; x_wconf 85' lang='lat' dir='ltr'><strong>propterea</strong></span> <span class='ocrx_word' id='word_1_174' title='bbox 823 1363 1002 1413; x_wconf 86' lang='lat' dir='ltr'><strong>equitare</strong></span> <span class='ocrx_word' id='word_1_175' title='bbox 1045 1363 1185 1412; x_wconf 88' lang='lat' dir='ltr'><strong>etiam,</strong></span> <span class='ocrx_word' id='word_1_176' title='bbox 1228 1364 1334 1414; x_wconf 90' lang='lat' dir='ltr'><strong>quod</strong></span> <span class='ocrx_word' id='word_1_177' title='bbox 1377 1363 1542 1404; x_wconf 89' lang='lat' dir='ltr'><strong>uerbum</strong></span> <span class='ocrx_word' id='word_1_178' title='bbox 1585 1378 1606 1404; x_wconf 89' lang='grc'><strong>0</strong></span> <span class='ocrx_word' id='word_1_179' title='bbox 1648 1365 1843 1405; x_wconf 88' lang='lat' dir='ltr'><strong>uocabulo</strong></span> 
     </span>
     <span class='ocr_line' id='line_1_20' title="bbox 308 1422 1845 1474; baseline 0.002 -13"><span class='ocrx_word' id='word_1_180' title='bbox 308 1423 456 1473; x_wconf 87' lang='lat' dir='ltr'><strong>equitis</strong></span> <span class='ocrx_word' id='word_1_181' title='bbox 487 1422 723 1461; x_wconf 78' lang='lat' dir='ltr'><strong>inclinatum</strong></span> <span class='ocrx_word' id='word_1_182' title='bbox 756 1424 828 1471; x_wconf 82' lang='lat' dir='ltr'><strong>est,</strong></span> <span class='ocrx_word' id='word_1_183' title='bbox 859 1424 900 1461; x_wconf 89' lang='lat' dir='ltr'><strong>et</strong></span> <span class='ocrx_word' id='word_1_184' title='bbox 929 1422 1047 1461; x_wconf 92' lang='lat' dir='ltr'><strong>homo</strong></span> <span class='ocrx_word' id='word_1_185' title='bbox 1079 1435 1180 1472; x_wconf 91' lang='lat' dir='ltr'><strong>equo</strong></span> <span class='ocrx_word' id='word_1_186' title='bbox 1213 1425 1326 1463; x_wconf 88' lang='lat' dir='ltr'><strong>utens</strong></span> <span class='ocrx_word' id='word_1_187' title='bbox 1359 1426 1399 1462; x_wconf 87' lang='lat' dir='ltr'><strong>et</strong></span> <span class='ocrx_word' id='word_1_188' title='bbox 1429 1436 1555 1474; x_wconf 88' lang='lat' dir='ltr'><strong>equus</strong></span> <span class='ocrx_word' id='word_1_189' title='bbox 1586 1424 1658 1464; x_wconf 88' lang='lat' dir='ltr'><strong>sub</strong></span> <span class='ocrx_word' id='word_1_190' title='bbox 1685 1425 1845 1464; x_wconf 83' lang='lat' dir='ltr'><strong>homine</strong></span> 
     </span>
     <span class='ocr_line' id='line_1_21' title="bbox 308 1481 1844 1536; baseline 0.002 -15"><span class='ocrx_word' id='word_1_191' title='bbox 308 1482 492 1534; x_wconf 79' lang='lat' dir='ltr'><strong>gradiens</strong></span> <span class='ocrx_word' id='word_1_192' title='bbox 524 1481 740 1520; x_wconf 89' lang='lat' dir='ltr'><strong>dicebatur.</strong></span> <span class='ocrx_word' id='word_1_193' title='bbox 802 1481 980 1521; x_wconf 81' lang='lat' dir='ltr'><strong>Lucilius</strong></span> <span class='ocrx_word' id='word_1_194' title='bbox 1012 1481 1129 1531; x_wconf 87' lang='lat' dir='ltr'><strong>adeo,</strong></span> <span class='ocrx_word' id='word_1_195' title='bbox 1166 1481 1229 1521; x_wconf 84' lang='lat' dir='ltr'><strong>uir</strong></span> <span class='ocrx_word' id='word_1_196' title='bbox 1266 1482 1444 1534; x_wconf 82' lang='lat' dir='ltr'><strong>adprime</strong></span> <span class='ocrx_word' id='word_1_197' title='bbox 1484 1484 1645 1536; x_wconf 85' lang='lat' dir='ltr'><strong>linguae</strong></span> <span class='ocrx_word' id='word_1_198' title='bbox 1676 1483 1844 1524; x_wconf 83' lang='lat' dir='ltr'><strong>Latinae</strong></span> 
     </span>
     <span class='ocr_line' id='line_1_22' title="bbox 308 1538 1842 1595; baseline 0.001 -14"><span class='ocrx_word' id='word_1_199' title='bbox 308 1543 446 1590; x_wconf 87' lang='lat' dir='ltr'><strong>sciens,</strong></span> <span class='ocrx_word' id='word_1_200' title='bbox 466 1554 612 1592; x_wconf 90' lang='lat' dir='ltr'><strong>equum</strong></span> <span class='ocrx_word' id='word_1_201' title='bbox 633 1542 812 1591; x_wconf 88' lang='lat' dir='ltr'><strong>equitare</strong></span> <span class='ocrx_word' id='word_1_202' title='bbox 831 1541 929 1580; x_wconf 89' lang='lat' dir='ltr'><strong>dicit</strong></span> <span class='ocrx_word' id='word_1_203' title='bbox 947 1541 1009 1580; x_wconf 87' lang='lat' dir='ltr'><strong>his</strong></span> <span class='ocrx_word' id='word_1_204' title='bbox 1030 1542 1226 1582; x_wconf 86' lang='lat' dir='ltr'><strong>uersibus:</strong></span> <span class='ocrx_word' id='word_1_205' title='bbox 1252 1538 1374 1593; x_wconf 83' lang='lat' dir='ltr'><strong>“quis</strong></span> <span class='ocrx_word' id='word_1_206' title='bbox 1395 1574 1402 1582; x_wconf 88' lang='lat'><strong>.</strong></span> <span class='ocrx_word' id='word_1_207' title='bbox 1425 1574 1432 1582; x_wconf 91' lang='lat'><strong>.</strong></span> <span class='ocrx_word' id='word_1_208' title='bbox 1455 1574 1462 1581; x_wconf 94' lang='lat'><strong>.</strong></span> <span class='ocrx_word' id='word_1_209' title='bbox 1483 1544 1607 1583; x_wconf 88' lang='lat' dir='ltr'><strong>oculis</strong></span> <span class='ocrx_word' id='word_1_210' title='bbox 1627 1540 1842 1595; x_wconf 86' lang='lat' dir='ltr'><strong>equitat’&#39;.’</strong></span> 
     </span>
     <span class='ocr_line' id='line_1_23' title="bbox 308 1598 1845 1658; baseline 0.003 -18"><span class='ocrx_word' id='word_1_211' title='bbox 308 1601 411 1641; x_wconf 88' lang='lat' dir='ltr'><strong>Hinc</strong></span> <span class='ocrx_word' id='word_1_212' title='bbox 435 1601 589 1641; x_wconf 86' lang='lat' dir='ltr'><strong>Nonius</strong></span> <span class='ocrx_word' id='word_1_213' title='bbox 615 1615 652 1652; x_wconf 90' lang='lat' dir='ltr'><strong>p.</strong></span> <span class='ocrx_word' id='word_1_214' title='bbox 676 1601 779 1650; x_wconf 89' lang='lat'>106,</span> <span class='ocrx_word' id='word_1_215' title='bbox 806 1601 860 1640; x_wconf 87' lang='grc'><strong>32</strong></span> <span class='ocrx_word' id='word_1_216' title='bbox 896 1598 1105 1652; x_wconf 79' lang='lat' dir='ltr'><strong>‘Equitare</strong></span> <span class='ocrx_word' id='word_1_217' title='bbox 1137 1615 1292 1653; x_wconf 89' lang='lat' dir='ltr'><strong>quoque</strong></span> <span class='ocrx_word' id='word_1_218' title='bbox 1323 1602 1501 1642; x_wconf 84' lang='lat' dir='ltr'><strong>Lucilius</strong></span> <span class='ocrx_word' id='word_1_219' title='bbox 1534 1615 1642 1644; x_wconf 79' lang='lat' dir='ltr'><strong>ecum</strong></span> <span class='ocrx_word' id='word_1_220' title='bbox 1672 1598 1782 1658; x_wconf 88' lang='lat' dir='ltr'><strong>(cum</strong></span> <span class='ocrx_word' id='word_1_221' title='bbox 1805 1602 1845 1643; x_wconf 86' lang='lat' dir='ltr'><strong>L</strong></span> 
     </span>
     <span class='ocr_line' id='line_1_24' title="bbox 309 1655 1845 1718; baseline 0.001 -17"><span class='ocrx_word' id='word_1_222' title='bbox 309 1675 453 1712; x_wconf 90' lang='lat' dir='ltr'><strong>equum</strong></span> <span class='ocrx_word' id='word_1_223' title='bbox 482 1655 538 1714; x_wconf 75' lang='lat' dir='ltr'><strong>G)</strong></span> <span class='ocrx_word' id='word_1_224' title='bbox 570 1660 678 1712; x_wconf 85' lang='lat' dir='ltr'><strong>dicit,</strong></span> <span class='ocrx_word' id='word_1_225' title='bbox 711 1673 800 1700; x_wconf 89' lang='lat' dir='ltr'><strong>cum</strong></span> <span class='ocrx_word' id='word_1_226' title='bbox 825 1662 879 1700; x_wconf 88' lang='lat' dir='ltr'><strong>sit</strong></span> <span class='ocrx_word' id='word_1_227' title='bbox 903 1661 1075 1702; x_wconf 89' lang='lat' dir='ltr'><strong>hominis</strong></span> <span class='ocrx_word' id='word_1_228' title='bbox 1100 1673 1228 1702; x_wconf 80' lang='lat' dir='ltr'><strong>secum</strong></span> <span class='ocrx_word' id='word_1_229' title='bbox 1259 1657 1386 1716; x_wconf 82' lang='lat' dir='ltr'><strong>(ecum</strong></span> <span class='ocrx_word' id='word_1_230' title='bbox 1409 1658 1599 1718; x_wconf 83' lang='lat' dir='ltr'><strong>Rothius)</strong></span> <span class='ocrx_word' id='word_1_231' title='bbox 1625 1663 1845 1714; x_wconf 84' lang='lat' dir='ltr'><strong>insidentis,</strong></span> 
     </span>
     <span class='ocr_line' id='line_1_25' title="bbox 310 1715 1845 1775; baseline 0.002 -15"><span class='ocrx_word' id='word_1_232' title='bbox 310 1718 432 1771; x_wconf 82' lang='lat' dir='ltr'><strong>“quis</strong></span> <span class='ocrx_word' id='word_1_233' title='bbox 462 1721 566 1760; x_wconf 85' lang='lat' dir='ltr'><strong>hunc</strong></span> <span class='ocrx_word' id='word_1_234' title='bbox 598 1733 754 1760; x_wconf 89' lang='lat' dir='ltr'><strong>currere</strong></span> <span class='ocrx_word' id='word_1_235' title='bbox 786 1733 897 1760; x_wconf 90' lang='lat' dir='ltr'><strong>ecum</strong></span> <span class='ocrx_word' id='word_1_236' title='bbox 929 1715 1009 1772; x_wconf 76' lang='lat' dir='ltr'><strong>(ita</strong></span> <span class='ocrx_word' id='word_1_237' title='bbox 1032 1721 1089 1761; x_wconf 82' lang='lat' dir='ltr'><strong>L:</strong></span> <span class='ocrx_word' id='word_1_238' title='bbox 1122 1734 1267 1772; x_wconf 89' lang='lat' dir='ltr'><strong>equum</strong></span> <span class='ocrx_word' id='word_1_239' title='bbox 1300 1717 1356 1775; x_wconf 76' lang='lat' dir='ltr'><strong>G)</strong></span> <span class='ocrx_word' id='word_1_240' title='bbox 1393 1734 1472 1762; x_wconf 75' lang='lat' dir='ltr'><strong>non</strong></span> <span class='ocrx_word' id='word_1_241' title='bbox 1509 1735 1636 1772; x_wconf 78' lang='lat' dir='ltr'><strong>aquae</strong></span> <span class='ocrx_word' id='word_1_242' title='bbox 1666 1723 1845 1774; x_wconf 83' lang='lat' dir='ltr'><strong>equitare</strong></span> 
     </span>
     <span class='ocr_line' id='line_1_26' title="bbox 307 1776 1846 1833; baseline 0.001 -13"><span class='ocrx_word' id='word_1_243' title='bbox 307 1781 466 1820; x_wconf 75' lang='lat' dir='ltr'><strong>uidebat</strong></span> <span class='ocrx_word' id='word_1_244' title='bbox 491 1811 498 1818; x_wconf 95' lang='lat'><strong>.</strong></span> <span class='ocrx_word' id='word_1_245' title='bbox 521 1811 528 1819; x_wconf 93' lang='lat'><strong>.</strong></span> <span class='ocrx_word' id='word_1_246' title='bbox 551 1811 558 1819; x_wconf 92' lang='lat'><strong>.</strong></span> <span class='ocrx_word' id='word_1_247' title='bbox 585 1781 787 1830; x_wconf 86' lang='lat' dir='ltr'><strong>curritque</strong></span> <span class='ocrx_word' id='word_1_248' title='bbox 819 1776 1004 1819; x_wconf 88' lang='lat' dir='ltr'><strong>oculis’&#39;.’</strong></span> <span class='ocrx_word' id='word_1_249' title='bbox 1061 1782 1102 1820; x_wconf 85' lang='lat' dir='ltr'><strong>et</strong></span> <span class='ocrx_word' id='word_1_250' title='bbox 1132 1781 1303 1821; x_wconf 88' lang='lat' dir='ltr'><strong>Macrob.</strong></span> <span class='ocrx_word' id='word_1_251' title='bbox 1331 1782 1488 1822; x_wconf 88' lang='lat' dir='ltr'><strong>Saturn.</strong></span> <span class='ocrx_word' id='word_1_252' title='bbox 1514 1782 1573 1822; x_wconf 94' lang='lat' dir='ltr'><strong>VI</strong></span> <span class='ocrx_word' id='word_1_253' title='bbox 1600 1785 1638 1833; x_wconf 84' lang='lat'><strong>9,</strong></span> <span class='ocrx_word' id='word_1_254' title='bbox 1665 1785 1715 1822; x_wconf 95' lang='lat'><strong>11</strong></span> <span class='ocrx_word' id='word_1_255' title='bbox 1753 1779 1846 1822; x_wconf 87' lang='lat' dir='ltr'><strong>‘Lu-</strong></span> 
     </span>
     <span class='ocr_line' id='line_1_27' title="bbox 309 1839 1845 1893; baseline 0.002 -14"><span class='ocrx_word' id='word_1_256' title='bbox 309 1840 424 1879; x_wconf 85' lang='lat' dir='ltr'><strong>cilius</strong></span> <span class='ocrx_word' id='word_1_257' title='bbox 455 1853 638 1890; x_wconf 85' lang='lat' dir='ltr'><strong>namque,</strong></span> <span class='ocrx_word' id='word_1_258' title='bbox 669 1840 733 1878; x_wconf 88' lang='lat' dir='ltr'><strong>uir</strong></span> <span class='ocrx_word' id='word_1_259' title='bbox 763 1839 943 1890; x_wconf 85' lang='lat' dir='ltr'><strong>adprime</strong></span> <span class='ocrx_word' id='word_1_260' title='bbox 967 1840 1127 1892; x_wconf 87' lang='lat' dir='ltr'><strong>linguae</strong></span> <span class='ocrx_word' id='word_1_261' title='bbox 1155 1840 1323 1881; x_wconf 83' lang='lat' dir='ltr'><strong>Latinae</strong></span> <span class='ocrx_word' id='word_1_262' title='bbox 1348 1843 1464 1891; x_wconf 88' lang='lat' dir='ltr'><strong>scius,</strong></span> <span class='ocrx_word' id='word_1_263' title='bbox 1496 1855 1641 1893; x_wconf 87' lang='lat' dir='ltr'><strong>equum</strong></span> <span class='ocrx_word' id='word_1_264' title='bbox 1667 1843 1845 1893; x_wconf 85' lang='lat' dir='ltr'><strong>equitare</strong></span> 
     </span>
     <span class='ocr_line' id='line_1_28' title="bbox 309 1896 1845 1956; baseline 0.003 -19"><span class='ocrx_word' id='word_1_265' title='bbox 309 1900 408 1939; x_wconf 87' lang='lat' dir='ltr'><strong>dicit</strong></span> <span class='ocrx_word' id='word_1_266' title='bbox 450 1899 525 1938; x_wconf 90' lang='lat' dir='ltr'><strong>hoc</strong></span> <span class='ocrx_word' id='word_1_267' title='bbox 567 1912 683 1938; x_wconf 89' lang='lat' dir='ltr'><strong>uersu</strong></span> <span class='ocrx_word' id='word_1_268' title='bbox 728 1896 901 1950; x_wconf 82' lang='lat' dir='ltr'><strong>“nempe</strong></span> <span class='ocrx_word' id='word_1_269' title='bbox 944 1899 1048 1939; x_wconf 88' lang='lat' dir='ltr'><strong>hune</strong></span> <span class='ocrx_word' id='word_1_270' title='bbox 1090 1913 1245 1940; x_wconf 87' lang='lat' dir='ltr'><strong>currere</strong></span> <span class='ocrx_word' id='word_1_271' title='bbox 1289 1914 1433 1952; x_wconf 90' lang='lat' dir='ltr'><strong>equum</strong></span> <span class='ocrx_word' id='word_1_272' title='bbox 1476 1914 1548 1942; x_wconf 89' lang='lat' dir='ltr'><strong>nos</strong></span> <span class='ocrx_word' id='word_1_273' title='bbox 1592 1904 1712 1953; x_wconf 87' lang='lat' dir='ltr'><strong>atque</strong></span> <span class='ocrx_word' id='word_1_274' title='bbox 1753 1897 1845 1956; x_wconf 87' lang='lat' dir='ltr'><strong>(ego</strong></span> 
     </span>
     <span class='ocr_line' id='line_1_29' title="bbox 310 1954 1846 2013; baseline 0.002 -14"><span class='ocrx_word' id='word_1_275' title='bbox 310 1960 390 1999; x_wconf 78' lang='lat' dir='ltr'><strong>add</strong></span> <span class='ocrx_word' id='word_1_276' title='bbox 420 1960 489 1998; x_wconf 79' lang='lat' dir='ltr'><strong>cod</strong></span> <span class='ocrx_word' id='word_1_277' title='bbox 519 1954 572 2012; x_wconf 84' lang='lat' dir='ltr'><strong>P)</strong></span> <span class='ocrx_word' id='word_1_278' title='bbox 605 1958 784 2009; x_wconf 85' lang='lat' dir='ltr'><strong>equitare</strong></span> <span class='ocrx_word' id='word_1_279' title='bbox 815 1955 1057 1999; x_wconf 88' lang='lat' dir='ltr'><strong>uidemus&#39;&#39;.&#39;</strong></span> <span class='ocrx_word' id='word_1_280' title='bbox 1118 1959 1178 1999; x_wconf 88' lang='lat' dir='ltr'><strong>De</strong></span> <span class='ocrx_word' id='word_1_281' title='bbox 1211 1972 1320 2010; x_wconf 78' lang='lat' dir='ltr'><strong>eques</strong></span> <span class='ocrx_word' id='word_1_282' title='bbox 1350 1973 1423 2011; x_wconf 85' lang='lat' dir='ltr'><strong>pro</strong></span> <span class='ocrx_word' id='word_1_283' title='bbox 1455 1973 1549 2010; x_wconf 79' lang='lat' dir='ltr'><strong>equo</strong></span> <span class='ocrx_word' id='word_1_284' title='bbox 1580 1963 1771 2013; x_wconf 89' lang='lat' dir='ltr'><strong>usurpato</strong></span> <span class='ocrx_word' id='word_1_285' title='bbox 1802 1963 1846 2002; x_wconf 90' lang='grc'><strong>111</strong></span> 
     </span>
     <span class='ocr_line' id='line_1_30' title="bbox 308 2018 1844 2073; baseline 0.002 -15"><span class='ocrx_word' id='word_1_286' title='bbox 308 2021 447 2071; x_wconf 84' lang='lat' dir='ltr'><strong>lingua</strong></span> <span class='ocrx_word' id='word_1_287' title='bbox 472 2019 631 2070; x_wconf 88' lang='lat' dir='ltr'><strong>uulgari</strong></span> <span class='ocrx_word' id='word_1_288' title='bbox 656 2018 739 2070; x_wconf 86' lang='lat' dir='ltr'><strong>egit</strong></span> <span class='ocrx_word' id='word_1_289' title='bbox 761 2018 1027 2059; x_wconf 87' lang='lat' dir='ltr'><strong>Woelfflinius</strong></span> <span class='ocrx_word' id='word_1_290' title='bbox 1054 2020 1200 2059; x_wconf 85' lang='lat' dir='ltr'><strong>archiu.</strong></span> <span class='ocrx_word' id='word_1_291' title='bbox 1227 2020 1337 2059; x_wconf 86' lang='lat' dir='ltr'><strong>lexic.</strong></span> <span class='ocrx_word' id='word_1_292' title='bbox 1364 2019 1451 2059; x_wconf 88' lang='lat' dir='ltr'><strong>Lat.</strong></span> <span class='ocrx_word' id='word_1_293' title='bbox 1478 2021 1513 2060; x_wconf 94' lang='lat' dir='ltr'>X</span> <span class='ocrx_word' id='word_1_294' title='bbox 1542 2022 1654 2061; x_wconf 87' lang='lat'>1898</span> <span class='ocrx_word' id='word_1_295' title='bbox 1681 2034 1719 2073; x_wconf 91' lang='lat' dir='ltr'><strong>p.</strong></span> <span class='ocrx_word' id='word_1_296' title='bbox 1741 2022 1844 2061; x_wconf 87' lang='lat'><strong>286:</strong></span> 
     </span>
     <span class='ocr_line' id='line_1_31' title="bbox 310 2078 1844 2132; baseline 0.003 -15"><span class='ocrx_word' id='word_1_297' title='bbox 310 2080 490 2129; x_wconf 82' lang='lat' dir='ltr'><strong>equitare</strong></span> <span class='ocrx_word' id='word_1_298' title='bbox 521 2078 570 2117; x_wconf 91' lang='lat' dir='ltr'><strong>de</strong></span> <span class='ocrx_word' id='word_1_299' title='bbox 602 2091 702 2128; x_wconf 85' lang='lat' dir='ltr'><strong>equo</strong></span> <span class='ocrx_word' id='word_1_300' title='bbox 733 2079 809 2117; x_wconf 91' lang='grc' dir='ltr'><strong>11οο</strong></span> <span class='ocrx_word' id='word_1_301' title='bbox 837 2080 924 2118; x_wconf 85' lang='grc'>1000</span> <span class='ocrx_word' id='word_1_302' title='bbox 957 2079 1103 2118; x_wconf 86' lang='lat' dir='ltr'><strong>dicitur</strong></span> <span class='ocrx_word' id='word_1_303' title='bbox 1126 2081 1174 2118; x_wconf 88' lang='lat' dir='ltr'><strong>ut</strong></span> <span class='ocrx_word' id='word_1_304' title='bbox 1205 2080 1311 2131; x_wconf 88' lang='lat' dir='ltr'><strong>apud</strong></span> <span class='ocrx_word' id='word_1_305' title='bbox 1342 2081 1519 2131; x_wconf 85' lang='lat' dir='ltr'><strong>Xenoph.</strong></span> <span class='ocrx_word' id='word_1_306' title='bbox 1546 2080 1593 2120; x_wconf 91' lang='lat' dir='ltr'><strong>de</strong></span> <span class='ocrx_word' id='word_1_307' title='bbox 1623 2094 1667 2120; x_wconf 91' lang='lat' dir='ltr'><strong>re</strong></span> <span class='ocrx_word' id='word_1_308' title='bbox 1696 2083 1844 2132; x_wconf 88' lang='lat' dir='ltr'><strong>equest.</strong></span> 
     </span>
     <span class='ocr_line' id='line_1_32' title="bbox 310 2134 1844 2192; baseline 0.003 -16"><span class='ocrx_word' id='word_1_309' title='bbox 310 2139 367 2177; x_wconf 89' lang='lat' dir='ltr'><strong>XI</strong></span> <span class='ocrx_word' id='word_1_310' title='bbox 395 2141 416 2177; x_wconf 87' lang='lat'><strong>7</strong></span> <span class='ocrx_word' id='word_1_311' title='bbox 452 2135 504 2190; x_wconf 78' lang='grc' dir='ltr'><strong>ἢν</strong></span> <span class='ocrx_word' id='word_1_312' title='bbox 536 2134 577 2177; x_wconf 82' lang='grc' dir='ltr'><strong>δὲ</strong></span> <span class='ocrx_word' id='word_1_313' title='bbox 608 2135 675 2176; x_wconf 80' lang='grc' dir='ltr'><strong>καὶ</strong></span> <span class='ocrx_word' id='word_1_314' title='bbox 707 2136 802 2177; x_wconf 80' lang='grc' dir='ltr'><strong><em>ὅταν</em></strong></span> <span class='ocrx_word' id='word_1_315' title='bbox 833 2135 904 2189; x_wconf 81' lang='grc' dir='ltr'><strong>μὲν</strong></span> <span class='ocrx_word' id='word_1_316' title='bbox 929 2137 1141 2190; x_wconf 82' lang='grc' dir='ltr'><em>ἰππάζηται</em></span> <span class='ocrx_word' id='word_1_317' title='bbox 1173 2137 1281 2191; x_wconf 83' lang='grc' dir='ltr'><em>μέχρι</em></span> <span class='ocrx_word' id='word_1_318' title='bbox 1311 2141 1458 2179; x_wconf 82' lang='grc' dir='ltr'><strong>πολλοῦ</strong></span> <span class='ocrx_word' id='word_1_319' title='bbox 1484 2139 1647 2192; x_wconf 75' lang='grc' dir='ltr'><strong><em>ἱδρῶτος</em></strong></span> <span class='ocrx_word' id='word_1_320' title='bbox 1677 2139 1844 2192; x_wconf 73' lang='grc' dir='ltr'><em>ἐλαύνῃ-</em></span> 
     </span>
     <span class='ocr_line' id='line_1_33' title="bbox 310 2196 1844 2250; baseline 0.002 -14"><span class='ocrx_word' id='word_1_321' title='bbox 310 2213 373 2236; x_wconf 83' lang='grc' dir='ltr'><strong>ται</strong></span> <span class='ocrx_word' id='word_1_322' title='bbox 398 2200 475 2236; x_wconf 80' lang='grc' dir='ltr'><strong>κτλ.</strong></span> <span class='ocrx_word' id='word_1_323' title='bbox 532 2196 739 2248; x_wconf 84' lang='lat' dir='ltr'><strong>Sophistas</strong></span> <span class='ocrx_word' id='word_1_324' title='bbox 764 2198 994 2250; x_wconf 86' lang='lat' dir='ltr'><strong>impugnari</strong></span> <span class='ocrx_word' id='word_1_325' title='bbox 1017 2199 1174 2238; x_wconf 88' lang='lat' dir='ltr'><strong>monuit</strong></span> <span class='ocrx_word' id='word_1_326' title='bbox 1198 2198 1376 2250; x_wconf 84' lang='lat' dir='ltr'><strong>Scaliger</strong></span> <span class='ocrx_word' id='word_1_327' title='bbox 1399 2199 1442 2238; x_wconf 91' lang='lat' dir='ltr'><strong>in</strong></span> <span class='ocrx_word' id='word_1_328' title='bbox 1466 2199 1624 2239; x_wconf 89' lang='lat' dir='ltr'><strong>Dousae</strong></span> <span class='ocrx_word' id='word_1_329' title='bbox 1649 2212 1844 2240; x_wconf 87' lang='lat' dir='ltr'><strong>commen-</strong></span> 
     </span>
     <span class='ocr_line' id='line_1_34' title="bbox 310 2257 1845 2310; baseline 0.003 -15"><span class='ocrx_word' id='word_1_330' title='bbox 310 2257 414 2296; x_wconf 85' lang='lat' dir='ltr'><strong>tario</strong></span> <span class='ocrx_word' id='word_1_331' title='bbox 458 2257 508 2295; x_wconf 87' lang='lat' dir='ltr'><strong>ad</strong></span> <span class='ocrx_word' id='word_1_332' title='bbox 551 2258 687 2296; x_wconf 87' lang='lat' dir='ltr'><strong>incert.</strong></span> <span class='ocrx_word' id='word_1_333' title='bbox 730 2258 802 2296; x_wconf 86' lang='lat'>12:</span> <span class='ocrx_word' id='word_1_334' title='bbox 851 2270 994 2296; x_wconf 87' lang='lat' dir='ltr'><strong>nomen</strong></span> <span class='ocrx_word' id='word_1_335' title='bbox 1045 2258 1246 2309; x_wconf 85' lang='lat' dir='ltr'><strong>sophistae</strong></span> <span class='ocrx_word' id='word_1_336' title='bbox 1293 2258 1497 2298; x_wconf 81' lang='lat' dir='ltr'><strong>inuenitur</strong></span> <span class='ocrx_word' id='word_1_337' title='bbox 1546 2273 1607 2310; x_wconf 89' lang='lat' dir='ltr'><strong>ap.</strong></span> <span class='ocrx_word' id='word_1_338' title='bbox 1645 2258 1845 2299; x_wconf 81' lang='lat' dir='ltr'><strong>Lucilium</strong></span> 
     </span>
     <span class='ocr_line' id='line_1_35' title="bbox 311 2317 1845 2370; baseline 0.002 -15"><span class='ocrx_word' id='word_1_339' title='bbox 311 2317 448 2356; x_wconf 86' lang='lat' dir='ltr'><strong>incert.</strong></span> <span class='ocrx_word' id='word_1_340' title='bbox 473 2331 510 2355; x_wconf 93' lang='lat' dir='ltr'><strong>u.</strong></span> <span class='ocrx_word' id='word_1_341' title='bbox 539 2318 651 2355; x_wconf 87' lang='grc'>1117</span> <span class='ocrx_word' id='word_1_342' title='bbox 686 2329 800 2367; x_wconf 91' lang='lat' dir='ltr'><strong>quem</strong></span> <span class='ocrx_word' id='word_1_343' title='bbox 840 2331 878 2355; x_wconf 91' lang='lat' dir='ltr'><strong>u.</strong></span> <span class='ocrx_word' id='word_1_344' title='bbox 904 2317 955 2356; x_wconf 88' lang='lat' dir='ltr'><strong>ad</strong></span> <span class='ocrx_word' id='word_1_345' title='bbox 994 2318 1098 2356; x_wconf 87' lang='lat' dir='ltr'><strong>hunc</strong></span> <span class='ocrx_word' id='word_1_346' title='bbox 1134 2319 1160 2357; x_wconf 95' lang='lat' dir='ltr'><strong>l.</strong></span> <span class='ocrx_word' id='word_1_347' title='bbox 1186 2319 1384 2368; x_wconf 86' lang='lat' dir='ltr'><strong>pertinere</strong></span> <span class='ocrx_word' id='word_1_348' title='bbox 1416 2319 1638 2370; x_wconf 86' lang='lat' dir='ltr'><strong>suspiceris.</strong></span> <span class='ocrx_word' id='word_1_349' title='bbox 1700 2319 1845 2360; x_wconf 90' lang='lat' dir='ltr'><strong>Aemu-</strong></span> 
     </span>
     <span class='ocr_line' id='line_1_36' title="bbox 310 2377 1844 2430; baseline 0.003 -15"><span class='ocrx_word' id='word_1_350' title='bbox 310 2377 416 2415; x_wconf 90' lang='lat' dir='ltr'><strong>latus</strong></span> <span class='ocrx_word' id='word_1_351' title='bbox 448 2378 509 2416; x_wconf 86' lang='lat' dir='ltr'><strong>est</strong></span> <span class='ocrx_word' id='word_1_352' title='bbox 538 2378 659 2427; x_wconf 89' lang='lat' dir='ltr'><strong>poeta</strong></span> <span class='ocrx_word' id='word_1_353' title='bbox 689 2389 736 2414; x_wconf 85' lang='lat' dir='ltr'><strong>ea</strong></span> <span class='ocrx_word' id='word_1_354' title='bbox 767 2377 877 2416; x_wconf 89' lang='lat' dir='ltr'><strong>cuius</strong></span> <span class='ocrx_word' id='word_1_355' title='bbox 908 2377 952 2415; x_wconf 84' lang='lat' dir='ltr'><strong>hi</strong></span> <span class='ocrx_word' id='word_1_356' title='bbox 976 2391 1113 2418; x_wconf 87' lang='lat' dir='ltr'><strong>uersus</strong></span> <span class='ocrx_word' id='word_1_357' title='bbox 1141 2378 1303 2418; x_wconf 86' lang='lat' dir='ltr'><strong>fuerunt</strong></span> <span class='ocrx_word' id='word_1_358' title='bbox 1327 2380 1464 2418; x_wconf 87' lang='lat' dir='ltr'><strong>satura</strong></span> <span class='ocrx_word' id='word_1_359' title='bbox 1487 2379 1666 2419; x_wconf 82' lang='lat' dir='ltr'><strong>Platonis</strong></span> <span class='ocrx_word' id='word_1_360' title='bbox 1692 2379 1844 2430; x_wconf 82' lang='lat' dir='ltr'><strong>Euthy-</strong></span> 
     </span>
     <span class='ocr_line' id='line_1_37' title="bbox 311 2435 1846 2487; baseline 0.002 -12"><span class='ocrx_word' id='word_1_361' title='bbox 311 2437 485 2475; x_wconf 90' lang='lat' dir='ltr'><strong>demum:</strong></span> <span class='ocrx_word' id='word_1_362' title='bbox 512 2437 632 2475; x_wconf 88' lang='lat' dir='ltr'><strong>etiam</strong></span> <span class='ocrx_word' id='word_1_363' title='bbox 661 2435 928 2487; x_wconf 82' lang='lat' dir='ltr'><strong>Chrysippum</strong></span> <span class='ocrx_word' id='word_1_364' title='bbox 953 2437 1145 2477; x_wconf 88' lang='lat' dir='ltr'><strong>eiusmodi</strong></span> <span class='ocrx_word' id='word_1_365' title='bbox 1170 2439 1446 2478; x_wconf 85' lang='lat' dir='ltr'><strong>cauillationes</strong></span> <span class='ocrx_word' id='word_1_366' title='bbox 1468 2440 1688 2478; x_wconf 87' lang='lat' dir='ltr'><strong>exercuisse</strong></span> <span class='ocrx_word' id='word_1_367' title='bbox 1707 2440 1846 2480; x_wconf 86' lang='lat' dir='ltr'><strong>narrat</strong></span> 
     </span>
     <span class='ocr_line' id='line_1_38' title="bbox 312 2490 1845 2549; baseline 0.003 -15"><span class='ocrx_word' id='word_1_368' title='bbox 312 2497 427 2548; x_wconf 87' lang='lat' dir='ltr'><strong>Diog.</strong></span> <span class='ocrx_word' id='word_1_369' title='bbox 447 2495 578 2535; x_wconf 87' lang='lat' dir='ltr'><strong>Laert.</strong></span> <span class='ocrx_word' id='word_1_370' title='bbox 598 2490 677 2534; x_wconf 92' lang='lat' dir='ltr'><strong>VII</strong></span> <span class='ocrx_word' id='word_1_371' title='bbox 702 2496 782 2535; x_wconf 83' lang='lat'>186</span> <span class='ocrx_word' id='word_1_372' title='bbox 797 2508 905 2547; x_wconf 88' lang='lat' dir='ltr'><strong>seqq.</strong></span> <span class='ocrx_word' id='word_1_373' title='bbox 955 2497 1192 2548; x_wconf 83' lang='lat' dir='ltr'><strong>Exemplum</strong></span> <span class='ocrx_word' id='word_1_374' title='bbox 1211 2498 1342 2549; x_wconf 90' lang='lat' dir='ltr'><strong>ipsum</strong></span> <span class='ocrx_word' id='word_1_375' title='bbox 1361 2500 1563 2549; x_wconf 89' lang='lat' dir='ltr'><strong>sumptum</strong></span> <span class='ocrx_word' id='word_1_376' title='bbox 1584 2511 1666 2538; x_wconf 88' lang='lat' dir='ltr'><strong>esse</strong></span> <span class='ocrx_word' id='word_1_377' title='bbox 1685 2498 1845 2539; x_wconf 86' lang='lat' dir='ltr'><strong>uidetur</strong></span> 
     </span>
     <span class='ocr_line' id='line_1_39' title="bbox 312 2556 1844 2609; baseline 0.002 -14"><span class='ocrx_word' id='word_1_378' title='bbox 312 2569 333 2595; x_wconf 91' lang='grc'><strong>0</strong></span> <span class='ocrx_word' id='word_1_379' title='bbox 382 2556 738 2606; x_wconf 82' lang='lat' dir='ltr'><strong>Peripateticorum</strong></span> <span class='ocrx_word' id='word_1_380' title='bbox 787 2556 939 2596; x_wconf 85' lang='lat' dir='ltr'><strong>schola:</strong></span> <span class='ocrx_word' id='word_1_381' title='bbox 988 2556 1226 2596; x_wconf 83' lang='lat' dir='ltr'><strong>Aristoteles</strong></span> <span class='ocrx_word' id='word_1_382' title='bbox 1275 2557 1439 2608; x_wconf 89' lang='lat' dir='ltr'><strong>sophist.</strong></span> <span class='ocrx_word' id='word_1_383' title='bbox 1478 2559 1624 2598; x_wconf 89' lang='lat' dir='ltr'><strong>elench.</strong></span> <span class='ocrx_word' id='word_1_384' title='bbox 1663 2571 1748 2609; x_wconf 86' lang='lat' dir='ltr'><strong>cap.</strong></span> <span class='ocrx_word' id='word_1_385' title='bbox 1789 2559 1844 2598; x_wconf 91' lang='grc'><strong>20</strong></span> 
     </span>
     <span class='ocr_line' id='line_1_40' title="bbox 312 2608 1846 2672; baseline 0.003 -19"><span class='ocrx_word' id='word_1_386' title='bbox 312 2629 349 2666; x_wconf 92' lang='lat' dir='ltr'><strong>p.</strong></span> <span class='ocrx_word' id='word_1_387' title='bbox 373 2617 455 2654; x_wconf 90' lang='lat'>177</span> <span class='ocrx_word' id='word_1_388' title='bbox 472 2627 496 2653; x_wconf 87' lang='lat' dir='ltr'><strong>a</strong></span> <span class='ocrx_word' id='word_1_389' title='bbox 523 2616 576 2654; x_wconf 87' lang='grc'><strong>36</strong></span> <span class='ocrx_word' id='word_1_390' title='bbox 606 2609 813 2668; x_wconf 85' lang='lat' dir='ltr'><strong>(Organon</strong></span> <span class='ocrx_word' id='word_1_391' title='bbox 831 2615 874 2654; x_wconf 93' lang='grc' dir='ltr'>Π</span> <span class='ocrx_word' id='word_1_392' title='bbox 897 2629 934 2666; x_wconf 93' lang='lat' dir='ltr'><strong>p.</strong></span> <span class='ocrx_word' id='word_1_393' title='bbox 958 2617 1056 2665; x_wconf 90' lang='grc'>273,</span> <span class='ocrx_word' id='word_1_394' title='bbox 1077 2617 1130 2655; x_wconf 88' lang='grc'><strong>36</strong></span> <span class='ocrx_word' id='word_1_395' title='bbox 1157 2612 1339 2671; x_wconf 87' lang='lat' dir='ltr'><strong>Waitz.):</strong></span> <span class='ocrx_word' id='word_1_396' title='bbox 1364 2611 1421 2668; x_wconf 78' lang='grc' dir='ltr'><strong>ἆρ’</strong></span> <span class='ocrx_word' id='word_1_397' title='bbox 1451 2608 1482 2672; x_wconf 75' lang='grc' dir='ltr'><strong><em>ᾧ</em></strong></span> <span class='ocrx_word' id='word_1_398' title='bbox 1507 2613 1607 2665; x_wconf 81' lang='grc' dir='ltr'><em>εἶδες</em></span> <span class='ocrx_word' id='word_1_399' title='bbox 1632 2616 1681 2658; x_wconf 80' lang='grc' dir='ltr'><strong>σὺ</strong></span> <span class='ocrx_word' id='word_1_400' title='bbox 1706 2622 1846 2658; x_wconf 82' lang='grc' dir='ltr'><strong><em>τοῦτον</em></strong></span> 
     </span>
     <span class='ocr_line' id='line_1_41' title="bbox 312 2669 1845 2731; baseline 0.002 -18"><span class='ocrx_word' id='word_1_401' title='bbox 312 2673 570 2725; x_wconf 78' lang='grc' dir='ltr'><strong><em>τυπτόμενον,</em></strong></span> <span class='ocrx_word' id='word_1_402' title='bbox 595 2673 719 2729; x_wconf 78' lang='grc' dir='ltr'><strong><em>τούτῳ</em></strong></span> <span class='ocrx_word' id='word_1_403' title='bbox 745 2672 923 2714; x_wconf 77' lang='grc' dir='ltr'><strong><em>ἐτύπτετο</em></strong></span> <span class='ocrx_word' id='word_1_404' title='bbox 950 2669 1082 2723; x_wconf 85' lang='grc' dir='ltr'><strong><em>οὗτος;</em></strong></span> <span class='ocrx_word' id='word_1_405' title='bbox 1108 2676 1133 2714; x_wconf 92' lang='lat' dir='ltr'><strong>b</strong></span> <span class='ocrx_word' id='word_1_406' title='bbox 1151 2677 1205 2714; x_wconf 88' lang='lat'>10</span> <span class='ocrx_word' id='word_1_407' title='bbox 1231 2674 1444 2730; x_wconf 80' lang='grc' dir='ltr'><em>διαιρετέον</em></span> <span class='ocrx_word' id='word_1_408' title='bbox 1469 2670 1551 2718; x_wconf 81' lang='grc' dir='ltr'><strong><em>οὖν,</em></strong></span> <span class='ocrx_word' id='word_1_409' title='bbox 1567 2679 1619 2731; x_wconf 79' lang='grc' dir='ltr'><strong>τῷ</strong></span> <span class='ocrx_word' id='word_1_410' title='bbox 1637 2674 1845 2729; x_wconf 81' lang='grc' dir='ltr'><strong><em>ἀποκρινο-</em></strong></span> 
     </span>
     <span class='ocr_line' id='line_1_42' title="bbox 313 2731 1846 2789; baseline 0.002 -17"><span class='ocrx_word' id='word_1_411' title='bbox 313 2731 427 2789; x_wconf 80' lang='grc' dir='ltr'><strong><em>μένῳ·</em></strong></span> <span class='ocrx_word' id='word_1_412' title='bbox 461 2732 509 2773; x_wconf 85' lang='grc' dir='ltr'><strong>οὐ</strong></span> <span class='ocrx_word' id='word_1_413' title='bbox 540 2731 614 2786; x_wconf 77' lang='grc' dir='ltr'><strong>γὰρ</strong></span> <span class='ocrx_word' id='word_1_414' title='bbox 642 2731 785 2773; x_wconf 81' lang='grc' dir='ltr'><strong><em>ταύτὸν</em></strong></span> <span class='ocrx_word' id='word_1_415' title='bbox 810 2732 910 2772; x_wconf 84' lang='grc' dir='ltr'><strong>ἰδεῖν</strong></span> <span class='ocrx_word' id='word_1_416' title='bbox 934 2737 1015 2782; x_wconf 86' lang='grc' dir='ltr'><strong><em>τοῖς</em></strong></span> <span class='ocrx_word' id='word_1_417' title='bbox 1041 2731 1267 2785; x_wconf 81' lang='grc' dir='ltr'><em>ὀφθαλμοῖς</em></span> <span class='ocrx_word' id='word_1_418' title='bbox 1291 2734 1535 2787; x_wconf 84' lang='grc' dir='ltr'><strong><em>τυπτόμενον</em></strong></span> <span class='ocrx_word' id='word_1_419' title='bbox 1560 2733 1625 2775; x_wconf 85' lang='grc' dir='ltr'><strong>καὶ</strong></span> <span class='ocrx_word' id='word_1_420' title='bbox 1650 2734 1692 2775; x_wconf 86' lang='grc' dir='ltr'><strong>τὸ</strong></span> <span class='ocrx_word' id='word_1_421' title='bbox 1719 2735 1846 2787; x_wconf 80' lang='grc' dir='ltr'><em>φάναι</em></span> 
     </span>
     <span class='ocr_line' id='line_1_43' title="bbox 313 2786 1846 2850; baseline 0.002 -18"><span class='ocrx_word' id='word_1_422' title='bbox 313 2792 412 2832; x_wconf 85' lang='grc' dir='ltr'><strong>ἰδεῖν</strong></span> <span class='ocrx_word' id='word_1_423' title='bbox 443 2795 525 2840; x_wconf 85' lang='grc' dir='ltr'><strong><em>τοῖς</em></strong></span> <span class='ocrx_word' id='word_1_424' title='bbox 555 2790 781 2844; x_wconf 84' lang='grc' dir='ltr'><em>ὀφθαλμοῖς</em></span> <span class='ocrx_word' id='word_1_425' title='bbox 811 2792 1065 2845; x_wconf 82' lang='grc' dir='ltr'><strong><em>τυπτόμενον.</em></strong></span> <span class='ocrx_word' id='word_1_426' title='bbox 1127 2794 1318 2844; x_wconf 88' lang='lat' dir='ltr'><strong>Apertius</strong></span> <span class='ocrx_word' id='word_1_427' title='bbox 1350 2795 1564 2835; x_wconf 84' lang='lat' dir='ltr'><strong>scholiasta</strong></span> <span class='ocrx_word' id='word_1_428' title='bbox 1593 2790 1652 2848; x_wconf 77' lang='grc' dir='ltr'><strong>ἆρ’</strong></span> <span class='ocrx_word' id='word_1_429' title='bbox 1686 2786 1717 2850; x_wconf 81' lang='grc' dir='ltr'><em>ᾧ</em></span> <span class='ocrx_word' id='word_1_430' title='bbox 1745 2790 1846 2843; x_wconf 80' lang='grc' dir='ltr'><strong><em>εἶδες</em></strong></span> 
     </span>
     <span class='ocr_line' id='line_1_44' title="bbox 313 2850 1845 2910; baseline 0.002 -18"><span class='ocrx_word' id='word_1_431' title='bbox 313 2858 454 2893; x_wconf 82' lang='grc' dir='ltr'><strong><em>τοῦτον</em></strong></span> <span class='ocrx_word' id='word_1_432' title='bbox 479 2851 724 2905; x_wconf 83' lang='grc' dir='ltr'><strong><em>τυπτόμενον</em></strong></span> <span class='ocrx_word' id='word_1_433' title='bbox 749 2852 872 2910; x_wconf 75' lang='grc' dir='ltr'><strong><em>τούτῳ</em></strong></span> <span class='ocrx_word' id='word_1_434' title='bbox 898 2852 1096 2904; x_wconf 58' lang='lat' dir='ltr'><strong>{mimam</strong></span> <span class='ocrx_word' id='word_1_435' title='bbox 1122 2854 1198 2894; x_wconf 88' lang='grc' dir='ltr'>ναί.</span> <span class='ocrx_word' id='word_1_436' title='bbox 1247 2850 1346 2902; x_wconf 76' lang='grc' dir='ltr'><em>εἶδες</em></span> <span class='ocrx_word' id='word_1_437' title='bbox 1372 2852 1413 2894; x_wconf 79' lang='grc' dir='ltr'><strong>δὲ</strong></span> <span class='ocrx_word' id='word_1_438' title='bbox 1441 2854 1562 2895; x_wconf 82' lang='grc' dir='ltr'><strong><em>αὐτὸν</em></strong></span> <span class='ocrx_word' id='word_1_439' title='bbox 1580 2858 1632 2910; x_wconf 79' lang='grc' dir='ltr'><strong>τῷ</strong></span> <span class='ocrx_word' id='word_1_440' title='bbox 1647 2852 1845 2910; x_wconf 77' lang='grc' dir='ltr'><em>ὀφθαλμῷ</em></span> 
     </span>
     <span class='ocr_line' id='line_1_45' title="bbox 316 2909 1845 2969; baseline 0.001 -17"><span class='ocrx_word' id='word_1_441' title='bbox 316 2911 567 2964; x_wconf 82' lang='grc' dir='ltr'><strong><em>τυπτόμενον.</em></strong></span> <span class='ocrx_word' id='word_1_442' title='bbox 630 2916 682 2969; x_wconf 82' lang='grc' dir='ltr'><strong>τῷ</strong></span> <span class='ocrx_word' id='word_1_443' title='bbox 713 2910 789 2964; x_wconf 74' lang='grc' dir='ltr'><strong>ἄρα</strong></span> <span class='ocrx_word' id='word_1_444' title='bbox 821 2909 1018 2969; x_wconf 79' lang='grc' dir='ltr'><em>ὀφθαλμῷ</em></span> <span class='ocrx_word' id='word_1_445' title='bbox 1054 2913 1232 2954; x_wconf 82' lang='grc' dir='ltr'><strong><em>ἐτύπτετο</em></strong></span> <span class='ocrx_word' id='word_1_446' title='bbox 1270 2912 1336 2954; x_wconf 81' lang='grc' dir='ltr'><strong>καὶ</strong></span> <span class='ocrx_word' id='word_1_447' title='bbox 1367 2913 1415 2954; x_wconf 80' lang='grc' dir='ltr'><strong>οὐ</strong></span> <span class='ocrx_word' id='word_1_448' title='bbox 1442 2914 1605 2968; x_wconf 80' lang='grc' dir='ltr'><strong>μάστιγι.</strong></span> <span class='ocrx_word' id='word_1_449' title='bbox 1667 2915 1772 2954; x_wconf 82' lang='lat' dir='ltr'><strong>Eous</strong></span> <span class='ocrx_word' id='word_1_450' title='bbox 1803 2915 1845 2953; x_wconf 89' lang='lat' dir='ltr'><strong>in</strong></span> 
     </span>
     <span class='ocr_line' id='line_1_46' title="bbox 313 2972 1845 3025; baseline 0.003 -15"><span class='ocrx_word' id='word_1_451' title='bbox 313 2972 387 3011; x_wconf 89' lang='lat' dir='ltr'><strong>hoc</strong></span> <span class='ocrx_word' id='word_1_452' title='bbox 418 2973 596 3023; x_wconf 90' lang='lat' dir='ltr'><strong>exemplo</strong></span> <span class='ocrx_word' id='word_1_453' title='bbox 627 2973 795 3012; x_wconf 87' lang='lat' dir='ltr'><strong>forsitan</strong></span> <span class='ocrx_word' id='word_1_454' title='bbox 827 2972 1018 3013; x_wconf 87' lang='lat' dir='ltr'><strong>debeatur</strong></span> <span class='ocrx_word' id='word_1_455' title='bbox 1047 2973 1202 3013; x_wconf 89' lang='lat' dir='ltr'><strong>Lucilio</strong></span> <span class='ocrx_word' id='word_1_456' title='bbox 1242 2974 1299 3013; x_wconf 87' lang='lat' dir='ltr'><strong>rei</strong></span> <span class='ocrx_word' id='word_1_457' title='bbox 1331 2976 1523 3025; x_wconf 87' lang='lat' dir='ltr'><strong>equestris</strong></span> <span class='ocrx_word' id='word_1_458' title='bbox 1555 2975 1845 3014; x_wconf 83' lang='lat' dir='ltr'><strong>amantissimo:</strong></span> 
     </span>
    </p>
   </div>
  </div>
 </body>
</html>
