2060 3444
815 209 953 246 XXVII
977 222 1015 248 u.
1042 212 1242 246 ’τρο-725.
1727 208 1814 251 259

265 325 493 364 Parasitum
520 324 707 364 similiter
732 324 922 364 describit
946 323 1148 364 Diodorus
1174 325 1347 365 comicus
1375 322 1476 362 CAF
1501 323 1543 362 H
1568 337 1606 374 p.
1635 324 1734 375 420,
1760 324 1812 363 16

260 383 481 439 εἰσέρχομαι
519 382 666 424 ἐνθάδε
706 390 836 441 σιωπῇ
875 383 942 425 καὶ
979 383 1149 437 ποιήσας
1185 383 1352 436 εὐσταλῆ
1391 382 1583 437 ἐμαυτόν,
1625 383 1720 424 ὥστε
1759 381 1814 436 μὴ

255 443 435 499 ’ἐνοχλεῖν
467 443 536 485 τὸν
568 443 789 497 συμπότην.

382 501 491 547 722.
523 505 678 545 Nonius
704 519 742 557 p.
772 507 840 556 37,
869 506 923 545 18
959 502 1203 545 ‘Portorium
1236 505 1383 544 dicitur
1413 517 1563 544 merces
1595 517 1698 555 quae
1723 518 1814 556 por-

258 566 450 606 titoribus
481 566 612 606 datur.
675 566 856 606 Lucilius
888 566 957 606 lib.
982 566 1138 606 XXVII
1171 563 1302 606 “facit
1321 598 1329 606 .
1352 596 1359 604 .
1381 596 1389 604 .
1410 566 1637 617 portorium
1670 560 1814 620 (porti-

258 629 402 667 tor-ium
432 621 659 682 Leidensis)
692 623 849 667 dent''.'
916 624 1027 678 Qub‘d
1067 625 1130 667 mi
1172 628 1220 666 ut
1258 627 1415 665 Terent.
1448 626 1594 665 Heaut.
1625 627 1676 665 21
1701 626 1813 666 alias.

261 687 518 740 Comparatio
550 689 650 727 trita
682 699 766 727 esse
797 687 960 727 uidetur
993 688 1037 728 in
1075 687 1282 728 comoedia
1312 686 1451 726 Attica
1483 681 1646 742 (Eupol.
1674 687 1729 726 48
1745 681 1815 742 Κ),

259 747 543 788 describuntur
579 748 759 788 homines
806 747 877 799 qui
918 750 1290 802 παρατελωνοῦνται
1329 742 1465 803 (Diog.
1491 747 1624 787 Laert.
1651 746 1710 785 IV
1737 741 1814 800 46)

259 809 397 860 quales
435 809 573 848 uidere
610 810 747 860 potuit
783 810 904 860 poeta
941 810 1007 848 uel
1044 809 1224 849 Puteolis
1263 809 1332 848 uel
1374 809 1418 847 in
1456 807 1612 847 Sicilia:
1654 806 1733 847 Cic.
1771 809 1814 847 in

258 869 372 909 Verr.
398 869 441 909 H
469 871 536 921 70,
565 871 647 909 171
685 866 920 910 ‘Canuleius
952 883 1064 921 uero,
1101 871 1173 921 qui
1202 870 1246 908 in
1277 870 1399 920 portu
1431 868 1639 920 Syracusis
1672 881 1814 920 operas

261 930 402 981 dabat,
446 931 558 970 furta
596 943 754 982 quoque
791 931 908 970 istius
947 930 1149 982 permulta
1186 930 1428 970 nominatim
1465 929 1516 969 ad
1554 930 1682 969 socios
1725 943 1813 981 per-

259 992 475 1042 scripserat
500 1003 547 1030 ea
572 1004 674 1042 quae
701 992 787 1031 sine
811 993 993 1042 portorio
1021 991 1231 1043 Syracusis
1258 992 1373 1031 erant
1398 991 1627 1041 exportata:
1653 992 1815 1041 portum

235 1053 396 1091 autem
428 1052 469 1091 et
500 1053 741 1103 scripturam
774 1052 913 1092 eadem
945 1053 1114 1092 societas
1150 1048 1340 1092 habebat'
1376 1046 1482 1106 (Liu.
1508 1050 1662 1090 ΧΧΧΠ
1691 1052 1728 1101 7,
1755 1045 1813 1106 3).

257 1112 407 1152 Merces
440 1125 541 1163 quae
575 1114 646 1152 aut
675 1112 972 1152 inuehebantur
1002 1115 1074 1152 aut
1105 1112 1378 1152 euehebantur
1408 1111 1590 1163 profiteri
1615 1111 1814 1151 debebant

256 1174 496 1212 mercatores
529 1186 665 1213 omnes
698 1173 806 1225 apud
836 1175 1071 1225 portitores:
1105 1186 1207 1224 quae
1239 1186 1264 1212 a
1294 1173 1560 1224 portitoribus
1587 1171 1813 1212 scribeban-

256 1235 324 1272 tur
354 1234 397 1272 in
428 1233 579 1273 tabulis
610 1234 803 1286 publicis,
842 1247 942 1285 quas
980 1234 1244 1286 appellabant
1274 1231 1535 1287 ἀπογραφήνε
1569 1228 1813 1286 [Demosth.]

255 1295 299 1333 in
331 1293 491 1334 Phorm.
520 1295 576 1333 34
615 1292 751 1347 ἐπειδὴ
790 1292 833 1334 δὲ
872 1299 988 1335 τοῦτο
1025 1293 1069 1334 ἐκ
1106 1297 1264 1334 πολλῶν
1301 1293 1457 1347 ἔμελλεν
1501 1291 1814 1347 ἐλεγχθήσεσθαι

257 1353 524 1408 ψευδόμενος,
556 1353 599 1394 ἔκ
630 1369 669 1394 τε
701 1361 772 1408 τῆς
803 1353 1043 1409 ἀπογραφῆς
1075 1361 1145 1409 τῆς
1177 1353 1220 1395 ἐν
1245 1353 1439 1411 Βοσπόρῳ
1470 1352 1577 1409 παρὰ
1608 1357 1691 1402 τοῖς
1716 1352 1812 1394 ἐλλι-

258 1418 457 1467 μενισταῖς
488 1413 555 1455 καὶ
586 1413 666 1456 ὑπὸ
698 1421 777 1456 τῶν
809 1413 853 1456 ἐν
884 1416 938 1472 τῷ
971 1414 1145 1473 ἐμπορίῳ
1177 1414 1482 1468 ἐπιδημούντων
1506 1417 1585 1455 κτλ.
1636 1414 1697 1453 De
1722 1428 1812 1466 por-

256 1477 381 1526 torio,
417 1476 525 1526 quod
556 1475 706 1516 Graece
736 1474 955 1529 ἐλλιμένιον
988 1477 1154 1528 dicitur,
1193 1477 1355 1517 disserit
1385 1476 1531 1516 Pollux
1556 1475 1613 1514 D(
1641 1476 1708 1515 30.
1737 1477 1812 1515 31:

258 1534 324 1576 καὶ
349 1535 392 1576 τὸ
419 1535 655 1589 τελούμενον
681 1533 769 1591 παρ’
799 1536 932 1577 αὐτῶν
957 1540 1078 1577 τελῶν
1104 1535 1337 1591 ἀπογραφή,
1362 1535 1405 1576 τὸ
1432 1533 1473 1576 δὲ
1503 1534 1558 1588 μὴ
1578 1533 1813 1589 ἀπογραφὲν

257 1594 560 1650 ἀναπόγραφον.
619 1597 734 1644 Quod
763 1598 1004 1637 uocabulum
1035 1597 1216 1637 Lucilius
1247 1597 1392 1636 Latine
1423 1596 1548 1636 uertit
1583 1598 1814 1646 inscriptum

259 1657 365 1708 quod
398 1657 598 1710 significat
628 1671 799 1697 mercem
832 1671 954 1708 quam
985 1659 1183 1697 mercator
1214 1658 1305 1697 dolo
1331 1657 1438 1697 malo
1464 1657 1596 1696 noluit
1620 1656 1812 1708 profiteri,

257 1718 282 1756 i.
309 1730 342 1757 e.
374 1717 552 1757 indicare
594 1718 869 1769 portitoribus.
946 1719 1099 1758 Eodem
1142 1719 1186 1757 in
1230 1718 1310 1758 alia
1354 1731 1396 1757 re
1440 1718 1571 1757 utitur
1613 1717 1812 1758 uocabulo

257 1777 387 1817 Varro
418 1791 493 1817 rer.
518 1780 616 1818 rust.
642 1779 685 1818 H
713 1780 749 1828 1,
778 1779 831 1818 16
868 1775 1021 1830 ‘itaque
1048 1791 1187 1832 greges
1214 1779 1351 1818 ouium
1376 1778 1495 1831 longe
1522 1777 1741 1830 abigimtur
1766 1791 1813 1817 ex

259 1838 410 1890 Apulia
440 1839 482 1877 in
516 1837 725 1878 Samnium
758 1839 1012 1890 aestiuatum,
1045 1834 1167 1891 atque
1198 1839 1248 1878 ad
1273 1839 1536 1891 publicanum
1561 1838 1813 1890 profitentur,

258 1912 326 1949 ne,
376 1900 410 1938 si
459 1899 699 1951 inscriptum
748 1912 870 1952 pecus
919 1901 1124 1951 pauerint,
1178 1901 1266 1953 lege
1318 1901 1498 1940 censoria
1542 1897 1812 1940 conmittant'.

258 1955 431 2014 (Digest.
457 1959 490 1999 L
522 1961 588 2010 16,
616 1961 700 2000 203
727 1960 989 2000 Wilmannsii
1013 1960 1084 1999 Ex.
1110 1961 1227 2001 inser.
1253 1960 1343 2000 Lat.
1372 1954 1521 2015 2738.)

381 2014 490 2061 724.
521 2020 676 2061 Nonius
701 2035 740 2072 p.
764 2022 861 2071 270,
890 2023 914 2060 2
950 2018 1201 2071 ‘Concedere,
1228 2021 1387 2060 credere
1412 2022 1478 2060 uel
1504 2021 1738 2061 consentire.
1754 2052 1762 2059 .
1779 2052 1810 2060 ..

256 2080 436 2120 Lucilius
461 2080 531 2120 lib.
554 2081 708 2120 XXVII
736 2078 811 2121 “in
836 2082 1050 2121 concedere
1072 2113 1078 2120 .
1101 2113 1109 2120 .
1132 2113 1139 2120 .
1160 2078 1364 2121 manus''.'
1415 2082 1459 2121 id
1482 2083 1589 2121 recte
1617 2080 1811 2132 Corpetus

258 2141 340 2180 alii.
391 2140 689 2181 Obscenitatem
722 2142 924 2193 quandam
955 2143 1084 2182 inesse
1115 2143 1158 2181 in
1189 2142 1265 2182 hoc
1295 2155 1334 2181 u.
1362 2143 1590 2193 suspicatur
1616 2140 1811 2194 Corpetus

259 2201 352 2241 edit.
378 2215 416 2253 p.
447 2202 550 2241 169:
594 2203 697 2251 quod
739 2205 936 2252 spectatur
972 2203 1118 2242 maluit
1155 2202 1325 2242 scribere
1364 2215 1437 2254 pro
1482 2215 1556 2252 quo
1600 2205 1813 2252 superatur

258 2261 473 2301 Muellerus
510 2263 554 2301 in
585 2262 709 2302 Nonii
740 2263 833 2302 edit.
895 2262 953 2302 At
989 2265 1148 2303 tutatur
1184 2264 1396 2302 lectionem
1427 2264 1549 2303 istam
1582 2262 1691 2303 Caes.
1718 2262 1809 2303 bell.

259 2321 362 2361 Gall.
389 2322 427 2359 V
454 2323 523 2373 31,
551 2323 575 2361 3
617 2319 710 2362 ‘Res
748 2323 1020 2374 disputatione
1058 2323 1110 2362 ad
1146 2323 1321 2362 mediam
1364 2325 1522 2363 noctem
1565 2324 1809 2375 perducitur.

258 2382 437 2421 Tandem
475 2382 546 2422 dat
585 2381 703 2423 Cotta
739 2385 945 2435 permotus
985 2397 1144 2424 manus:
1189 2386 1354 2435 superat
1397 2385 1597 2423 sententia
1642 2381 1809 2423 Sabini'.

258 2441 333 2481 Vir
374 2442 501 2482 bonus
545 2443 655 2483 uolet
698 2443 740 2482 id
784 2445 915 2484 solum
958 2444 1170 2485 concedere
1213 2445 1257 2483 in
1300 2444 1590 2495 disputatione,
1642 2457 1721 2495 quo
1767 2446 1811 2483 in

259 2502 531 2554 disputatione
549 2503 665 2544 bonis
691 2506 939 2558 argumentis
966 2505 1179 2556 superatur
1205 2506 1245 2544 et
1269 2505 1457 2556 uincitur,
1482 2505 1685 2557 parasitus
1709 2505 1811 2544 solet

260 2564 395 2602 omnia
432 2563 653 2604 adsentari:
694 2564 772 2605 Cic.
798 2565 907 2604 Lael.
934 2578 1020 2617 cap.
1049 2566 1115 2605 25.
1145 2567 1214 2616 26,
1242 2567 1296 2605 99
1338 2562 1437 2605 ‘Nec
1475 2566 1581 2605 enim
1617 2565 1810 2605 facillime

260 2624 535 2676 adgnoscitur,
577 2626 727 2677 quippe
771 2627 842 2677 qui
879 2627 1001 2665 etiam
1046 2626 1295 2666 aduersando
1340 2638 1458 2678 saepe
1502 2626 1733 2665 adsentetur
1771 2627 1810 2665 et

259 2684 422 2736 litigare
460 2697 501 2724 se
538 2686 730 2725 simulans
767 2686 1001 2726 blandiatur
1038 2688 1159 2738 atque
1198 2687 1249 2726 ad
1293 2689 1514 2726 extremum
1558 2687 1626 2726 det
1667 2699 1809 2726 manus

259 2745 448 2795 uincique
481 2757 521 2784 se
552 2742 748 2795 patiatur’
770 2759 802 2785 e.
825 2760 861 2796 q.
882 2759 912 2786 s.

384 2799 493 2845 725.
530 2805 686 2845 Nonius
710 2819 749 2857 p.
778 2807 847 2856 37,
875 2807 928 2845 15
970 2803 1279 2859 ‘Monogrammi
1307 2838 1314 2845 .
1342 2837 1350 2845 .
1379 2837 1386 2845 .
1420 2802 1572 2861 (cetera
1615 2806 1809 2858 adscripsi

260 2864 328 2903 lib.
354 2865 397 2904 H
419 2878 458 2903 u.
487 2859 562 2919 59)
596 2867 637 2904 et
672 2865 862 2905 uicesimo
901 2861 1069 2921 (uiginti
1094 2861 1171 2921 Ll)
1197 2866 1278 2906 VH
1317 2864 1452 2918 “quae
1486 2898 1493 2906 .
1522 2898 1529 2905 .
1558 2897 1566 2906 .
1598 2863 1807 2907 uocant''.’

262 2923 371 2971 Quae
402 2923 560 2976 pietas?
602 2927 866 2978 interrogatio
898 2926 1059 2966 uidetur
1091 2939 1175 2967 esse
1205 2928 1300 2966 talis
1333 2927 1470 2978 quales
1499 2927 1690 2967 collectae
1716 2929 1810 2967 sunt

261 2997 286 3026 a
316 2985 499 3026 Vahleno
530 2985 610 3025 ind.
645 2986 763 3026 schol.
796 2987 970 3026 Berolin.
1004 2987 1143 3027 aestiu.
1174 2988 1286 3027 1902
1320 3001 1358 3039 p.
1387 2988 1535 3039 5seqq.
1567 2987 1696 3035 ueluti
1729 2987 1807 3028 Cic.

1522 3054 1593 3090 17·
