2060 3444
732 265 1022 302 XXVI—XXIX
1047 279 1083 302 u.
1111 270 1312 302 eso-957.
1713 268 1799 312 311

246 381 386 431 Neque
419 383 553 420 tamen
589 381 650 419 est
686 392 757 418 cur
793 393 884 419 cum
915 381 1107 420 Muellero
1147 381 1271 420 uerba
1301 381 1450 421 Lucilii
1488 395 1573 422 esse
1611 396 1801 435 negemus

246 441 316 492 qui
341 441 435 481 edit.
461 454 499 491 p.
530 440 612 479 168
653 440 860 480 confirmet
898 453 982 480 esse
1020 454 1066 480 ea
1105 440 1281 481 Caecilii.
1351 442 1457 481 Nam
1495 443 1603 494 quod
1641 445 1802 495 scripsit

247 502 456 541 Terentius
480 500 604 539 Andr.
633 497 765 539 344(
770 514 792 540 0
819 501 1040 568 Pamphile,
1071 503 1112 541 te
1143 502 1276 552 ipsum
1309 500 1488 552 quaem’,
1522 516 1639 553 quem
1666 505 1800 544 locum

246 561 375 601 adfert
404 561 633 611 Muellerus,
666 573 745 600 non
777 561 906 613 magis
938 561 1063 601 efficit
1093 563 1140 601 ut
1170 561 1327 601 Lucilio
1359 563 1483 602 uerba
1513 563 1587 602 illa
1623 564 1799 604 tribuere

244 635 489 673 nequeamus
530 634 652 672 quam
688 621 871 672 Hecyrae
909 622 1020 661 locus
1058 622 1128 661 1110
1168 635 1287 673 (1110111
1329 623 1470 662 attulit
1506 623 1799 664 Lachmannus.

244 681 505 722 Scribendum
537 682 645 733 apud
672 681 856 721 Seruium
889 679 901 697 (
919 679 1113 734 “ecquem
1139 682 1395 733 Pamphilum
1421 681 1613 734 quaeris’'
1642 697 1799 736 ecquem

243 740 392 783 uacat'.

363 798 476 844 952.
522 802 678 842 Gellius
703 803 724 842 Ι
751 804 795 853 3,
826 805 879 842 18
928 799 1141 843 (((0011110.
1189 801 1413 855 patriam'',
1462 805 1598 856 inquit
1650 804 1800 856 Cicero,

243 861 389 904 “arma
419 877 492 915 pro
525 865 655 903 amico
687 863 880 903 sumenda
910 877 990 903 non
1022 861 1161 904 sunt”.
1212 864 1301 905 Hoc
1330 865 1511 915 profecto
1542 879 1659 905 nemo
1685 866 1799 918 igno-

233 925 350 969 rauit
381 926 422 964 et
451 924 687 975 priusquam
719 924 931 976 Theognis,
962 925 1151 974 quomodo
1184 919 1326 979 (quam
1350 926 1415 964 ucl
1440 925 1547 976 quod
1573 920 1689 980 codd)
1716 926 1798 965 Lu-

241 985 357 1025 cilius
389 985 460 1035 ait,
490 982 746 1024 nasceretur’.
805 983 1067 1035 Oomparauit
1098 985 1234 1025 Dousa
1266 985 1468 1025 Plutarch.
1506 999 1597 1026 cum
1626 987 1796 1038 princip.

241 1058 327 1085 esse
357 1045 502 1097 philos.
525 1047 548 1084 2
575 1059 614 1095 Ρ.
638 1046 721 1084 777
739 1044 768 1083 O
800 1043 843 1085 τὸ
876 1042 919 1084 δὲ
949 1043 1076 1099 λέγειν
1111 1044 1170 1084 ότι
1202 1045 1276 1085 δύο
1307 1044 1419 1099 λόγοι
1449 1045 1551 1086 εἰσίν
1578 1077 1585 1085 .
1608 1078 1616 1086 .
1638 1078 1646 1086 .
1673 1044 1797 1086 ε’ωλόν

243 1105 324 1146 ε’στι
360 1103 427 1145 καὶ
465 1103 716 1145 ὑποπιπτέτω
754 1108 806 1160 τῷ
839 1103 948 1145 τούπὶ
987 1102 1059 1157 μὲν
1097 1101 1211 1162 ἥδειν
1248 1104 1344 1160 πρὶν
1383 1104 1552 1160 Θέογνιν
1593 1105 1798 1161 γεγονέναι

241 1162 363 1221 (GAF
388 1166 451 1205 ΠΙ
474 1179 512 1216 Ρ.
541 1166 625 1205 495
641 1161 716 1219 Κ).
743 1166 892 1206 Versus
917 1166 1079 1205 uidetur
1103 1166 1226 1206 fuisse
1253 1168 1522 1217 septenarius.
1551 1165 1640 1207 ‘hoc
1666 1169 1796 1218 prius-

241 1240 362 1278 quam
392 1227 622 1266 nasceretur
652 1226 852 1278 Theognis
885 1238 1020 1267 omnes
1052 1224 1276 1266 nouerant'.
1338 1228 1535 1277 Thcoynis
1567 1228 1796 1279 disyllabon

239 1289 286 1327 ut
320 1287 537 1328 Cleostrata
570 1287 791 1326 Theotimus
829 1299 983 1337 semper
1019 1287 1235 1337 trisyllaba
1272 1287 1380 1338 apud
1418 1287 1627 1338 Plautum,
1659 1290 1796 1338 prius-

239 1360 359 1397 quam
390 1347 530 1387 eadem
561 1359 698 1387 uersus
731 1347 823 1387 sede
853 1348 1032 1398 positum
1062 1347 1130 1386 lib.
1157 1347 1292 1386 XXVI
1316 1362 1353 1387 u.
1383 1349 1480 1387 642.

359 1403 473 1448 953.
498 1407 734 1447 Lactantius
760 1408 887 1447 instit.
907 1407 966 1446 VI
987 1408 1055 1458 18,
1077 1409 1100 1446 6
1127 1408 1149 1447 Ι
1173 1423 1210 1459 Ρ.
1234 1408 1332 1458 547,
1356 1410 1409 1448 19
1430 1408 1598 1448 Brandt.
1634 1406 1793 1460 ‘Itaque

239 1470 372 1508 uiator
395 1468 465 1508 ille
491 1480 609 1508 uerus
635 1480 683 1507 ac
707 1467 839 1508 iustus
863 1481 943 1508 non
969 1467 1076 1508 dicet
1100 1469 1203 1507 illud
1221 1468 1477 1508 Lucilianum
1511 1466 1696 1508 “homini
1724 1501 1731 1508 .
1755 1501 1762 1508 .
1789 1501 1796 1508 .

238 1526 432 1568 meum”.'
490 1528 638 1568 Versus
669 1530 827 1580 partem
857 1530 950 1579 post
981 1541 1188 1568 caesuram
1220 1542 1324 1579 quae
1357 1529 1507 1581 legitur
1538 1530 1711 1581 sumpsit
1746 1543 1792 1568 ex

239 1590 417 1628 Terentii
447 1589 664 1628 Heautont.
694 1589 777 1628 549
813 1586 944 1628 ‘tanto
975 1589 1107 1628 hercle
1140 1589 1291 1628 melior.
1333 1592 1375 1634 ssss
1414 1590 1506 1628 Non
1539 1591 1601 1629 est
1630 1591 1794 1629 mentiri

238 1647 400 1689 meum’.
450 1649 616 1688 Homini
640 1650 769 1688 amico
796 1650 837 1688 et
861 1649 1056 1688 familiari
1080 1649 1351 1700 hendiadyoin
1376 1649 1645 1700 Lucilianum,
1671 1651 1792 1690 sicuti

239 1711 395 1750 hostem
427 1711 550 1760 atque
581 1709 788 1748 inimicum
819 1710 957 1748 incert.
985 1723 1023 1747 u.
1052 1710 1179 1748 1334,

361 1765 474 1810 954.
518 1770 674 1810 Nonius
705 1783 743 1820 p.
772 1770 840 1820 67,
868 1771 893 1808 4
941 1767 1155 1809 ‘Praeficae
1199 1770 1437 1809 dicebantur
1480 1770 1588 1822 apud
1636 1772 1792 1811 ueteres

240 1843 343 1882 quae
394 1830 575 1869 adhiberi
624 1829 756 1869 solent
803 1830 936 1868 funeri
985 1830 1164 1869 mercede
1215 1830 1492 1870 conductae..
1571 1830 1792 1871 .Lucilius

239 1891 308 1930 lib.
338 1884 518 1930 XXII‘
525 1887 754 1929 ‘mercede.
808 1921 816 1929 .
842 1887 1018 1942 magis'.
995 1886 1036 1905 '³
1079 1890 1193 1929 Libri
1218 1890 1372 1929 XXVI]
1403 1903 1488 1930 esse
1520 1862 1792 1943 fragmentum

239 1952 339 1991 satis
370 1950 633 2002 probabiliter
662 1922 817 1990 iudicat
847 1949 1128 1990 Lachmannus
1165 1952 1226 1990 ita
1263 1952 1310 1990 ut
1351 1951 1384 1989 V
1414 1952 1506 1990 ante
1537 1951 1580 1990 H
1616 1953 1659 1990 in
1698 1952 1791 1991 libri

238 2025 403 2051 numero
436 2011 545 2062 apud
575 2012 753 2051 Nonium
785 2001 985 2051 exciderit.
1040 2010 1302 2062 Comparauit
1329 2010 1522 2062 Corpetus
1548 2012 1689 2052 Horat.
1717 2014 1791 2052 art.

238 2073 343 2123 poet.
365 2073 448 2111 431
466 2085 574 2123 seqq.
603 2069 664 2111 (111
690 2072 762 2122 (1111
787 2071 974 2111 conducti
998 2071 1161 2123 plorant
1185 2073 1228 2110 in
1253 2072 1391 2111 funere
1417 2072 1557 2111 dicunt
1576 2074 1616 2111 01
1635 2073 1793 2112 faciunt

237 2145 362 2183 prope
393 2132 512 2183 plura
543 2131 769 2171 dolentibus
801 2145 848 2171 ex
879 2133 1026 2182 animo,
1058 2133 1116 2172 sic
1148 2132 1301 2171 derisor
1331 2145 1426 2171 uero
1458 2133 1550 2183 plus
1579 2133 1791 2174 laudatore

238 2190 437 2232 mouetur’
477 2192 582 2231 unde
619 2192 835 2232 Muellerus
873 2195 917 2231 ut
951 2194 1089 2242 posuit
1125 2190 1243 2232 initio
1285 2205 1424 2232 uersus
1468 2194 1625 2243 prioris.
1691 2193 1796 2233 Conf

240 2253 335 2292 Fab.
361 2252 506 2303 Aesop.
535 2253 619 2291 369
634 2252 766 2291 Halm.
818 2251 1007 2299 πλούσιος
1054 2251 1128 2292 δύο
1172 2250 1397 2305 θυγατέρας
1440 2251 1540 2305 ἔχων
1584 2258 1654 2305 τῆς
1699 2259 1791 2305 μιᾶς

239 2310 530 2361 ἀποθανούσης
561 2311 795 2365 θρηνούσας
826 2310 1088 2364 ἐμισθώσατο.
1139 2317 1210 2364 τῆς
1242 2309 1284 2351 δὲ
1316 2310 1447 2365 ἑτέρας
1479 2311 1623 2360 παιδὸς
1649 2313 1790 2353 λαλού-

239 2383 312 2423 σης
345 2369 415 2419 (ὡς
446 2369 605 2423 ἄθλιαι,
637 2371 713 2425 εἴγε
745 2370 862 2411 αὐταὶ
894 2366 951 2412 ὧν
982 2371 1062 2412 ἐστι
1093 2370 1136 2411 τὸ
1168 2372 1303 2420 πάθος
1334 2375 1505 2426 θρηνεῖν
1543 2372 1618 2412 οὐκ
1663 2372 1790 2426 ἴσμεν,

241 2432 287 2472 αἱ
314 2429 357 2471 δὲ
390 2429 515 2484 μηδὲν
546 2431 819 2485 προσήκουσαι
850 2431 954 2472 οὕτω
992 2432 1199 2507 σφοδρῶς
1210 2431 1422 2472 κόπτονται
1454 2430 1520 2472 καὶ
1553 2430 1791 2485 κλαίουσιν’,

240 2490 265 2544 ἡ
298 2490 426 2546 μήτηρ
457 2491 553 2544 ἔφη·
587 2491 640 2544 μὴ
673 2492 867 2545 θαύμαζε,
898 2490 1051 2544 τέκνον,
1083 2492 1118 2532 εἰ
1149 2487 1264 2532 αὗται
1297 2491 1424 2541 οὕτως
1455 2496 1699 2545 θρηνοῦσιν·
1726 2491 1791 2533 ἐπὶ

239 2551 313 2606 γὰρ
344 2550 520 2609 ἀργυρίῳ
551 2557 665 2592 τοῦτο
697 2558 894 2592 ποιοῦσιν.
954 2552 1135 2604 Sumpsit
1164 2553 1320 2592 Nonius
1354 2566 1401 2591 ex
1433 2553 1709 2605 grammatico.

362 2607 475 2653 956.
506 2612 690 2652 Donatus
722 2613 772 2652 ad
800 2613 979 2653 Terentii
1004 2613 1200 2652 Andriam
1226 2613 1263 2650 V
1290 2614 1408 2662 4,11
1447 2610 1597 2652 ‘Metuo
1628 2615 1674 2652 ut
1700 2614 1790 2653 sub-

241 2672 321 2711 stet
344 2672 499 2723 hospes.
548 2672 616 2724 Ut,
642 2686 691 2712 ne
717 2686 807 2712 non.
851 2670 1070 2713 Lucilius‘
1076 2670 1200 2712 ‘tuam
1225 2675 1271 2712 ut
1296 2675 1530 2712 memoriam
1552 2671 1772 2713 retineas'fi

241 2733 354 2771 tuam
398 2731 492 2781 AV,
541 2734 587 2771 tu
626 2733 708 2771 iam
752 2733 895 2782 BTO,
944 2734 1122 2773 metuam
1166 2733 1381 2773 Bentleius.
1457 2732 1685 2784 Septenarii
1731 2736 1791 2774 est

242 2805 335 2842 pars
367 2793 487 2842 prior.

362 2847 475 2892 957.
502 2852 664 2891 Seruius
689 2852 740 2891 ad
758 2852 957 2892 Aeneidos
976 2853 1013 2891 X
1035 2853 1119 2891 564
1142 2850 1293 2892 ‘tacitis
1312 2854 1500 2905 regnauit
1518 2850 1715 2903 Amyclis'
1734 2885 1740 2892 .
1756 2884 1764 2891 .
1782 2885 1788 2892 .

244 2908 363 2951 ‘unde
393 2912 542 2951 tacitae
568 2911 760 2962 Amyclae
792 2912 924 2951 dictae
955 2914 1051 2951 sunt
1080 2913 1187 2962 quod
1211 2914 1364 2963 periere
1390 2913 1561 2952 silentio.
1611 2913 1705 2951 111110
1730 2915 1791 2952 001

243 2971 349 3022 (111οᾱ
381 2972 441 3010 ait
463 2971 643 3011 Lucilius
676 2968 809 3010 “mihi
839 2984 996 3011 necesse
1028 2974 1088 3011 est
1118 2972 1244 3021 loqui:
1274 2985 1367 3011 nam
1401 2974 1482 3011 scio
1511 2972 1700 3022 Amyclas
1732 2976 1788 3013 ία-

243 3033 360 3071 cendo
385 3028 599 3081 perissc”.’
649 3031 844 3072 Fabulam
870 3032 917 3071 de
942 3032 1123 3082 Amyclis
1148 3032 1294 3072 Latino
1321 3033 1468 3084 oppido
1496 3033 1602 3083 quod
1627 3034 1788 3073 silentio
