2060 3444
273 282 331 324 50
874 278 925 315 In
949 290 985 313 u.
1014 280 1210 313 107—109.

273 406 400 444 neque
432 393 480 432 de
509 393 652 431 itinere
683 392 885 431 maritimo
917 392 995 442 agi,
1027 391 1123 441 quia
1149 389 1286 441 Capua
1315 390 1408 429 urbs
1434 392 1494 431 est
1517 390 1807 430 mediterranea

273 465 399 503 neque
455 454 565 491 uiam
613 451 788 502 Appiam
836 453 1011 490 ueterem
1059 450 1248 489 urbemue
1296 450 1464 489 Romam
1517 451 1579 490 his
1627 450 1805 490 uersibus

273 513 446 564 spectari
488 524 619 562 posse,
663 512 758 561 quia
795 509 934 561 Capua
976 510 1089 549 abest
1124 510 1250 549 Roma
1287 523 1338 548 111.
1363 524 1400 561 p.
1429 509 1630 549 CXXXII:
1675 509 1807 561 agitur
1879 552 1881 555 y

271 574 401 624 igitur
437 571 484 611 de
524 572 592 610 uia
632 570 791 621 Popilia
828 572 868 610 et
904 570 952 608 de
988 571 1130 609 itinere
1161 570 1350 609 terrestri.
1413 569 1490 609 Sed
1527 582 1618 609 cum
1654 570 1808 609 constet

274 632 474 671 Lucilium
516 631 694 670 Puteolis
736 630 971 669 Palinurum
1013 630 1240 680 nauigasse,
1292 630 1491 680 pertineat
1534 630 1691 679 oportet
1732 629 1808 668 hoc

277 692 548 743 fragmentum
579 691 629 730 ad
661 690 903 741 colloquium
932 689 1034 728 illud
1065 689 1171 740 quod
1201 701 1291 728 cum
1322 690 1448 728 amico
1481 701 1551 728 suo
1575 688 1728 738 habuit,
1759 689 1808 728 de

274 764 352 802 quo
397 752 649 802 exposuimus
688 749 737 789 ad
769 764 833 788 uu.
866 750 1087 788 97—104:
1131 761 1210 799 quo
1247 749 1455 788 certiorem
1495 749 1594 787 facit
1635 748 1807 787 amicum

274 813 530 861 quaerentem
561 810 608 849 de
640 822 756 849 cursu
786 810 941 848 itineris
968 810 1008 847 et
1031 810 1196 847 ratione.
1253 808 1356 854 Quid
1382 807 1612 857 deliberent,
1641 808 1808 858 planum

274 873 334 910 est
358 883 477 910 uersu
501 871 699 920 sequenti·
725 870 901 908 satiusne
930 870 984 907 sit
1007 870 1114 907 terra
1139 881 1191 906 an
1215 869 1317 906 mari
1345 867 1480 918 Capua
1503 869 1637 918 petere
1661 867 1808 906 fretum

274 932 481 981 quaeritur
506 924 619 984 (uide
644 929 695 968 ad
723 923 798 982 96)
824 930 1036 978 monetque
1061 928 1333 977 interlocutor,
1360 930 1457 978 quot
1481 927 1595 967 milia
1618 938 1808 977 passuum

272 990 365 1029 inde
408 1004 433 1030 a
479 989 616 1040 Capua
659 990 742 1028 sint
784 988 1034 1027 dimetienda.
1108 987 1282 1026 Miliario
1330 987 1477 1038 Popilii
1515 981 1618 1040 (CIL
1649 986 1671 1025 I
1702 981 1807 1040 551)

271 1049 401 1089 adiuti
444 1050 562 1089 facile
606 1049 738 1088 10011111
780 1049 1028 1087 inueniemus
1072 1059 1190 1098 quem
1229 1046 1365 1097 Capua
1401 1061 1451 1086 111.
1471 1059 1510 1097 p.
1537 1045 1633 1085 CCL
1672 1046 1808 1086 abesse

273 1110 387 1149 dicit:
425 1122 518 1148 nam
553 1110 746 1159 punctum
785 1107 1011 1159 ponendum
1042 1119 1128 1146 esse
1158 1108 1250 1157 post
1279 1107 1384 1145 hunc
1414 1115 1622 1145 numerum
1654 1107 1808 1145 senten-

272 1171 450 1219 tiamque
487 1169 686 1221 integram
725 1168 829 1207 exire
865 1167 954 1207 ideo
993 1167 1248 1206 statuendum
1279 1168 1351 1216 est,
1382 1166 1487 1217 quod
1517 1166 1640 1204 Nonii
1671 1167 1810 1204 auctor

272 1241 353 1268 non
389 1228 558 1268 debebat
588 1229 757 1267 alterum
794 1228 910 1266 istius
947 1238 1084 1266 uersus
1121 1226 1416 1266 hemistichium
1454 1225 1614 1276 addere,
1650 1226 1810 1275 poterat

273 1290 482 1328 contentus
514 1300 598 1328 esse
630 1287 762 1326 uerbis
797 1284 872 1326 ‘bis
905 1308 960 1314 -
992 1283 1059 1325 te'.
1123 1285 1239 1332 Quod
1269 1286 1303 1324 si
1335 1285 1502 1334 addidit,
1534 1298 1581 1324 ea
1611 1285 1658 1323 de
1690 1297 1810 1324 causa

274 1348 440 1397 addidit,
467 1349 562 1398 quia
586 1348 824 1387 sententiam
849 1347 980 1386 uoluit
999 1346 1188 1396 praebere
1206 1347 1416 1397 integram.
1469 1344 1604 1395 Capua
1625 1344 1809 1384 Cosentia

274 1408 386 1448 abest
416 1422 468 1447 m.
486 1421 524 1458 p.
547 1406 701 1456 CCVII,
732 1406 836 1446 Vibo
861 1406 1050 1446 Valentia
1077 1404 1286 1445 CCLXIV:
1318 1404 1519 1457 significat
1542 1405 1667 1457 igitur
1690 1406 1809 1455 poeta

273 1469 405 1508 locum
435 1481 486 1506 m.
511 1481 550 1518 p.
570 1467 665 1505 XIV
703 1467 772 1517 qui
812 1465 925 1506 abest
961 1479 986 1505 a
1016 1465 1171 1504 Vibone
1208 1477 1345 1504 uersus
1383 1465 1709 1515 septentrionem,
1739 1463 1810 1503 ubi

273 1529 341 1566 uia
370 1527 528 1578 Popilia
563 1527 738 1577 primum
774 1538 883 1565 mare
919 1526 1072 1577 tetigit,
1114 1525 1185 1564 ubi
1221 1525 1504 1576 angustissima
1544 1523 1706 1563 Bruttia
1747 1525 1810 1563 est

273 1589 392 1637 terra,
422 1587 493 1626 ubi
523 1587 612 1626 sinu
643 1586 773 1625 medio
804 1584 1025 1624 Vibonensi
1056 1584 1141 1623 Sila
1171 1596 1284 1624 mons
1320 1584 1506 1635 incipiat:
1543 1596 1684 1634 nempe
1714 1583 1807 1622 inde

273 1647 407 1698 potuit
437 1647 556 1686 facile
586 1645 672 1685 fieri
702 1646 893 1685 traiectus
920 1645 1050 1695 Mylas
1083 1638 1194 1698 (uide
1226 1644 1277 1683 ad
1307 1657 1345 1682 u.
1369 1638 1486 1698 104).
1540 1642 1695 1682 Vibone
1720 1655 1810 1682 cum

277 1707 383 1746 absit
413 1707 544 1746 forum
569 1705 719 1756 Popilii
749 1719 800 1744 m.
820 1718 858 1755 p.
881 1704 1072 1754 CLXXX,
1115 1703 1164 1743 ab
1202 1716 1248 1743 eo
1288 1716 1407 1754 quem
1436 1702 1554 1742 modo
1586 1702 1810 1754 significaui

274 1767 360 1806 loco
391 1766 544 1805 Bruttii
584 1765 697 1805 abest
736 1778 786 1803 111.
807 1778 844 1815 p.
867 1763 1037 1803 CLXVI.
1099 1763 1156 1802 Vt
1191 1763 1291 1803 fiant
1331 1762 1469 1802 CLXX
1493 1763 1518 1801 i.
1540 1775 1572 1802 e.
1598 1763 1657 1802 bis
1688 1763 1810 1812 quina

274 1829 466 1875 octoqena,
495 1839 546 1865 m.
566 1839 603 1876 p.
624 1825 682 1864 IV
713 1825 1022 1875 septentrionem
1053 1835 1190 1863 uersus
1220 1822 1554 1875 progrediendum
1584 1823 1644 1861 est
1675 1835 1699 1861 a
1722 1822 1809 1861 foro

271 1885 421 1937 Popilii
451 1887 520 1925 uia
550 1885 710 1935 Popilia
746 1886 787 1923 et
823 1883 1080 1923 adueniemus
1116 1884 1198 1922 fere
1228 1881 1483 1923 Acerroniam
1523 1894 1640 1932 quem
1678 1882 1810 1921 locum

273 1959 323 1984 m.
359 1959 396 1996 p.
432 1945 469 1982 V
513 1945 648 1984 abesse
694 1957 718 1983 a
759 1944 862 1983 Foro
905 1943 1054 1994 Popilii
1095 1943 1257 1982 nuntiat
1301 1942 1439 1981 tabula
1482 1941 1809 1993 Peutingeriana:

273 2018 397 2055 prope
427 2005 541 2044 abest
571 2005 680 2043 locus
712 2003 781 2054 qui
812 2004 959 2042 dicitur
989 2002 1040 2042 ad
1063 2002 1195 2042 Nares
1219 2002 1410 2041 Lucanas
1439 2001 1545 2040 unde
1578 2000 1714 2040 Cicero
1740 2001 1808 2039 uia

273 2064 431 2115 Popilia
461 2064 656 2103 Vibonem
688 2065 728 2102 et
760 2062 939 2102 Siciliam
971 2075 1059 2102 cum
1093 2062 1249 2112 peteret
1284 2062 1445 2111 scripsit
1485 2060 1535 2099 ad
1565 2060 1651 2099 Att.
1671 2060 1734 2099 III
1761 2061 1806 2099 2:

274 2124 367 2163 uide
397 2123 559 2163 Ricardi
590 2123 770 2173 Kieperti
801 2123 951 2161 formae
982 2122 1089 2162 orbis
1121 2122 1278 2172 antiqui
1304 2119 1384 2159 tab.
1404 2119 1497 2158 XIX
1521 2119 1651 2159 Berol.
1681 2121 1807 2158 1901.

274 2183 519 2223 Dehortatur
560 2184 688 2234 igitur
724 2182 900 2221 Lucilius
943 2195 992 2221 ne
1036 2193 1151 2221 cursu
1188 2181 1367 2220 terrestri
1403 2180 1550 2219 fretum
1587 2180 1748 2230 petatur
1785 2191 1809 2217 a

276 2241 430 2294 Capua:
470 2256 563 2282 nam
595 2244 629 2283 si
660 2243 728 2282 uia
758 2242 918 2292 Popilia
947 2242 1025 2281 iter
1054 2241 1189 2291 facies,
1225 2241 1400 2291 primum
1433 2238 1569 2290 Capua
1600 2238 1651 2278 ad
1680 2239 1807 2278 Nares

274 2303 456 2342 Lucanas
499 2302 653 2342 uidebis
697 2314 779 2341 esse
821 2315 872 2340 m.
892 2315 930 2352 p.
950 2301 1105 2350 LXXX,
1147 2300 1240 2339 inde
1283 2300 1334 2339 ad
1377 2300 1513 2338 sinum*
1545 2298 1810 2339 Vibonensem

274 2360 517 2414 <confecisse
547 2361 632 2413 ibi>
667 2359 742 2401 ‘bis
774 2363 897 2412 quina
933 2362 1126 2412 octogena
1161 2360 1314 2399 uidebis
1346 2358 1553 2398 commoda
1582 2360 1640 2408 te,
1673 2357 1810 2410 Capua

276 2420 401 2461 CCL'.
472 2422 607 2461 Aliam
649 2434 768 2472 porro
812 2433 972 2460 causam
1015 2428 1114 2471 qua·
1136 2420 1238 2458 mari
1280 2420 1358 2458 iter
1399 2419 1541 2458 melius
1584 2419 1638 2457 sit
1679 2418 1809 2458 facere

276 2495 393 2521 uersu
424 2483 586 2532 exponit
616 2482 810 2532 sequenti.
843 2502 898 2507 -
931 2480 1099 2547 Signum
1137 2478 1217 2528 CC,
1254 2491 1332 2518 non
1369 2478 1526 2517 litteras
1563 2478 1679 2529 posui
1719 2490 1810 2517 cum

276 2542 376 2581 codd
417 2542 539 2581 sicuti
568 2555 605 2579 u.
629 2542 712 2579 114
745 2542 786 2579 et
817 2539 901 2579 CIL
926 2540 947 2578 Ι
974 2540 1028 2579 34
1065 2541 1108 2578 111
1145 2538 1336 2578 Saturnio
1369 2535 1507 2576 ‘annos
1544 2539 1689 2588 gnatus
1719 2534 1806 2575 XX’

281 2602 390 2640 1011
425 2602 468 2639 in
500 2602 748 2651 pentametro
782 2596 943 2638 ‘XXXX
974 2611 1096 2638 annos
1128 2600 1224 2637 nata
1254 2599 1362 2637 necis
1392 2594 1554 2648 potior'

400 2655 508 2700 109.
548 2660 702 2709 Νο111110
733 2673 770 2710 p.
792 2660 896 2708 489,
925 2661 976 2698 11
1013 2656 1091 2697 ‘Ab
1135 2671 1180 2697 eo
1224 2657 1330 2708 quod
1373 2658 1433 2696 est
1475 2655 1585 2696 labos
1628 2634 1808 2696 labosum

276 2721 385 2770 facit,
416 2733 495 2759 non
526 2719 786 2768 laboriosum,
823 2719 999 2758 Lucilius
1039 2720 1264 2768 satyrarum
1294 2717 1361 2756 lib.
1381 2713 1487 2755 HI
1494 2713 1747 2766 praeterea.

278 2782 398 2830 atque
434 2776 654 2819 lutosum'fl
659 2776 670 2793 ³
739 2779 897 2818 Delirat
932 2779 1232 2830 grammaticus:
1275 2777 1521 2827 quantitates
1564 2746 1808 2826 syllabarum

278 2853 368 2878 eum
398 2840 602 2891 ignorasse
632 2852 713 2878 non
743 2837 955 2877 mirabitur
986 2839 1055 2888 qui
1084 2837 1310 2876 meminerit
1339 2835 1498 2875 Aelium
1529 2835 1732 2874 Donatum
1757 2835 1808 2874 ad

222 2908 228 2912 ’
277 2899 428 2950 Vergil.
459 2899 557 2937 Aen.
583 2898 625 2937 H
653 2899 735 2938 798
781 2910 852 2948 pro
897 2898 1008 2937 exilio
1051 2898 1229 2947 posuisse
1272 2908 1317 2935 ex
1359 2895 1443 2934 mo
1486 2890 1616 2949 (Seru.
1635 2895 1660 2933 l.
1681 2890 1729 2948 s.)
1768 2896 1809 2933 et

279 2955 432 2997 contra
468 2955 654 2997 metrum'
686 2957 749 2996 ΠΙ
782 2958 865 2996 636
906 2954 1049 2996 ‘solum
1086 2956 1158 2996 sub
1196 2956 1327 2994 fronte
1362 2951 1528 2994 latebat'
1566 2954 1807 2993 intellexisse

278 3019 483 3067 tamquam
524 3018 577 3056 sit
615 3014 711 3055 ‘late
747 3013 938 3067 patebat'.
1002 3016 1149 3055 Labem
1188 3017 1227 3054 et
1262 3015 1391 3053 lutum
1429 3013 1623 3064 pedestris
1653 3013 1807 3052 itineris
