2060 3444
486 257 607 295 XXIX
632 271 669 296 u.
698 262 778 296 922.
829 256 984 295 XXVIII
1010 259 1077 295 aut
1102 256 1221 295 XXIX
1247 269 1282 296 u.
1310 261 1511 295 923—925.
1699 256 1787 301 305

358 368 470 414 922.
509 373 666 412 Nonius
703 387 741 424 p.
770 374 869 423 287,
896 374 921 411 8
969 370 1217 412 ‘Distrahere
1261 375 1322 412 est
1363 373 1546 412 uendere.
1610 372 1788 412 Lucilius

235 433 304 473 lib.
331 433 527 473 XXVIIII
560 430 779 472 “diuidant
818 433 1022 483 differant,
1060 433 1273 484 dissipent,
1311 429 1599 473 distrahant''.'
1662 432 1788 472 Lacu-

235 507 329 534 nam
361 493 505 533 statuit
530 493 766 533 Muellerus:
798 493 921 532 uerba
953 495 1047 533 sunt
1076 494 1219 533 comici
1244 493 1388 544 quibus
1415 496 1509 544 apte
1535 495 1788 543 comparetur

235 554 365 593 Plaut.
380 553 474 593 Cist.
492 554 576 593 208
600 551 722 593 ‘feror
740 546 902 593 differor
921 553 1123 593 distrahor
1141 551 1337 604 diripior'.
1371 552 1475 599 Quid
1495 555 1548 592 sit
1567 553 1787 593 distrahere

235 616 405 665 apparet
441 613 562 665 Apul.
595 616 755 654 metam.
782 614 839 653 IX
866 627 952 664 cap.
981 615 1004 653 6
1053 611 1275 654 ‘strenuum
1324 615 1618 665 negotiatorem
1666 616 1786 652 nacta

235 687 335 725 sum,
368 675 438 724 qui
468 688 566 724 rem,
599 688 720 724 quam
752 687 826 726 ego
857 674 1003 714 mulier
1034 676 1074 713 et
1104 674 1212 713 intra
1243 674 1463 725 hospitium
1489 675 1678 713 contenta
1703 675 1786 712 iam

235 734 386 774 dudum
423 736 576 786 septem
618 734 793 774 denariis
833 734 1017 784 uendidi,
1059 734 1226 774 minoris
1271 731 1473 774 distraxit'
1500 734 1527 773 i.
1554 747 1585 774 e.
1612 734 1787 785 quinque

235 794 421 834 denariis.
468 794 597 834 Schol.
623 795 721 834 Bob.
748 795 791 834 in
818 794 896 835 Cic.
923 807 995 846 pro
1021 794 1158 834 Plane.
1184 808 1223 846 p.
1251 795 1350 845 259,
1377 795 1431 834 32
1471 791 1641 834 ‘Scimus
1681 795 1785 833 enim

235 854 515 906 praeconibus·
546 855 750 895 auctiones
794 856 945 895 fructui
989 867 1091 905 esse,
1143 855 1248 906 quod
1299 868 1371 906 per
1421 868 1486 895 eos
1543 855 1677 895 omnia
1728 855 1785 894 di-

235 912 498 955 strahantur'.

739 1119 946 1168 XXVIII
983 1122 1075 1168 aut
1111 1119 1280 1167 XXIX.

356 1211 468 1257 923.
504 1217 660 1256 Nonius
692 1231 730 1268 p.
757 1217 858 1267 406,
886 1218 939 1256 23
988 1214 1179 1267 ‘Tollere‚
1224 1216 1400 1256 occidere
1444 1211 1523 1271 (ita
1566 1217 1786 1257 Mercerus:

233 1276 387 1324 ἤυσε-ἰὼ·
418 1276 450 1315 L
475 1277 598 1317 occidi
624 1271 677 1331 G)
703 1276 884 1316 Lucilius
916 1277 984 1316 lib.
1012 1278 1099 1316 XX
1107 1278 1171 1316 VI
1205 1274 1282 1316 “at
1312 1276 1379 1316 cui
1406 1308 1413 1315 .
1436 1308 1443 1315 .
1466 1308 1473 1315 .
1498 1277 1654 1317 hiatrus
1684 1291 1786 1317 unus

235 1337 370 1387 potuit
400 1333 603 1376 tollere''.'
664 1337 806 1376 Iunius
837 1339 944 1376 recte
975 1339 1149 1386 cyathus,
1180 1338 1448 1377 Baehrensius
1480 1338 1611 1377 hiatus
1641 1337 1787 1377 maluit

235 1410 383 1448 ponere
422 1397 529 1448 quod
559 1397 599 1435 H
625 1399 666 1437 et
691 1397 728 1436 K
765 1397 807 1436 in
847 1398 1045 1448 scriptura
1083 1398 1251 1449 capitali
1288 1399 1357 1436 uix
1392 1401 1562 1448 possunt
1603 1398 1786 1437 discerni.

235 1457 453 1497 Vocabulis
492 1457 654 1497 Graecis
691 1457 822 1496 utitur
858 1460 979 1509 poeta
1015 1460 1061 1498 ut
1097 1458 1184 1497 fieri
1223 1459 1328 1498 solet
1363 1459 1407 1497 in
1445 1471 1625 1498 sermone
1662 1459 1787 1497 medi-

236 1530 375 1557 corum
419 1519 460 1557 et
501 1518 805 1570 languentium:
855 1518 1072 1569 dyspepsia
1118 1518 1218 1558 Cato
1263 1519 1311 1557 de
1355 1518 1443 1569 agri
1487 1519 1584 1558 cult.
1624 1521 1720 1569 127,
1749 1522 1786 1558 1.

237 1578 408 1618 Versum
439 1578 495 1617 sic
527 1578 683 1617 scandit
713 1579 932 1617 Muellerus
970 1579 1018 1617 de
1056 1592 1098 1618 re
1133 1580 1247 1618 metr.
1276 1579 1325 1618 ed
1348 1578 1390 1616 ΙΙ
1414 1592 1453 1628 p.
1482 1579 1586 1617 551:
1625 1575 1684 1618 ‘at
1722 1577 1786 1618 cui

237 1651 357 1688 quem
387 1637 510 1677 febris
541 1634 623 1677 {ina
655 1639 776 1689 atque
808 1651 888 1677 una
919 1635 1102 1689 ἀπεψία’;
1134 1639 1242 1689 quod
1274 1639 1309 1678 si
1338 1640 1493 1677 rectum
1525 1641 1598 1688 est,
1633 1640 1786 1689 primus

236 1698 416 1737 Lucilius
447 1699 568 1748 febris
603 1699 740 1749 posuit
775 1711 848 1748 pro
886 1699 1075 1738 trochaeo
1113 1699 1221 1749 quod
1258 1700 1398 1739 contra
1434 1698 1565 1750 legem
1601 1701 1787 1738 ueterum

237 1760 325 1797 erat
356 1759 579 1809 poetarum.
630 1759 780 1797 Tamen
807 1759 980 1798 alterum
1004 1759 1124 1798 huius
1149 1758 1424 1809 productionis
1450 1759 1560 1810 apud
1583 1759 1787 1798 Lucilium

237 1831 316 1858 non
350 1819 462 1858 extat
493 1819 735 1870 exemplum3
767 1818 888 1859 immo
921 1819 986 1858 uel
1017 1819 1060 1858 in
1090 1819 1333 1858 hexametris
1363 1831 1456 1858 raro
1487 1819 1671 1859 uocalem
1694 1833 1786 1870 pro-

237 1878 348 1918 ducit
384 1880 506 1929 poeta
544 1881 636 1918 ante
673 1880 829 1918 mutam
867 1892 959 1918 cum
1003 1879 1178 1930 liquida:
1221 1879 1315 1918 uide
1347 1878 1464 1918 indic.
1499 1893 1664 1931 gramm.
1692 1893 1720 1920 s.
1747 1894 1784 1918 u.

237 1938 460 1990 productio.
522 1939 662 1990 Neque
694 1941 830 1978 tamen
862 1941 924 1979 est
955 1942 1085 1991 magis
1117 1939 1307 1978 credibile
1345 1941 1409 1979 cui
1446 1939 1674 1990 disyllabon
1711 1940 1786 1979 hoc

238 1998 326 2038 loco
358 1999 454 2050 poni
486 1999 607 2039 sicuti
639 2011 757 2050 saepe
789 2001 831 2038 in
862 1999 980 2039 hiatu
1015 1999 1124 2051 apud
1156 2000 1348 2039 Plautum
1387 1994 1498 2053 (uide
1535 2001 1702 2051 interpr.
1735 2001 1786 2039 ad

240 2059 348 2098 Trin.
377 2060 462 2098 558
488 2059 572 2098 Mil.
601 2054 707 2114 351)
740 2060 810 2110 qui
841 2061 932 2099 huic
961 2060 1098 2111 posuit
1122 2060 1350 2110 disyllabon
1375 2060 1478 2099 Rud.
1501 2061 1555 2099 39
1583 2059 1694 2100 Asin.
1718 2062 1784 2100 10.

239 2118 318 2158 Sed
357 2119 500 2159 dubito
544 2132 596 2158 an
639 2132 778 2159 uersus
817 2133 838 2159 e
875 2120 1024 2159 Lucilii
1067 2120 1135 2159 lib.
1161 2120 1294 2159 XXVI
1338 2120 1530 2160 exciderit
1572 2133 1653 2159 una
1696 2134 1786 2160 cum

238 2179 433 2219 Varronis
476 2181 637 2219 nomine
677 2180 792 2219 cuius
833 2180 1141 2231 1η,Μεηὶρρθίε
1185 2180 1280 2220 talis
1323 2181 1535 2231 productio
1578 2174 1787 2220 inuenitur

238 2239 397 2290 saepius
442 2234 531 2294 (38.
569 2241 653 2279 235
674 2235 741 2294 Β).
808 2240 930 2279 Libro
968 2240 1143 2279 XXVIII
1190 2240 1266 2280 hoc
1317 2240 1463 2279 tribuit
1512 2241 1783 2292 fragmentum

236 2299 529 2338 Lachmannus.

359 2354 471 2400 925.
503 2359 634 2399 Varro
671 2359 720 2398 de
757 2359 897 2412 lingua
934 2360 1082 2400 Latina
1107 2360 1166 2399 VI
1193 2361 1247 2400 69
1289 2357 1509 2411 ‘Spondere
1550 2362 1612 2400 est
1654 2361 1784 2400 dicere

238 2415 477 2470 “spondeo'’
509 2432 534 2458 a
566 2422 708 2471 sponte
739 2415 853 2473 (nam
883 2420 926 2459 id
957 2415 1086 2474 ualet)
1120 2422 1160 2459 et
1191 2434 1214 2460 a
1245 2421 1470 2460 uoluntate.
1531 2420 1671 2471 itaque
1707 2420 1785 2460 Lu-

239 2479 356 2519 cilius
389 2479 528 2519 scribit
559 2479 607 2518 de
642 2480 796 2526 Gretea,
828 2493 918 2519 cum
950 2481 1000 2519 ad
1033 2493 1074 2520 se
1106 2481 1285 2520 cubitum
1316 2480 1484 2529 uenerit,
1520 2476 1613 2533 [sua
1642 2481 1784 2520 uolun-

239 2535 344 2591 tate]
377 2534 603 2593 (delendwm
632 2541 736 2580 uidit
758 2535 952 2594 Scaliyer)
985 2543 1125 2592 sponte
1158 2542 1289 2591 ipsam
1320 2542 1462 2591 suapte
1494 2540 1708 2580 adductam
1739 2544 1786 2580 ut

239 2599 419 2638 tunicam
450 2601 490 2639 et
520 2603 666 2639 ceterae
698 2595 902 2654 (impressi
933 2595 1076 2655 cetera)
1102 2597 1297 2640 reiceret'.
1347 2600 1533 2640 Senarios
1559 2602 1666 2640 recte
1693 2614 1785 2641 con-

241 2659 376 2698 stituit
404 2659 683 2699 Lachmannus
722 2673 841 2711 quem
878 2660 1005 2700 secuti
1043 2673 1193 2700 sumus.
1254 2661 1411 2700 Nomen
1448 2661 1668 2700 meretricis
1706 2661 1785 2700 fuit

241 2717 421 2768 Cretaea,
451 2720 478 2757 i.
505 2732 536 2758 e.
563 2719 742 2772 Κρηταία
773 2721 882 2771 quod
913 2721 1115 2773 significat
1145 2722 1395 2760 meretricem
1428 2720 1548 2760 Creta
1578 2721 1620 2759 in
1651 2722 1784 2760 insula

241 2779 389 2817 natam.
452 2778 646 2818 Solebant
677 2780 784 2819 enim
814 2782 1042 2820 meretrices
1079 2781 1279 2820 nominari
1316 2781 1363 2819 de
1401 2781 1489 2820 loco
1526 2781 1632 2819 unde
1672 2784 1782 2820 ortae

241 2839 356 2877 erant
392 2838 520 2877 ueluti
553 2837 654 2888 Cyri
688 2840 861 2889 paelices
899 2841 1069 2879 audiunt
1106 2853 1169 2891 ap.
1188 2841 1367 2890 Xenoph.
1393 2840 1521 2879 Anab.
1548 2840 1569 2878 I
1597 2842 1664 2891 10,
1692 2842 1729 2879 2
1758 2842 1781 2880 3

240 2894 266 2949 ἡ
300 2897 484 2949 Μιλησία
515 2899 556 2937 et
586 2894 611 2950 ἡ
647 2899 808 2946 Φωκαῒς
839 2899 977 2938 Afran.
1008 2901 1090 2939 136
1106 2900 1142 2938 R
1178 2897 1263 2939 ‘ubi
1300 2900 1388 2939 hice
1425 2899 1597 2939 Moschis
1636 2913 1784 2950 quaeso

241 2957 363 2997 habet
404 2959 593 2998 meretrix
636 2955 917 3009 NeapolitiSP’.
957 2981 1013 2986 —
1051 2962 1095 2998 ut
1136 2960 1310 2999 twnicam
1353 2961 1388 2998 et
1435 2963 1560 2999 cetera
1607 2956 1784 3013 reiceret]

242 3017 313 3056 ΑΡ
337 3017 374 3055 V
402 3018 484 3058 251
519 3017 714 3071 ῥίψωμεν,
745 3018 942 3071 χαρίεσσα,
973 3017 1020 3058 τὰ
1051 3018 1180 3072 φάρεα
1199 3032 1231 3058 e.
1252 3032 1289 3070 q.
1310 3032 1339 3059 s.

314 3090 430 3117 Lucilii
447 3091 514 3119 rell.
535 3091 580 3118 ed.
600 3091 782 3119 max-11.
1449 3089 1495 3122 20
