2060 3444
813 288 933 324 XXVI
959 301 995 324 u.
1022 291 1222 324 640-643,
1705 284 1794 328 235

372 396 484 444 640.
517 403 671 442 Nonius
698 416 734 453 p.
764 403 862 455 294,
891 405 914 442 7
944 397 1064 456 (293,
1092 396 1138 456 9)
1179 399 1381 441 ‘Euadcre
1417 403 1478 441 est
1515 400 1689 440 liberari.
1718 431 1725 439 .
1754 431 1761 439 .
1790 431 1798 439 .

251 463 428 503 Lucilius
447 463 515 502 lib.
535 463 668 502 XXVI
695 459 873 502 “idcirco
899 475 1034 502 omnes
1060 473 1245 502 cursuros
1264 463 1425 501 censent
1445 456 1798 513 aegritudinem”.'

247 522 400 564 Omnes
430 523 522 563 illos
553 523 692 562 morbo
724 524 901 574 corporis
933 523 1148 563 liberatum
1178 523 1231 561 iri
1262 522 1407 561 medici
1438 523 1617 571 censent,
1654 521 1799 572 quibus

253 585 326 624 aut
356 583 434 623 cibi
466 583 666 634 cupiditas
698 596 800 634 quae
831 596 912 622 non
945 585 1032 622 erat
1066 583 1195 622 denuo
1232 584 1413 622 recurrat
1445 576 1565 633 (Cels.
1592 582 1634 621 II
1658 594 1744 632 cap.
1773 582 1797 621 3

251 658 289 696 p.
318 645 386 697 33,
414 638 660 698 2Daremb.)
693 646 764 683 aut
796 643 952 683 animus
983 643 1125 683 hilaris
1156 642 1294 682 redeat
1326 644 1366 682 et
1397 643 1537 682 laetus.

372 698 485 744 641.
517 704 671 744 Nonius
703 711 741 756 p.
769 705 869 753 394,
896 705 950 743 28
992 700 1184 754 ‘Siccum,
1225 704 1452 743 exercitum.
1514 701 1693 742 Lucilius
1731 702 1798 740 lib.

251 764 384 804 XXVI
416 761 538 804 “cum
568 765 695 804 stadio
717 796 724 804 .
747 796 753 803 .
777 796 784 804 .
806 760 959 814 pilas''.
1011 763 1169 804 Siccum
1200 763 1346 803 dicitur
1375 758 1451 817 (sic
1477 762 1595 802 codd:
1620 762 1711 812 pila
1735 763 1800 801 Iu-

253 826 343 866 nius
382 827 422 865 et
451 819 670 879 Mercerus)
691 838 722 864 e.
746 838 781 875 q.
803 822 848 865 s.'
910 824 1083 864 Videtur
1118 823 1297 863 Lucilius
1328 825 1414 875 ipse
1452 824 1677 863 narrauisse
1716 824 1799 862 ani-

253 900 364 925 mum
395 898 511 925 suum
543 887 583 925 et
615 886 848 925 alacriorem
880 887 920 924 et
950 885 1079 937 magis
1109 897 1250 924 sanum
1275 898 1404 936 nuper
1429 897 1512 924 esse
1537 884 1690 924 factum
1717 897 1800 923 cor-

252 946 361 997 poris
391 948 484 997 post
509 946 843 986 exercitationem.
893 946 986 985 Non
1010 946 1293 996 temptauerim
1318 945 1441 984 uerba
1465 946 1509 984 in
1533 944 1682 993 duplici
1700 945 1801 993 pila,

254 1008 326 1057 qui
355 1007 466 1046 lusus
498 1019 588 1045 cum
616 1006 799 1046 diuersus
824 1006 1010 1046 uideatur
1036 1019 1118 1046 esse
1145 1019 1168 1045 a
1192 1007 1283 1045 lusu
1309 1007 1477 1058 trigone,
1511 1006 1641 1056 qualis
1667 1005 1801 1054 fuerit,

253 1079 333 1107 non
365 1068 531 1106 constat.
582 1067 742 1106 Dicitur
773 1069 816 1106 iu
839 1068 931 1116 pila
959 1067 1125 1106 lusimus
1150 1066 1218 1105 lib.
1244 1066 1301 1104 IX
1326 1080 1364 1104 u.
1392 1066 1476 1105 359
1504 1065 1624 1105 sicuti
1652 1066 1800 1116 saepis-

231 1127 351 1167 sime
382 1127 588 1166 inuenitur
621 1128 664 1166 iu
701 1127 790 1167 alea
821 1121 920 1182 (Cic.
950 1126 1033 1166 Cat.
1059 1127 1102 1166 II
1130 1128 1185 1166 10
1224 1123 1385 1177 ‘quodsi
1420 1127 1463 1165 in
1501 1126 1595 1165 uino
1634 1128 1674 1165 et
1712 1126 1801 1165 alea

254 1187 554 1228 comissationes
592 1188 721 1227 solum
759 1189 799 1226 et
835 1189 966 1228 scorta
1004 1183 1255 1238 quaererent'
1293 1187 1395 1227 Phil.
1422 1187 1464 1226 Π
1492 1187 1544 1225 56
1593 1182 1715 1237 ‘quod
1758 1187 1801 1224 in

254 1249 343 1288 alea
391 1243 637 1298 perdiderat'
668 1248 768 1287 xm
794 1249 850 1287 24
875 1248 969 1299 Dig.
1000 1248 1117 1287 XVII
1144 1249 1188 1298 2,
1216 1248 1284 1297 59,
1314 1249 1335 1286 1
1371 1247 1429 1286 XI
1456 1247 1494 1297 5,
1521 1248 1547 1286 4
1599 1243 1800 1297 ‘repetitio

253 1308 337 1348 eius
370 1308 477 1359 quod
506 1309 549 1347 in
580 1308 669 1348 alea
702 1309 835 1348 lusum
872 1302 980 1362 est').
1042 1307 1157 1347 Vnde
1195 1309 1363 1359 apparet
1400 1309 1442 1346 in
1477 1309 1684 1357 yymnasio
1721 1320 1799 1346 non

253 1369 385 1408 locum
398 1368 633 1422 significare,
647 1368 715 1408 sed
729 1369 910 1408 luctandi
923 1369 1259 1419 exercitationem,
1272 1368 1394 1407 sicuti
1406 1368 1550 1407 medici
1561 1362 1770 1422 (Hippocr.
1782 1367 1802 1406 Ι

253 1443 292 1480 p.
320 1430 419 1479 203,
448 1430 501 1468 12
516 1424 678 1483 Kuehl.)
713 1431 869 1480 ponunt
904 1427 1126 1483 γυμνάσιον
1163 1442 1236 1480 pro
1274 1429 1576 1468 exercitatione:
1614 1428 1719 1467 Plut.
1753 1427 1802 1467 de

254 1490 372 1530 sanit.
400 1490 424 1528 6
451 1503 489 1540 p.
519 1489 650 1529 124ss
684 1488 813 1542 ὥσπερ
851 1487 926 1543 γὰρ
955 1521 962 1528 .
991 1521 998 1528 .
1027 1521 1034 1528 .
1061 1492 1113 1545 τῷ
1140 1488 1343 1542 Σωκράτει
1378 1488 1601 1542 γυμνάσιον
1638 1482 1690 1540 ἦν
1727 1486 1802 1528 οὐκ

253 1547 374 1601 ἀηδὲς
405 1546 430 1601 ἡ
464 1547 635 1603 ὄρχησις,
667 1548 840 1589 Galenus
873 1551 1034 1601 scripsit
1063 1548 1152 1603 περὶ
1183 1554 1254 1589 τοῦ
1287 1547 1353 1588 διὰ
1387 1554 1457 1601 τῆς
1489 1554 1656 1601 σμικρᾶς
1682 1548 1802 1599 σφαί-

254 1625 326 1662 ρας
350 1609 591 1663 γυμνασίουτ
623 1610 718 1650 conf
738 1609 888 1650 Placid.
916 1609 1016 1649 CGL
1041 1610 1079 1648 V
1104 1623 1142 1661 p.
1171 1611 1239 1659 24,
1267 1611 1340 1649 11:
1366 1623 1495 1660 neque
1520 1609 1626 1648 enim
1650 1609 1802 1648 Romae

253 1671 328 1710 illa
359 1671 493 1710 aetate
524 1670 715 1710 extabant
746 1671 956 1721 gymnasia
986 1671 1053 1710 uel
1082 1670 1319 1721 palaestrae.
1370 1670 1510 1721 Neque
1544 1670 1672 1722 igitur
1707 1671 1800 1709 ante

254 1731 382 1770 stadio
414 1730 752 1781 praepositionem
783 1730 957 1770 arbitror
987 1743 1102 1782 posse
1134 1730 1279 1770 deesse.

376 1785 488 1831 642.
520 1790 674 1830 Nonius
705 1805 744 1842 p.
772 1791 872 1840 408,
899 1791 954 1830 24
993 1787 1208 1842 ‘Tangere,
1244 1791 1451 1841 inspicere.
1520 1789 1701 1830 Lucilius
1732 1790 1800 1830 lib.

255 1850 388 1890 XXVI
421 1847 621 1899 “nequam
646 1845 786 1906 (neque
810 1851 949 1890 Iunius
975 1853 1016 1891 et
1039 1845 1257 1905 Mercerus)
1285 1852 1396 1902 prius
1418 1882 1424 1890 .
1448 1883 1454 1889 .
1477 1882 1484 1889 .
1505 1847 1799 1902 praecordia”.’

256 1910 473 1962 Gomparat
507 1912 632 1950 animi
667 1911 826 1951 morbos
864 1924 954 1950 cum
991 1907 1167 1962 corporis
1204 1911 1438 1950 infirmitate
1476 1913 1522 1950 ut
1552 1912 1714 1951 Persius
1739 1912 1802 1950 III

260 1972 315 2010 88
331 1984 438 2022 seqq.
465 1970 534 2010 ubi
557 1973 639 2011 107
669 1968 817 2023 ‘tange,
842 1973 963 2011 miser
987 1984 1122 2021 uenas,
1148 1973 1189 2011 et
1211 1985 1314 2023 pone
1339 1973 1382 2011 in
1407 1973 1567 2022 pectore
1593 1968 1800 2011 dextram'.

256 2032 391 2071 Venas
414 2034 583 2083 ,tangere
609 2045 687 2071 uox
711 2033 876 2083 propria
900 2032 1162 2072 medicorum:
1196 2031 1284 2072 Sen.
1311 2045 1370 2083 ep.
1399 2034 1467 2082 22,
1496 2035 1517 2071 1
1549 2029 1643 2072 ‘non
1668 2034 1803 2083 potest

255 2092 430 2131 medicus
461 2105 532 2143 per
564 2093 755 2143 epistulas
788 2092 867 2131 cibi
899 2095 969 2132 aut
999 2093 1149 2132 balinei
1180 2094 1337 2144 tempus
1369 2093 1534 2144 eligere:
1572 2105 1675 2132 uena
1712 2095 1800 2132 tan·
1853 2107 1860 2111 ·

257 2152 386 2204 genda
422 2148 498 2192 est’
535 2152 640 2192 Hist.
669 2152 802 2203 Apoll.
830 2153 921 2204 Tyr.
941 2166 1033 2204 cap.
1063 2154 1116 2192 18
1133 2154 1230 2192 extr.
1277 2150 1362 2203 ‘qui
1406 2154 1612 2192 uenientes
1656 2153 1802 2192 medici

256 2214 500 2263 temptantes
543 2225 665 2252 uenas
709 2214 883 2265 tangunt
930 2214 1108 2265 singulas
1158 2214 1335 2264 corporis
1384 2209 1553 2264 partes’:
1603 2213 1801 2253 medicum

257 2273 439 2312 Iasonem
469 2273 623 2311 homini
653 2275 817 2325 aegroto
849 2286 973 2312 uenas
1005 2275 1047 2312 et
1079 2273 1313 2324 praecordia
1349 2274 1583 2325 tangentem
1620 2274 1801 2313 uidemus

220 2354 229 2363 κ
257 2334 300 2371 in
331 2333 559 2384 anaglypho
584 2332 713 2372 Musei
737 2333 963 2373 Britannici
987 2334 1173 2373 Daremb.
1191 2333 1308 2385 -SagL
1335 2333 1509 2374 Diction.
1537 2334 1572 2373 d.
1600 2336 1680 2373 ant.
1707 2331 1746 2373 ss
1763 2348 1800 2373 u.

257 2392 432 2432 medicus
453 2392 515 2431 ΠΙ
532 2406 570 2444 p.
594 2393 720 2432 1684.
761 2393 941 2433 Similem
967 2395 1206 2433 sententiam
1231 2394 1390 2433 exhibet
1412 2393 1489 2433 Cic.
1510 2394 1558 2432 de
1579 2407 1633 2433 or.
1652 2395 1694 2433 H
1717 2395 1799 2434 186

258 2449 335 2493 ‘sin
372 2452 414 2492 id
452 2454 522 2492 aut
562 2465 642 2492 non
680 2454 773 2503 erit,
812 2455 883 2493 aut
919 2455 996 2493 erit
1033 2454 1255 2504 obscurius,
1299 2455 1398 2493 sicut
1432 2455 1577 2494 medico
1615 2455 1802 2506 diligenti,

250 2515 490 2563 priusquam
519 2516 676 2552 conetur
707 2525 824 2563 aeyro
858 2515 1040 2554 adhibere
1076 2515 1329 2560 medicinam,
1365 2526 1445 2553 nou
1481 2515 1607 2554 solum
1643 2515 1802 2554 morbus

260 2575 360 2619 eius,
398 2573 461 2612 cui
491 2573 643 2612 mederi
673 2574 802 2624 uolet,
839 2574 908 2614 sed
940 2576 1063 2614 etiam
1095 2574 1337 2614 consuetudo
1369 2575 1543 2614 ualentis
1579 2577 1619 2614 et
1656 2576 1801 2614 natura

259 2634 434 2684 corporis
466 2634 739 2685 cognoscenda
770 2631 857 2673 est’.
906 2635 927 2673 I
954 2636 1038 2674 223
1074 2632 1226 2674 ‘teneat
1257 2636 1416 2685 oportet
1445 2647 1569 2675 uenas
1610 2635 1801 2685 cuiusque

260 2693 414 2745 generis
446 2693 590 2733 aetatis
616 2693 779 2744 ordinis,
810 2695 851 2734 et
875 2707 1022 2746 eorum,
1055 2694 1162 2746 apud
1186 2707 1286 2746 quos
1312 2695 1467 2746 aliquid
1493 2697 1598 2746 aget,
1629 2697 1701 2734 aut
1725 2696 1803 2734 erit

261 2754 438 2802 acturus,
498 2755 650 2792 mentes
706 2766 921 2805 sensusque
977 2752 1188 2806 degustet'.
1274 2755 1352 2794 Dio
1408 2755 1520 2795 Prus.
1548 2755 1718 2794 XXXIV
1745 2756 1798 2794 26

259 2812 280 2851 Ι
303 2826 342 2863 p.
370 2813 454 2851 323
468 2812 622 2851 Arnim.
659 2811 726 2852 καὶ
762 2812 836 2866 γὰρ
874 2813 1028 2867 ἰατρόν,
1073 2813 1178 2862 ὅστις
1213 2813 1399 2865 ἐξήτακεν
1436 2813 1609 2867 ἀκριβῶς
1645 2813 1692 2854 τὰ
1729 2820 1800 2855 τοῦ

260 2871 500 2923 κάμνοντος,
535 2868 588 2919 ὡς
619 2870 744 2923 μηδὲν
775 2871 898 2913 αὐτὸν
930 2873 1166 2926 λανθάνειν,
1203 2879 1346 2914 τοῦτον
1376 2873 1481 2922 εἰκὸς
1511 2871 1651 2926 ἄριστα
1681 2877 1799 2928 θερα-

261 2931 407 2972 πεύειν.
438 2953 489 2958 -
518 2930 714 2971 ἅπτεσθαι
743 2937 814 2984 τῆς
845 2931 991 2985 φλεβός
1022 2933 1163 2974 Graeci
1195 2928 1314 2987 (Gell.
1339 2934 1478 2973 XVIII
1505 2935 1573 2983 10,
1599 2928 1656 2988 4).

382 2986 493 3032 643.
524 2991 679 3031 Nonius
705 3006 742 3043 p.
771 2994 868 3042 291,
896 2994 919 3032 7
955 2990 1139 3045 ‘Exigere
1171 2995 1233 3033 est
1268 2993 1486 3033 excludere.
1515 3025 1521 3032 .
1553 3025 1559 3033 .
1588 3025 1596 3033 .
1621 2994 1800 3034 Lucilius

262 3051 329 3090 lib.
355 3051 487 3091 XXVI
519 3048 801 3092 “uestimentis
822 3083 830 3092 .
851 3082 860 3092 .
881 3081 890 3092 .
909 3049 1085 3104 putet''.'
1149 3054 1367 3093 Coniunxit
1396 3053 1676 3096 Lachmannus
1711 3067 1800 3099 cum
