2060 3444
1944 0 2060 167 V}

1900 168 2060 292 s*

273 283 357 326 152
843 336 846 339 ι
866 280 917 316 XI
941 292 977 316 u.
1005 284 1204 318 404-407.
1875 307 1889 342 s,

271 394 542 447 ‘Scalprorum
569 408 588 431 201
615 396 891 446 forcipumque
928 395 1058 434 millia
1094 391 1243 448 uiginti
1281 389 1342 449 (in
1379 395 1627 435 adnotatione
1658 389 1811 438 critica}
1855 374 1859 390 l

270 458 295 495 f.
321 456 605 505 forcipiumque
635 456 771 494 Malia
802 449 911 509 uio).
973 453 1175 495 Charisius
1205 455 1274 494 lib.
1299 455 1320 494 I
1349 455 1594 496 Medicorum
1624 454 1811 507 Foro-{pes
1840 462 1850 505 „f

271 517 368 556 dicit
392 516 461 555 lib.
483 528 502 551 *
528 515 623 554 XIX
650 509 710 569 (in
739 516 987 554 adnotatione
1012 516 1166 555 critica.-
1189 515 1237 554 V.
1251 514 1290 554 O.
1319 517 1356 561 (i.
1377 528 1406 555 e.
1425 518 1536 556 uetus
1566 517 1696 565 codex)
1721 511 1829 572 ΧΙ.)

270 575 465 625 Scalpror.
492 576 565 614 etc.
601 577 656 615 10
689 597 744 602 —
777 596 835 602 —
873 576 913 614 et
949 576 1061 615 uncis
1101 570 1162 630 (in
1200 576 1448 615 adnotatione
1485 576 1639 616 critica:
1674 578 1732 616 ita
1764 588 1810 618 ex

271 637 318 674 V.
341 635 381 675 G.
408 630 717 689 emendandum)
743 635 978 686 Forcipibus
1005 635 1142 674 dentes
1169 635 1366 674 euelleret.
1395 658 1448 663 —
1479 635 1682 676 Charisius
1707 637 1816 676 zib]

270 698 350 735 loco
375 695 629 745 praecedente
665 697 778 734 citato
815 696 946 735 addit:
980 694 1082 734 Item
1120 695 1240 746 paulo
1271 697 1380 746 post:
1420 717 1474 723 -—
1507 699 1542 735 et
1570 698 1682 736 amois
1712 698 1810 736 For·-

271 756 420 806 cipe'bus
464 756 593 794 dentes
631 752 831 795 euelleret’.
871 777 927 782 -—
965 755 1020 795 Et
1060 756 1104 794 in
1142 756 1425 795 commentario
1463 756 1514 795 ad
1543 756 1650 796 1111110
1680 757 1811 797 10011111

274 814 356 855 ‘Sic
397 815 671 868 corrigendum
703 815 780 855 fide
812 816 963 855 uetusti
994 815 1151 856 codicis.
1207 828 1301 855 nam
1331 816 1490 868 uulgati
1519 817 1647 856 multo
1679 829 1810 856 corru-

272 876 469 927 ptissime:
515 875 656 925 Qumis
697 877 912 925 forcipibus
955 875 1085 915 dentes
1124 872 1292 915 uenere’.
1362 875 1422 915 De
1471 875 1604 916 codice
1652 878 1811 917 uetusto

256 932 445 976 'Charisii
478 948 595 986 quem
627 935 812 974 adhibuit
842 935 978 976 Dousa
1010 935 1180 975 diximus
1213 935 1263 974 ad
1294 935 1351 974 IX
1376 949 1413 975 u.
1436 937 1532 975 362.
1593 935 1668 983 Qui
1693 937 1812 977 sicuti

271 997 344 1036 illo
382 997 488 1046 1000,
526 997 586 1035 118
623 997 745 1035 0118111
782 996 856 1035 1100
887 996 975 1035 1000
1007 996 1276 1047 praestantior
1307 997 1367 1035 est
1396 996 1663 1047 Neapolitano
1695 1009 1813 1048 quem

272 1069 351 1096 non
389 1057 507 1095 norat
543 1056 696 1095 Dousa:
734 1069 828 1095 nam
865 1056 1051 1108 uulgatus
1088 1055 1212 1095 libros
1251 1057 1431 1106 sequitur
1466 1057 1509 1095 in
1546 1058 1814 1106 foroipumque

273 1118 313 1155 et
343 1117 385 1154 in
415 1115 511 1155 libri
542 1128 706 1154 numero
740 1115 866 1161 XIX,
907 1116 978 1155 ubi
1007 1116 1046 1154 N
1076 1115 1198 1155 habet
1228 1117 1365 1156 notam
1395 1115 1568 1167 priorem
1599 1117 1634 1155 X
1664 1118 1812 1168 puncto

273 1178 465 1216 notatam.
527 1176 614 1228 Ego
651 1175 777 1214 malui
814 1176 910 1226 quia
946 1175 1092 1215 codicis
1123 1176 1162 1214 N
1197 1175 1384 1215 librarius
1424 1177 1560 1226 aperte
1590 1177 1741 1216 errauit
1770 1177 1813 1216 in

273 1249 437 1275 numero
468 1235 562 1274 XIX
594 1237 635 1275 et
665 1235 787 1274 uerba
820 1232 948 1275 ‘cunis
979 1236 1196 1287 forcipibus
1229 1236 1365 1275 dentes
1404 1233 1566 1276 uellere’
1599 1236 1814 1276 admodum

272 1296 459 1335 mendose
497 1296 674 1346 scripsit,
712 1297 835 1334 etiam
871 1297 915 1334 in
950 1309 1114 1335 numero
1147 1296 1218 1334 XI
1254 1297 1368 1346 sequi
1400 1295 1692 1346 Ooloniensem,
1724 1309 1814 1336 cum

274 1356 482 1396 emendate
517 1356 701 1395 exhibeat
734 1356 807 1395 1118
840 1355 964 1395 1101118
1002 1357 1042 1395 01
1076 1355 1289 1407 diiigenter
1313 1357 1474 1407 scripta.
1523 1356 1657 1396 Verba
1675 1356 1812 1396 uiden-

272 1418 341 1456 tur
380 1416 579 1468 pertinere
620 1416 670 1454 ad
701 1412 968 1455 iustrumenta
999 1415 1165 1465 medica,
1206 1428 1308 1466 quae
1354 1416 1468 1455 miles
1509 1416 1629 1456 nimis
1672 1417 1812 1456 anxius

275 1477 416 1516 salutis
455 1488 549 1515 suae
587 1488 720 1515 secum
756 1477 920 1515 uexerat
962 1475 1013 1515 ad
1052 1476 1314 1515 Numantiam
1356 1476 1587 1527 increpante
1631 1476 1814 1527 Scipione

275 1538 315 1576 01
344 1536 546 1575 irridente.

395 1590 505 1636 405.
543 1595 698 1635 Nonius
734 1608 772 1646 p.
800 1596 904 1645 344,
937 1596 993 1635 30
1033 1591 1191 1645 ‘Meret,
1227 1595 1389 1635 militat.
1521 1595 1627 1635 idem
1663 1595 1731 1635 lib.
1757 1595 1815 1635 XI

276 1653 433 1695 “annos
464 1656 530 1695 hic
562 1658 667 1694 errat
697 1658 779 1695 tam
803 1649 882 1710 (ita
909 1654 1060 1705 Guelfi:
1090 1658 1222 1695 erarat
1246 1658 1327 1695 tam
1356 1655 1389 1694 L
1415 1669 1465 1694 m.
1489 1650 1532 1709 1)
1561 1686 1568 1694 .
1591 1687 1597 1694 .
1620 1687 1627 1694 .
1653 1656 1815 1696 hiberna

278 1747 284 1754 .
308 1748 314 1754 .
338 1747 344 1755 .
370 1711 556 1755 meret'’.’
619 1715 789 1755 Versum
820 1715 1048 1755 emendauit
1078 1715 1311 1755 Palmerius.
1368 1715 1497 1755 Sicuti
1526 1716 1658 1756 uerbis
1690 1727 1816 1756 annos

275 1778 356 1815 iam
386 1777 525 1826 plures
554 1769 747 1830 :apparea
783 1775 964 1826 loquitur
998 1775 1114 1815 miles
1151 1777 1221 1826 qui
1256 1777 1339 1815 iam
1377 1777 1469 1815 ante
1510 1775 1736 1827 Scipionem
1772 1777 1815 1816 in

275 1836 474 1887 Hispania
495 1831 710 1875 ‘meruerat
746 1837 786 1875 et
823 1831 959 1888 agitur
998 1835 1046 1874 de
1085 1836 1214 1875 milite
1258 1837 1452 1875 exercitus
1495 1836 1660 1886 ueteris,
1698 1849 1815 1888 quem

277 1896 413 1946 Scipio
444 1897 655 1935 inuenerat
684 1891 858 1935 mollitia
895 1896 936 1934 01
972 1895 1124 1935 desidia
1162 1897 1404 1947 corruptum.
1464 1896 1570 1935 Nam
1602 1895 1735 1947 Scipio
1766 1909 1815 1935 ne

277 1956 374 1995 duos
407 1955 567 2006 quidem
599 1967 723 1995 annos
754 1956 797 1994 in
822 1955 1020 2005 Hispania
1044 1957 1310 1996 commoratus
1337 1957 1406 1995 est.
1438 1978 1493 1983 —
1520 1956 1672 1996 Hibera
1696 1957 1816 2006 terra,

280 2018 325 2054 ut
355 2015 423 2054 lib.
444 2015 518 2053 XV
543 2029 580 2053 u.
602 2016 701 2064 490,
731 2015 793 2054 hic
823 2014 1067 2054 aduerbium.
1436 2028 1441 2036 ⁴

398 2069 509 2114 407.
542 2074 695 2114 Νο111110
715 2089 752 2125 p.
769 2075 837 2124 18,
853 2076 906 2113 17
936 2071 1101 2124 ‘Rudus‚
1126 2076 1289 2125 stercus,
1315 2075 1422 2125 quod
1446 2075 1611 2114 raditur.
1637 2075 1815 2115 Lucilius

279 2136 507 2186 satyrarum
537 2134 605 2173 lib.
625 2134 683 2172 XI
715 2131 844 2174 “urim-
860 2135 1068 2174 sternenda
1099 2137 1134 2174 et
1162 2135 1387 2174 iaciendum
1416 2135 1494 2174 huc
1523 2147 1707 2187 aggerem
1739 2130 1816 2190 (sic

279 2194 632 2245 Guelferbytanus:
669 2194 873 2234 Leidensis
911 2189 1081 2249 aqerem)
1121 2196 1162 2234 et
1195 2195 1239 2233 id
1275 2207 1398 2247 genus
1438 2191 1621 2234 rudus”.'
1685 2190 1816 2248 (rudis

279 2254 313 2293 G
337 2269 388 2293 m.
412 2249 467 2308 1).
530 2253 729 2306 Aggerem
764 2255 894 2294 iacere
925 2254 1022 2305 quid
1054 2255 1123 2305 sit,
1161 2256 1247 2305 ipse
1277 2256 1397 2305 poeta
1426 2254 1494 2293 lib.
1514 2250 1646 2293 XXVI
1670 2268 1707 2293 u.
1729 2255 1813 2293 633

279 2314 452 2365 explicat
490 2311 650 2365 ‘aggere
686 2315 728 2353 in
765 2314 951 2354 iaciundo
990 2316 1024 2354 si
1061 2311 1179 2365 quost
1214 2315 1342 2354 uineis
1374 2315 1474 2354 actis
1506 2311 1639 2366 opus':
1678 2315 1816 2365 itaque

278 2387 357 2413 non
394 2375 500 2413 recte
538 2374 585 2412 de
622 2375 690 2412 uia
727 2374 939 2413 sternenda
970 2376 1198 2427 cogitarunt
1228 2374 1397 2413 editores
1427 2374 1649 2414 Mercerum
1679 2375 1815 2414 secuti.

279 2433 528 2486 Sententiam
558 2435 618 2472 ita
644 2434 726 2472 fere
752 2434 956 2485 suppleas:
987 2447 1067 2473 non
1095 2435 1218 2487 signis
1245 2434 1401 2474 collatis
1427 2446 1509 2473 esse
1535 2433 1816 2483 dimicandum,

279 2494 347 2534 sed
384 2493 586 2533 obsidione
624 2493 765 2533 horum
802 2494 977 2533 hostium
1014 2495 1073 2533 ait
1109 2495 1193 2533 uim
1230 2494 1480 2533 sternendam
1521 2495 1562 2533 et
1591 2493 1816 2533 iaciendum

280 2554 358 2593 huc
389 2566 576 2605 aggerem
607 2554 647 2593 01
677 2553 719 2592 id
756 2565 879 2605 genus
916 2553 1049 2593 rudus.
1111 2554 1315 2593 Romanus
1341 2553 1511 2593 sedendo
1542 2555 1671 2593 uincit
1700 2555 1815 2593 uetus

282 2614 342 2652 est
366 2613 622 2664 prouerbium
648 2614 759 2653 cuius
785 2626 936 2652 memor
962 2612 1095 2664 Scipio
1127 2609 1216 2653 οὐδ’
1245 2611 1427 2666 ἐπεχείρει
1452 2616 1533 2660 τοῖς
1558 2611 1729 2666 ἐχθροῖς,
1761 2611 1816 2652 ἔτι

279 2677 529 2725 περισκοπῶν
566 2670 687 2712 αὐτόν
724 2687 762 2712 τε
800 2671 868 2712 τὸν
906 2671 1076 2725 πόλεμον
1113 2671 1179 2712 καὶ
1216 2671 1284 2712 τὸν
1321 2671 1461 2725 καιρὸν
1492 2671 1615 2712 αὐτοῦ
1646 2670 1712 2712 καὶ
1741 2671 1815 2724 τὴν

280 2737 358 2771 τῶν
397 2731 661 2783 Νομαντίνων
699 2729 826 2785 ὁρμὴν
863 2730 902 2779 ἐς
934 2731 993 2772 ὅτι
1022 2731 1241 2787 τρέφοιντο.
1306 2727 1496 2787 (Appian.
1522 2732 1622 2771 Iber.
1650 2727 1725 2787 87)
1748 2763 1755 2771 .
1776 2762 1785 2770 .
1805 2762 1814 2771 .

210 2792 216 2796 ’
280 2786 360 2831 εἷθ’
395 2788 590 2844 ἡγεμόνας
620 2789 830 2843 ἐπιστήσας
860 2790 1007 2848 ἑκάστῳ
1045 2790 1150 2846 μέρει
1180 2790 1389 2845 προσέταξε
1419 2790 1718 2847 περιταφρεύειν
1749 2789 1816 2831 καὶ

280 2855 567 2904 περιχαρακοῦν
591 2849 663 2902 τὴν
688 2850 804 2891 πόλιν
830 2846 906 2906 (90
931 2847 1051 2906 med.)
1080 2883 1087 2890 .
1110 2883 1116 2890 .
1138 2857 1154 2891 .’
1173 2849 1194 2891 ὃ
1221 2846 1258 2890 δ’
1288 2845 1338 2903 ἦν
1363 2849 1440 2904 ἄρα
1465 2846 1815 2905 στρατηγικώτερος

283 2909 428 2962 αὐτῶν,
459 2908 499 2958 ἐς
529 2913 658 2964 χεῖρας
689 2910 762 2951 οὐκ
793 2909 865 2951 ι’ὼν
896 2911 1075 2964 θηρίοις,
1113 2909 1209 2950 ἀλλὰ
1239 2914 1292 2966 τῷ
1324 2913 1422 2967 λιμῷ
1455 2916 1559 2962 σφᾶς
1587 2908 1815 2964 κατεργαζό-

282 2983 397 3021 μενος
449 2967 584 3025 ἀμάχῳ
636 2973 743 3025 κακῷ
788 2972 864 3009 κτλ.
920 2965 996 3016 (97
1036 2965 1157 3024 med.)
1213 2967 1376 3010 ‘Fundit
1430 2971 1545 3022 fugat
1598 2970 1815 3021 prosternit

281 3041 487 3068 maxumas
530 3027 720 3082 legiones’
767 3024 898 3084 (FPR
934 3044 972 3081 p.
1003 3031 1057 3070 56
1108 3025 1379 3084 Baehrensii),
1431 3027 1548 3069 ‘alius
1597 3031 1652 3069 sit
1698 3030 1814 3069 fortis
