<?xml version="1.0" encoding="UTF-8"?>
<!DOCTYPE html PUBLIC "-//W3C//DTD XHTML 1.0 Transitional//EN"
    "http://www.w3.org/TR/xhtml1/DTD/xhtml1-transitional.dtd">
<html xmlns="http://www.w3.org/1999/xhtml" xml:lang="en" lang="en">
 <head>
  <title>
</title>
<meta http-equiv="Content-Type" content="text/html;charset=utf-8" />
  <meta name='ocr-system' content='tesseract 3.04.00' />
  <meta name='ocr-capabilities' content='ocr_page ocr_carea ocr_par ocr_line ocrx_word'/>
</head>
<body>
  <div class='ocr_page' id='page_1' title='image "./carminumreliquia02luciuoft_0285.png"; bbox 0 0 2060 3444; ppageno 0'>
   <div class='ocr_carea' id='block_1_1' title="bbox 817 252 1810 297">
    <p class='ocr_par' dir='ltr' id='par_1_1' title="bbox 817 252 1810 297">
     <span class='ocr_line' id='line_1_1' title="bbox 817 252 1810 297; baseline 0.004 -6"><span class='ocrx_word' id='word_1_1' title='bbox 817 255 955 293; x_wconf 80' lang='lat' dir='ltr'>XXVII</span> <span class='ocrx_word' id='word_1_2' title='bbox 980 267 1016 292; x_wconf 89' lang='lat' dir='ltr'><strong>u.</strong></span> <span class='ocrx_word' id='word_1_3' title='bbox 1044 257 1245 292; x_wconf 81' lang='lat'>695—699.</span> <span class='ocrx_word' id='word_1_4' title='bbox 1721 252 1810 297; x_wconf 80' lang='lat'><strong>253</strong></span> 
     </span>
    </p>
   </div>
   <div class='ocr_carea' id='block_1_2' title="bbox 222 366 1843 3081">
    <p class='ocr_par' dir='ltr' id='par_1_2' title="bbox 233 366 1843 602">
     <span class='ocr_line' id='line_1_2' title="bbox 254 366 1812 420; baseline -0.002 -9"><span class='ocrx_word' id='word_1_5' title='bbox 254 372 434 412; x_wconf 79' lang='lat' dir='ltr'><strong>Lucilius</strong></span> <span class='ocrx_word' id='word_1_6' title='bbox 472 370 540 410; x_wconf 89' lang='lat' dir='ltr'><strong>lib.</strong></span> <span class='ocrx_word' id='word_1_7' title='bbox 566 370 721 409; x_wconf 80' lang='lat' dir='ltr'>XXVII</span> <span class='ocrx_word' id='word_1_8' title='bbox 761 367 865 410; x_wconf 84' lang='lat' dir='ltr'><strong>“aut</strong></span> <span class='ocrx_word' id='word_1_9' title='bbox 890 401 899 410; x_wconf 88' lang='lat'><em>.</em></span> <span class='ocrx_word' id='word_1_10' title='bbox 921 401 928 409; x_wconf 90' lang='lat'><strong>.</strong></span> <span class='ocrx_word' id='word_1_11' title='bbox 952 401 959 409; x_wconf 90' lang='lat'><strong>.</strong></span> <span class='ocrx_word' id='word_1_12' title='bbox 987 372 1027 410; x_wconf 89' lang='lat' dir='ltr'><strong>et</strong></span> <span class='ocrx_word' id='word_1_13' title='bbox 1057 373 1101 409; x_wconf 79' lang='lat' dir='ltr'><strong>ut</strong></span> <span class='ocrx_word' id='word_1_14' title='bbox 1143 370 1209 409; x_wconf 73' lang='lat' dir='ltr'><strong>ille</strong></span> <span class='ocrx_word' id='word_1_15' title='bbox 1243 369 1405 408; x_wconf 88' lang='lat' dir='ltr'><strong>omnino</strong></span> <span class='ocrx_word' id='word_1_16' title='bbox 1449 366 1628 420; x_wconf 87' lang='lat' dir='ltr'><strong>putat&#39;&#39;.’</strong></span> <span class='ocrx_word' id='word_1_17' title='bbox 1714 369 1812 408; x_wconf 74' lang='lat' dir='ltr'><strong>Vtile</strong></span> 
     </span>
     <span class='ocr_line' id='line_1_3' title="bbox 233 429 1811 479; baseline -0.003 -7"><span class='ocrx_word' id='word_1_18' title='bbox 233 433 470 472; x_wconf 72' lang='lat' dir='ltr'><strong>vMercerus:</strong></span> <span class='ocrx_word' id='word_1_19' title='bbox 502 432 601 470; x_wconf 91' lang='lat' dir='ltr'><strong>item</strong></span> <span class='ocrx_word' id='word_1_20' title='bbox 632 431 789 470; x_wconf 84' lang='lat' dir='ltr'><strong>librarii</strong></span> <span class='ocrx_word' id='word_1_21' title='bbox 815 431 915 470; x_wconf 91' lang='lat' dir='ltr'><strong>codd</strong></span> <span class='ocrx_word' id='word_1_22' title='bbox 942 430 1203 470; x_wconf 75' lang='lat' dir='ltr'>deteriorum:</span> <span class='ocrx_word' id='word_1_23' title='bbox 1235 430 1339 479; x_wconf 77' lang='lat' dir='ltr'><strong>quod</strong></span> <span class='ocrx_word' id='word_1_24' title='bbox 1364 430 1593 469; x_wconf 86' lang='lat' dir='ltr'><strong>coniunctio</strong></span> <span class='ocrx_word' id='word_1_25' title='bbox 1621 429 1811 469; x_wconf 81' lang='lat' dir='ltr'><strong>causalis:</strong></span> 
     </span>
     <span class='ocr_line' id='line_1_4' title="bbox 256 488 1843 541; baseline -0.003 -9"><span class='ocrx_word' id='word_1_26' title='bbox 256 493 351 532; x_wconf 88' lang='lat' dir='ltr'><strong>conf</strong></span> <span class='ocrx_word' id='word_1_27' title='bbox 381 491 458 532; x_wconf 83' lang='lat' dir='ltr'><strong>Cic.</strong></span> <span class='ocrx_word' id='word_1_28' title='bbox 486 492 538 531; x_wconf 87' lang='lat' dir='ltr'><strong>ad</strong></span> <span class='ocrx_word' id='word_1_29' title='bbox 569 491 653 531; x_wconf 91' lang='lat' dir='ltr'><strong>Att.</strong></span> <span class='ocrx_word' id='word_1_30' title='bbox 674 491 770 530; x_wconf 90' lang='lat' dir='ltr'><strong>XIV</strong></span> <span class='ocrx_word' id='word_1_31' title='bbox 798 493 866 541; x_wconf 86' lang='lat'><strong>13,</strong></span> <span class='ocrx_word' id='word_1_32' title='bbox 894 492 917 530; x_wconf 87' lang='lat'>6</span> <span class='ocrx_word' id='word_1_33' title='bbox 955 488 1132 530; x_wconf 82' lang='lat' dir='ltr'><strong>‘Etenim</strong></span> <span class='ocrx_word' id='word_1_34' title='bbox 1163 491 1251 540; x_wconf 89' lang='lat' dir='ltr'><strong>ille,</strong></span> <span class='ocrx_word' id='word_1_35' title='bbox 1292 491 1478 540; x_wconf 74' lang='lat' dir='ltr'><strong>quoniam</strong></span> <span class='ocrx_word' id='word_1_36' title='bbox 1509 491 1626 529; x_wconf 82' lang='lat' dir='ltr'><strong>semel</strong></span> <span class='ocrx_word' id='word_1_37' title='bbox 1655 491 1813 529; x_wconf 74' lang='lat' dir='ltr'><strong>induaeit</strong></span> <span class='ocrx_word' id='word_1_38' title='bbox 1838 493 1843 498; x_wconf 84' lang='lat'><strong><em>&#39;</em></strong></span> 
     </span>
     <span class='ocr_line' id='line_1_5' title="bbox 256 547 1478 602; baseline -0.003 -9"><span class='ocrx_word' id='word_1_39' title='bbox 256 555 436 593; x_wconf 66' lang='lat' dir='ltr'><strong>animwm</strong></span> <span class='ocrx_word' id='word_1_40' title='bbox 468 552 545 592; x_wconf 87' lang='lat' dir='ltr'><strong>sibi</strong></span> <span class='ocrx_word' id='word_1_41' title='bbox 575 552 708 602; x_wconf 89' lang='lat' dir='ltr'><strong>licere,</strong></span> <span class='ocrx_word' id='word_1_42' title='bbox 740 551 900 591; x_wconf 74' lang='lat' dir='ltr'><strong>fecisset</strong></span> <span class='ocrx_word' id='word_1_43' title='bbox 931 551 1192 591; x_wconf 87' lang='lat' dir='ltr'><strong>nihilominus</strong></span> <span class='ocrx_word' id='word_1_44' title='bbox 1225 564 1287 590; x_wconf 90' lang='lat' dir='ltr'><strong>me</strong></span> <span class='ocrx_word' id='word_1_45' title='bbox 1318 547 1478 590; x_wconf 87' lang='lat' dir='ltr'><strong>inuito&#39;.</strong></span> 
     </span>
    </p>

    <p class='ocr_par' dir='ltr' id='par_1_3' title="bbox 256 607 1815 1087">
     <span class='ocr_line' id='line_1_6' title="bbox 377 607 1811 663; baseline -0.002 -11"><span class='ocrx_word' id='word_1_46' title='bbox 377 607 488 653; x_wconf 89' lang='lat'><strong>696.</strong></span> <span class='ocrx_word' id='word_1_47' title='bbox 521 613 676 652; x_wconf 88' lang='lat' dir='ltr'><strong>Nonius</strong></span> <span class='ocrx_word' id='word_1_48' title='bbox 695 626 734 663; x_wconf 86' lang='lat' dir='ltr'><strong>p.</strong></span> <span class='ocrx_word' id='word_1_49' title='bbox 753 613 850 662; x_wconf 82' lang='lat'>275,</span> <span class='ocrx_word' id='word_1_50' title='bbox 868 614 919 652; x_wconf 87' lang='lat'><strong>19</strong></span> <span class='ocrx_word' id='word_1_51' title='bbox 945 609 1145 662; x_wconf 76' lang='lat' dir='ltr'><strong>‘Captare,</strong></span> <span class='ocrx_word' id='word_1_52' title='bbox 1165 624 1317 662; x_wconf 82' lang='lat' dir='ltr'><strong>capere.</strong></span> <span class='ocrx_word' id='word_1_53' title='bbox 1367 610 1547 650; x_wconf 87' lang='lat' dir='ltr'><strong>Lucilius</strong></span> <span class='ocrx_word' id='word_1_54' title='bbox 1567 611 1636 650; x_wconf 90' lang='lat' dir='ltr'><strong>lib.</strong></span> <span class='ocrx_word' id='word_1_55' title='bbox 1658 611 1811 649; x_wconf 90' lang='lat' dir='ltr'><strong>XXVII</strong></span> 
     </span>
     <span class='ocr_line' id='line_1_7' title="bbox 258 669 1810 725; baseline -0.002 -12"><span class='ocrx_word' id='word_1_56' title='bbox 258 671 397 725; x_wconf 83' lang='lat' dir='ltr'><strong>“quod</strong></span> <span class='ocrx_word' id='word_1_57' title='bbox 423 674 458 713; x_wconf 90' lang='lat' dir='ltr'><strong>si</strong></span> <span class='ocrx_word' id='word_1_58' title='bbox 482 705 489 712; x_wconf 94' lang='lat'>.</span> <span class='ocrx_word' id='word_1_59' title='bbox 512 705 519 712; x_wconf 91' lang='lat'><strong>.</strong></span> <span class='ocrx_word' id='word_1_60' title='bbox 542 705 549 712; x_wconf 94' lang='lat'><em>.</em></span> <span class='ocrx_word' id='word_1_61' title='bbox 570 669 807 712; x_wconf 86' lang='lat' dir='ltr'><strong>uolueris’&#39;.&#39;</strong></span> <span class='ocrx_word' id='word_1_62' title='bbox 861 672 1033 724; x_wconf 85' lang='lat' dir='ltr'><strong>Captare</strong></span> <span class='ocrx_word' id='word_1_63' title='bbox 1061 674 1101 711; x_wconf 93' lang='lat' dir='ltr'><strong>et</strong></span> <span class='ocrx_word' id='word_1_64' title='bbox 1127 672 1357 712; x_wconf 89' lang='lat' dir='ltr'><strong>obseruare:</strong></span> <span class='ocrx_word' id='word_1_65' title='bbox 1383 671 1477 710; x_wconf 91' lang='lat' dir='ltr'><strong>uide</strong></span> <span class='ocrx_word' id='word_1_66' title='bbox 1502 671 1621 711; x_wconf 87' lang='lat' dir='ltr'><strong>indic.</strong></span> <span class='ocrx_word' id='word_1_67' title='bbox 1643 685 1810 723; x_wconf 84' lang='lat' dir='ltr'><strong>gramm.</strong></span> 
     </span>
     <span class='ocr_line' id='line_1_8' title="bbox 257 731 1812 784; baseline -0.002 -11"><span class='ocrx_word' id='word_1_68' title='bbox 257 747 286 774; x_wconf 88' lang='lat' dir='ltr'><strong>s.</strong></span> <span class='ocrx_word' id='word_1_69' title='bbox 306 748 344 774; x_wconf 86' lang='lat' dir='ltr'><strong>u.</strong></span> <span class='ocrx_word' id='word_1_70' title='bbox 370 734 652 784; x_wconf 86' lang='lat' dir='ltr'><strong>hendiadyoin.</strong></span> <span class='ocrx_word' id='word_1_71' title='bbox 710 733 887 773; x_wconf 91' lang='lat' dir='ltr'><strong>Ductum</strong></span> <span class='ocrx_word' id='word_1_72' title='bbox 912 733 1076 772; x_wconf 88' lang='lat' dir='ltr'><strong>uidetur</strong></span> <span class='ocrx_word' id='word_1_73' title='bbox 1107 746 1154 772; x_wconf 88' lang='lat' dir='ltr'><strong>ex</strong></span> <span class='ocrx_word' id='word_1_74' title='bbox 1185 733 1260 772; x_wconf 89' lang='lat' dir='ltr'><strong>hoc</strong></span> <span class='ocrx_word' id='word_1_75' title='bbox 1285 746 1323 771; x_wconf 92' lang='lat' dir='ltr'><strong>u.</strong></span> <span class='ocrx_word' id='word_1_76' title='bbox 1343 731 1492 771; x_wconf 89' lang='lat' dir='ltr'><strong>Lucilii</strong></span> <span class='ocrx_word' id='word_1_77' title='bbox 1517 731 1642 771; x_wconf 89' lang='lat' dir='ltr'><strong>Nonii</strong></span> <span class='ocrx_word' id='word_1_78' title='bbox 1666 732 1812 771; x_wconf 89' lang='lat' dir='ltr'><strong>lemma</strong></span> 
     </span>
     <span class='ocr_line' id='line_1_9' title="bbox 256 791 1813 846; baseline -0.002 -12"><span class='ocrx_word' id='word_1_79' title='bbox 256 809 293 846; x_wconf 92' lang='lat' dir='ltr'><strong>p.</strong></span> <span class='ocrx_word' id='word_1_80' title='bbox 317 795 416 845; x_wconf 88' lang='lat'>360,</span> <span class='ocrx_word' id='word_1_81' title='bbox 444 796 499 834; x_wconf 89' lang='lat'><strong>10</strong></span> <span class='ocrx_word' id='word_1_82' title='bbox 533 792 772 844; x_wconf 75' lang='lat' dir='ltr'><strong>‘obseruare,</strong></span> <span class='ocrx_word' id='word_1_83' title='bbox 803 791 994 845; x_wconf 86' lang='lat' dir='ltr'><strong>captare’.</strong></span> <span class='ocrx_word' id='word_1_84' title='bbox 1053 793 1249 832; x_wconf 78' lang='lat' dir='ltr'><strong>Similiter</strong></span> <span class='ocrx_word' id='word_1_85' title='bbox 1273 794 1490 844; x_wconf 86' lang='lat' dir='ltr'><strong>praecepta</strong></span> <span class='ocrx_word' id='word_1_86' title='bbox 1516 805 1588 832; x_wconf 86' lang='lat' dir='ltr'><strong>sua</strong></span> <span class='ocrx_word' id='word_1_87' title='bbox 1614 805 1813 832; x_wconf 91' lang='lat' dir='ltr'><strong>commen-</strong></span> 
     </span>
     <span class='ocr_line' id='line_1_10' title="bbox 257 851 1812 906; baseline -0.001 -12"><span class='ocrx_word' id='word_1_88' title='bbox 257 855 375 895; x_wconf 85' lang='lat' dir='ltr'><strong>darat</strong></span> <span class='ocrx_word' id='word_1_89' title='bbox 405 856 526 906; x_wconf 83' lang='lat' dir='ltr'><strong>poeta</strong></span> <span class='ocrx_word' id='word_1_90' title='bbox 558 856 686 894; x_wconf 86' lang='lat' dir='ltr'><strong>amico</strong></span> <span class='ocrx_word' id='word_1_91' title='bbox 718 855 786 894; x_wconf 90' lang='lat' dir='ltr'><strong>lib.</strong></span> <span class='ocrx_word' id='word_1_92' title='bbox 806 855 940 893; x_wconf 91' lang='lat' dir='ltr'><strong>XXVI</strong></span> <span class='ocrx_word' id='word_1_93' title='bbox 969 869 1007 893; x_wconf 91' lang='grc'><strong>11.</strong></span> <span class='ocrx_word' id='word_1_94' title='bbox 1037 855 1123 894; x_wconf 87' lang='lat'><strong>610</strong></span> <span class='ocrx_word' id='word_1_95' title='bbox 1164 851 1275 893; x_wconf 80' lang='lat' dir='ltr'><strong>‘haee</strong></span> <span class='ocrx_word' id='word_1_96' title='bbox 1315 856 1362 892; x_wconf 90' lang='lat' dir='ltr'><strong>tu</strong></span> <span class='ocrx_word' id='word_1_97' title='bbox 1394 855 1429 893; x_wconf 88' lang='lat' dir='ltr'><strong>si</strong></span> <span class='ocrx_word' id='word_1_98' title='bbox 1459 854 1569 893; x_wconf 92' lang='lat' dir='ltr'><strong>uoles</strong></span> <span class='ocrx_word' id='word_1_99' title='bbox 1601 866 1673 904; x_wconf 85' lang='lat' dir='ltr'><strong>per</strong></span> <span class='ocrx_word' id='word_1_100' title='bbox 1705 854 1812 892; x_wconf 88' lang='lat' dir='ltr'><strong>auris</strong></span> 
     </span>
     <span class='ocr_line' id='line_1_11' title="bbox 259 911 1815 968; baseline -0.002 -13"><span class='ocrx_word' id='word_1_101' title='bbox 259 918 399 967; x_wconf 90' lang='lat' dir='ltr'><strong>pectus</strong></span> <span class='ocrx_word' id='word_1_102' title='bbox 431 911 672 968; x_wconf 86' lang='lat' dir='ltr'><strong>inrigarier&#39;.</strong></span> <span class='ocrx_word' id='word_1_103' title='bbox 737 915 815 954; x_wconf 89' lang='lat' dir='ltr'><strong>Sed</strong></span> <span class='ocrx_word' id='word_1_104' title='bbox 845 915 921 954; x_wconf 89' lang='lat' dir='ltr'><strong>hoc</strong></span> <span class='ocrx_word' id='word_1_105' title='bbox 952 915 1039 954; x_wconf 93' lang='grc'>1000</span> <span class='ocrx_word' id='word_1_106' title='bbox 1072 916 1200 967; x_wconf 86' lang='lat' dir='ltr'><strong>magis</strong></span> <span class='ocrx_word' id='word_1_107' title='bbox 1235 914 1414 953; x_wconf 78' lang='lat' dir='ltr'><strong>modeste</strong></span> <span class='ocrx_word' id='word_1_108' title='bbox 1453 914 1568 953; x_wconf 89' lang='lat' dir='ltr'><strong>dicit:</strong></span> <span class='ocrx_word' id='word_1_109' title='bbox 1614 911 1736 964; x_wconf 80' lang='lat' dir='ltr'><strong>‘quod</strong></span> <span class='ocrx_word' id='word_1_110' title='bbox 1769 914 1815 964; x_wconf 93' lang='lat' dir='ltr'><strong>si,</strong></span> 
     </span>
     <span class='ocr_line' id='line_1_12' title="bbox 259 975 1813 1028; baseline -0.001 -13"><span class='ocrx_word' id='word_1_111' title='bbox 259 976 406 1028; x_wconf 80' lang='lat' dir='ltr'><strong>Scipio,</strong></span> <span class='ocrx_word' id='word_1_112' title='bbox 438 990 511 1027; x_wconf 91' lang='lat' dir='ltr'><strong>per</strong></span> <span class='ocrx_word' id='word_1_113' title='bbox 542 977 729 1028; x_wconf 87' lang='lat' dir='ltr'><strong>exiguum</strong></span> <span class='ocrx_word' id='word_1_114' title='bbox 754 976 947 1027; x_wconf 91' lang='lat' dir='ltr'><strong>temporis</strong></span> <span class='ocrx_word' id='word_1_115' title='bbox 973 977 1149 1027; x_wconf 87' lang='lat' dir='ltr'><strong>spatium</strong></span> <span class='ocrx_word' id='word_1_116' title='bbox 1174 976 1273 1014; x_wconf 85' lang='lat' dir='ltr'><strong>haec</strong></span> <span class='ocrx_word' id='word_1_117' title='bbox 1298 988 1387 1014; x_wconf 87' lang='lat' dir='ltr'><strong>mea</strong></span> <span class='ocrx_word' id='word_1_118' title='bbox 1413 975 1592 1014; x_wconf 88' lang='lat' dir='ltr'><strong>carmina</strong></span> <span class='ocrx_word' id='word_1_119' title='bbox 1617 975 1813 1026; x_wconf 90' lang='lat' dir='ltr'><strong>inspicere</strong></span> 
     </span>
     <span class='ocr_line' id='line_1_13' title="bbox 259 1033 874 1087; baseline 0.002 -13"><span class='ocrx_word' id='word_1_120' title='bbox 259 1039 299 1075; x_wconf 89' lang='lat' dir='ltr'><strong>et</strong></span> <span class='ocrx_word' id='word_1_121' title='bbox 331 1038 464 1076; x_wconf 83' lang='lat' dir='ltr'><strong>animo</strong></span> <span class='ocrx_word' id='word_1_122' title='bbox 497 1050 638 1087; x_wconf 84' lang='lat' dir='ltr'><strong>capere</strong></span> <span class='ocrx_word' id='word_1_123' title='bbox 669 1033 874 1076; x_wconf 90' lang='lat' dir='ltr'><strong>uolueris&#39;.</strong></span> 
     </span>
    </p>

    <p class='ocr_par' dir='ltr' id='par_1_4' title="bbox 222 1092 1815 1451">
     <span class='ocr_line' id='line_1_14' title="bbox 222 1092 1814 1148; baseline -0.001 -12"><span class='ocrx_word' id='word_1_124' title='bbox 222 1094 225 1096; x_wconf 70' lang='grc'><strong>’</strong></span> <span class='ocrx_word' id='word_1_125' title='bbox 380 1092 491 1138; x_wconf 80' lang='grc'>697.</span> <span class='ocrx_word' id='word_1_126' title='bbox 524 1098 680 1136; x_wconf 86' lang='lat' dir='ltr'><strong>Nonius</strong></span> <span class='ocrx_word' id='word_1_127' title='bbox 713 1111 750 1148; x_wconf 91' lang='lat' dir='ltr'><strong>p.</strong></span> <span class='ocrx_word' id='word_1_128' title='bbox 773 1098 871 1147; x_wconf 88' lang='lat'>384,</span> <span class='ocrx_word' id='word_1_129' title='bbox 894 1097 948 1136; x_wconf 83' lang='grc'><strong>25</strong></span> <span class='ocrx_word' id='word_1_130' title='bbox 984 1094 1157 1147; x_wconf 74' lang='lat' dir='ltr'><strong>‘Redire,</strong></span> <span class='ocrx_word' id='word_1_131' title='bbox 1188 1096 1346 1146; x_wconf 86' lang='lat' dir='ltr'><strong>referri,</strong></span> <span class='ocrx_word' id='word_1_132' title='bbox 1378 1097 1572 1135; x_wconf 86' lang='lat' dir='ltr'><strong>reuocari.</strong></span> <span class='ocrx_word' id='word_1_133' title='bbox 1634 1095 1814 1135; x_wconf 87' lang='lat' dir='ltr'><strong>Lucilius</strong></span> 
     </span>
     <span class='ocr_line' id='line_1_15' title="bbox 258 1154 1814 1198; baseline -0.001 -1"><span class='ocrx_word' id='word_1_134' title='bbox 258 1158 327 1197; x_wconf 89' lang='lat' dir='ltr'><strong>lib.</strong></span> <span class='ocrx_word' id='word_1_135' title='bbox 354 1158 508 1196; x_wconf 85' lang='lat' dir='ltr'><strong>XXVII</strong></span> <span class='ocrx_word' id='word_1_136' title='bbox 535 1155 603 1198; x_wconf 79' lang='lat' dir='ltr'><strong>“si</strong></span> <span class='ocrx_word' id='word_1_137' title='bbox 630 1189 636 1197; x_wconf 95' lang='lat'><strong>.</strong></span> <span class='ocrx_word' id='word_1_138' title='bbox 659 1188 667 1196; x_wconf 90' lang='lat'><strong>.</strong></span> <span class='ocrx_word' id='word_1_139' title='bbox 690 1189 697 1196; x_wconf 92' lang='lat'>.</span> <span class='ocrx_word' id='word_1_140' title='bbox 723 1158 869 1197; x_wconf 70' lang='lat' dir='ltr'><strong>redimit</strong></span> <span class='ocrx_word' id='word_1_141' title='bbox 895 1189 902 1196; x_wconf 93' lang='lat'><strong>.</strong></span> <span class='ocrx_word' id='word_1_142' title='bbox 925 1189 932 1196; x_wconf 90' lang='lat'><em>.</em></span> <span class='ocrx_word' id='word_1_143' title='bbox 955 1189 962 1196; x_wconf 93' lang='lat'>.</span> <span class='ocrx_word' id='word_1_144' title='bbox 990 1154 1259 1197; x_wconf 89' lang='lat' dir='ltr'><strong>commodo’&#39;.&#39;</strong></span> <span class='ocrx_word' id='word_1_145' title='bbox 1311 1157 1453 1196; x_wconf 76' lang='lat' dir='ltr'><strong>redibit</strong></span> <span class='ocrx_word' id='word_1_146' title='bbox 1469 1158 1576 1196; x_wconf 88' lang='lat' dir='ltr'><strong>recte</strong></span> <span class='ocrx_word' id='word_1_147' title='bbox 1595 1156 1814 1196; x_wconf 88' lang='lat' dir='ltr'><strong>Mercerus:</strong></span> 
     </span>
     <span class='ocr_line' id='line_1_16' title="bbox 258 1216 1815 1269; baseline -0.001 -12"><span class='ocrx_word' id='word_1_148' title='bbox 258 1219 364 1258; x_wconf 90' lang='lat' dir='ltr'><strong>idem</strong></span> <span class='ocrx_word' id='word_1_149' title='bbox 398 1218 506 1269; x_wconf 93' lang='lat' dir='ltr'><strong>quod</strong></span> <span class='ocrx_word' id='word_1_150' title='bbox 535 1219 604 1257; x_wconf 78' lang='lat' dir='ltr'><strong>hoc</strong></span> <span class='ocrx_word' id='word_1_151' title='bbox 635 1218 812 1268; x_wconf 89' lang='lat' dir='ltr'><strong>positum</strong></span> <span class='ocrx_word' id='word_1_152' title='bbox 845 1231 928 1258; x_wconf 88' lang='lat' dir='ltr'><strong>esse</strong></span> <span class='ocrx_word' id='word_1_153' title='bbox 959 1231 1032 1269; x_wconf 89' lang='lat' dir='ltr'><strong>pro</strong></span> <span class='ocrx_word' id='word_1_154' title='bbox 1064 1219 1139 1257; x_wconf 80' lang='lat' dir='ltr'><strong>huc</strong></span> <span class='ocrx_word' id='word_1_155' title='bbox 1171 1217 1409 1268; x_wconf 86' lang='lat' dir='ltr'><strong>arbitratur,</strong></span> <span class='ocrx_word' id='word_1_156' title='bbox 1451 1230 1530 1256; x_wconf 90' lang='lat' dir='ltr'><strong>non</strong></span> <span class='ocrx_word' id='word_1_157' title='bbox 1561 1216 1815 1268; x_wconf 91' lang='lat' dir='ltr'><strong>probandum</strong></span> 
     </span>
     <span class='ocr_line' id='line_1_17' title="bbox 260 1275 1814 1330; baseline -0.001 -12"><span class='ocrx_word' id='word_1_158' title='bbox 260 1282 321 1318; x_wconf 88' lang='lat' dir='ltr'><strong>est</strong></span> <span class='ocrx_word' id='word_1_159' title='bbox 352 1292 480 1330; x_wconf 89' lang='lat' dir='ltr'><strong>neque</strong></span> <span class='ocrx_word' id='word_1_160' title='bbox 505 1278 764 1318; x_wconf 78' lang='lat' dir='ltr'><strong>Lachmanno</strong></span> <span class='ocrx_word' id='word_1_161' title='bbox 796 1278 1165 1330; x_wconf 88' lang='lat' dir='ltr'><strong>obtemperandum,</strong></span> <span class='ocrx_word' id='word_1_162' title='bbox 1198 1279 1269 1329; x_wconf 91' lang='lat' dir='ltr'><strong>qui</strong></span> <span class='ocrx_word' id='word_1_163' title='bbox 1299 1279 1359 1317; x_wconf 92' lang='lat' dir='ltr'><strong>ita</strong></span> <span class='ocrx_word' id='word_1_164' title='bbox 1391 1277 1608 1330; x_wconf 86' lang='lat' dir='ltr'><strong>distinguit</strong></span> <span class='ocrx_word' id='word_1_165' title='bbox 1641 1275 1692 1316; x_wconf 86' lang='lat' dir='ltr'><strong>‘si</strong></span> <span class='ocrx_word' id='word_1_166' title='bbox 1722 1291 1814 1327; x_wconf 91' lang='lat' dir='ltr'><strong>non,</strong></span> 
     </span>
     <span class='ocr_line' id='line_1_18' title="bbox 259 1336 1815 1390; baseline -0.002 -11"><span class='ocrx_word' id='word_1_167' title='bbox 259 1343 395 1379; x_wconf 84' lang='lat' dir='ltr'><strong>tamen</strong></span> <span class='ocrx_word' id='word_1_168' title='bbox 433 1339 484 1379; x_wconf 86' lang='lat' dir='ltr'><strong>ad</strong></span> <span class='ocrx_word' id='word_1_169' title='bbox 520 1341 561 1378; x_wconf 90' lang='lat' dir='ltr'><strong>te</strong></span> <span class='ocrx_word' id='word_1_170' title='bbox 592 1340 666 1378; x_wconf 87' lang='lat' dir='ltr'><strong>hoc</strong></span> <span class='ocrx_word' id='word_1_171' title='bbox 703 1336 884 1379; x_wconf 89' lang='lat' dir='ltr'><strong>redibit&#39;:</strong></span> <span class='ocrx_word' id='word_1_172' title='bbox 924 1353 1002 1390; x_wconf 92' lang='lat' dir='ltr'><strong>quo</strong></span> <span class='ocrx_word' id='word_1_173' title='bbox 1041 1340 1148 1379; x_wconf 87' lang='lat' dir='ltr'><strong>facto</strong></span> <span class='ocrx_word' id='word_1_174' title='bbox 1188 1339 1442 1378; x_wconf 88' lang='lat' dir='ltr'><strong>enuntiatum</strong></span> <span class='ocrx_word' id='word_1_175' title='bbox 1469 1338 1641 1378; x_wconf 86' lang='lat' dir='ltr'><strong>efficitur</strong></span> <span class='ocrx_word' id='word_1_176' title='bbox 1671 1351 1815 1389; x_wconf 89' lang='lat' dir='ltr'><strong>parum</strong></span> 
     </span>
     <span class='ocr_line' id='line_1_19' title="bbox 262 1396 1404 1451; baseline -0.002 -11"><span class='ocrx_word' id='word_1_177' title='bbox 262 1403 402 1451; x_wconf 89' lang='lat' dir='ltr'><strong>aptum</strong></span> <span class='ocrx_word' id='word_1_178' title='bbox 433 1413 523 1439; x_wconf 89' lang='lat' dir='ltr'><strong>cum</strong></span> <span class='ocrx_word' id='word_1_179' title='bbox 555 1401 750 1451; x_wconf 90' lang='lat' dir='ltr'><strong>sequatur</strong></span> <span class='ocrx_word' id='word_1_180' title='bbox 782 1397 843 1439; x_wconf 76' lang='lat' dir='ltr'><strong>‘tu</strong></span> <span class='ocrx_word' id='word_1_181' title='bbox 873 1401 949 1440; x_wconf 88' lang='lat' dir='ltr'><strong>hoc</strong></span> <span class='ocrx_word' id='word_1_182' title='bbox 981 1400 1133 1440; x_wconf 88' lang='lat' dir='ltr'><strong>carebis</strong></span> <span class='ocrx_word' id='word_1_183' title='bbox 1169 1396 1404 1439; x_wconf 86' lang='lat' dir='ltr'><strong>commodo&#39;.</strong></span> 
     </span>
    </p>

    <p class='ocr_par' dir='ltr' id='par_1_5' title="bbox 260 1455 1820 2417">
     <span class='ocr_line' id='line_1_20' title="bbox 382 1455 1815 1515; baseline -0.001 -16"><span class='ocrx_word' id='word_1_184' title='bbox 382 1455 493 1501; x_wconf 86' lang='lat'><strong>698.</strong></span> <span class='ocrx_word' id='word_1_185' title='bbox 514 1461 670 1500; x_wconf 88' lang='lat' dir='ltr'><strong>Nonius</strong></span> <span class='ocrx_word' id='word_1_186' title='bbox 688 1475 726 1511; x_wconf 92' lang='lat' dir='ltr'><strong>p.</strong></span> <span class='ocrx_word' id='word_1_187' title='bbox 744 1462 842 1511; x_wconf 86' lang='lat'>301,</span> <span class='ocrx_word' id='word_1_188' title='bbox 865 1462 918 1500; x_wconf 90' lang='grc'><strong>16</strong></span> <span class='ocrx_word' id='word_1_189' title='bbox 942 1455 998 1515; x_wconf 84' lang='lat' dir='ltr'><strong>(p.</strong></span> <span class='ocrx_word' id='word_1_190' title='bbox 1021 1462 1107 1499; x_wconf 86' lang='lat'><strong>474</strong></span> <span class='ocrx_word' id='word_1_191' title='bbox 1127 1455 1331 1515; x_wconf 83' lang='lat' dir='ltr'><strong>Muelleri)</strong></span> <span class='ocrx_word' id='word_1_192' title='bbox 1354 1457 1573 1510; x_wconf 66' lang='lat' dir='ltr'><strong>‘Examen-e,</strong></span> <span class='ocrx_word' id='word_1_193' title='bbox 1594 1460 1815 1498; x_wconf 85' lang='lat' dir='ltr'><strong>dissentire.</strong></span> 
     </span>
     <span class='ocr_line' id='line_1_21' title="bbox 260 1515 1816 1575; baseline -0.001 -15"><span class='ocrx_word' id='word_1_194' title='bbox 260 1521 439 1560; x_wconf 89' lang='lat' dir='ltr'><strong>Lucilius</strong></span> <span class='ocrx_word' id='word_1_195' title='bbox 482 1521 550 1560; x_wconf 91' lang='lat' dir='ltr'><strong>lib.</strong></span> <span class='ocrx_word' id='word_1_196' title='bbox 577 1521 731 1560; x_wconf 84' lang='lat' dir='ltr'><strong>XXVII</strong></span> <span class='ocrx_word' id='word_1_197' title='bbox 773 1518 941 1560; x_wconf 75' lang='lat' dir='ltr'><strong>“metuo</strong></span> <span class='ocrx_word' id='word_1_198' title='bbox 970 1552 1007 1560; x_wconf 89' lang='lat'><strong>..</strong></span> <span class='ocrx_word' id='word_1_199' title='bbox 1029 1552 1037 1560; x_wconf 93' lang='lat'><strong><em>.</em></strong></span> <span class='ocrx_word' id='word_1_200' title='bbox 1065 1533 1152 1570; x_wconf 69' lang='lat' dir='ltr'><strong>erqo</strong></span> <span class='ocrx_word' id='word_1_201' title='bbox 1198 1515 1284 1575; x_wconf 68' lang='lat' dir='ltr'><strong>(eqo</strong></span> <span class='ocrx_word' id='word_1_202' title='bbox 1329 1519 1572 1560; x_wconf 83' lang='lat' dir='ltr'><strong>Geneuensis</strong></span> <span class='ocrx_word' id='word_1_203' title='bbox 1611 1522 1652 1559; x_wconf 90' lang='lat' dir='ltr'><strong>et</strong></span> <span class='ocrx_word' id='word_1_204' title='bbox 1688 1520 1816 1559; x_wconf 88' lang='lat' dir='ltr'><strong>Lach-</strong></span> 
     </span>
     <span class='ocr_line' id='line_1_22' title="bbox 261 1576 1814 1636; baseline -0.001 -15"><span class='ocrx_word' id='word_1_205' title='bbox 261 1576 451 1636; x_wconf 84' lang='lat' dir='ltr'><strong>mannus)</strong></span> <span class='ocrx_word' id='word_1_206' title='bbox 483 1593 557 1631; x_wconf 78' lang='lat' dir='ltr'><strong>quo</strong></span> <span class='ocrx_word' id='word_1_207' title='bbox 591 1576 703 1635; x_wconf 78' lang='lat' dir='ltr'><strong>(uiuo</strong></span> <span class='ocrx_word' id='word_1_208' title='bbox 736 1582 951 1621; x_wconf 87' lang='lat' dir='ltr'><strong>deteriores</strong></span> <span class='ocrx_word' id='word_1_209' title='bbox 993 1583 1033 1620; x_wconf 90' lang='lat' dir='ltr'><strong>et</strong></span> <span class='ocrx_word' id='word_1_210' title='bbox 1063 1576 1301 1635; x_wconf 82' lang='lat' dir='ltr'><strong>Muellerus)</strong></span> <span class='ocrx_word' id='word_1_211' title='bbox 1335 1581 1384 1619; x_wconf 90' lang='lat' dir='ltr'><strong>ab</strong></span> <span class='ocrx_word' id='word_1_212' title='bbox 1418 1582 1582 1620; x_wconf 78' lang='lat' dir='ltr'><strong>arciloco</strong></span> <span class='ocrx_word' id='word_1_213' title='bbox 1616 1577 1814 1620; x_wconf 84' lang='lat' dir='ltr'><strong>excido&#39;&#39;.’</strong></span> 
     </span>
     <span class='ocr_line' id='line_1_23' title="bbox 264 1638 1817 1695; baseline -0.001 -14"><span class='ocrx_word' id='word_1_214' title='bbox 264 1642 447 1694; x_wconf 84' lang='lat' dir='ltr'><strong>Spectari</strong></span> <span class='ocrx_word' id='word_1_215' title='bbox 484 1641 718 1681; x_wconf 81' lang='lat' dir='ltr'><strong>Archilochi</strong></span> <span class='ocrx_word' id='word_1_216' title='bbox 754 1642 896 1693; x_wconf 83' lang='lat' dir='ltr'><strong>fragm.</strong></span> <span class='ocrx_word' id='word_1_217' title='bbox 933 1643 988 1680; x_wconf 91' lang='lat'><strong>74</strong></span> <span class='ocrx_word' id='word_1_218' title='bbox 1008 1642 1042 1681; x_wconf 93' lang='grc' dir='ltr'>Β</span> <span class='ocrx_word' id='word_1_219' title='bbox 1081 1640 1291 1695; x_wconf 78' lang='grc' dir='ltr'><strong><em>χρημάτων</em></strong></span> <span class='ocrx_word' id='word_1_220' title='bbox 1334 1638 1502 1680; x_wconf 70' lang='grc' dir='ltr'><strong><em>ἄελπτον</em></strong></span> <span class='ocrx_word' id='word_1_221' title='bbox 1546 1638 1666 1680; x_wconf 81' lang='grc' dir='ltr'><strong><em>οὐδέν</em></strong></span> <span class='ocrx_word' id='word_1_222' title='bbox 1711 1639 1817 1680; x_wconf 81' lang='grc' dir='ltr'><strong><em>ἐστιν</em></strong></span> 
     </span>
     <span class='ocr_line' id='line_1_24' title="bbox 263 1697 1817 1754; baseline -0.001 -13"><span class='ocrx_word' id='word_1_223' title='bbox 263 1697 353 1742; x_wconf 82' lang='grc' dir='ltr'><strong><em>οὐδ’</em></strong></span> <span class='ocrx_word' id='word_1_224' title='bbox 390 1700 602 1754; x_wconf 83' lang='grc' dir='ltr'><strong><em>ἀπώμοτον</em></strong></span> <span class='ocrx_word' id='word_1_225' title='bbox 641 1699 734 1742; x_wconf 77' lang='grc' dir='ltr'><strong><em>οὐδὲ</em></strong></span> <span class='ocrx_word' id='word_1_226' title='bbox 772 1701 1003 1754; x_wconf 82' lang='grc' dir='ltr'><strong><em>θαυμάσιον</em></strong></span> <span class='ocrx_word' id='word_1_227' title='bbox 1041 1733 1078 1742; x_wconf 88' lang='grc'><strong>..</strong></span> <span class='ocrx_word' id='word_1_228' title='bbox 1099 1732 1108 1741; x_wconf 89' lang='grc'><strong>.</strong></span> <span class='ocrx_word' id='word_1_229' title='bbox 1135 1700 1178 1741; x_wconf 78' lang='grc' dir='ltr'><strong>ἐκ</strong></span> <span class='ocrx_word' id='word_1_230' title='bbox 1216 1699 1258 1741; x_wconf 82' lang='grc' dir='ltr'><strong>δὲ</strong></span> <span class='ocrx_word' id='word_1_231' title='bbox 1301 1707 1372 1741; x_wconf 82' lang='grc' dir='ltr'><strong>τοῦ</strong></span> <span class='ocrx_word' id='word_1_232' title='bbox 1415 1699 1482 1741; x_wconf 81' lang='grc' dir='ltr'><strong>καὶ</strong></span> <span class='ocrx_word' id='word_1_233' title='bbox 1524 1699 1644 1740; x_wconf 82' lang='grc' dir='ltr'><strong><em>πιστὰ</em></strong></span> <span class='ocrx_word' id='word_1_234' title='bbox 1686 1700 1817 1740; x_wconf 79' lang='grc' dir='ltr'><strong><em>πάντα</em></strong></span> 
     </span>
     <span class='ocr_line' id='line_1_25' title="bbox 263 1760 1817 1816; baseline -0.001 -14"><span class='ocrx_word' id='word_1_235' title='bbox 263 1761 481 1802; x_wconf 84' lang='grc' dir='ltr'><strong><em>κάπίελπτα</em></strong></span> <span class='ocrx_word' id='word_1_236' title='bbox 530 1762 703 1816; x_wconf 79' lang='grc' dir='ltr'><strong><em>γίγνεται</em></strong></span> <span class='ocrx_word' id='word_1_237' title='bbox 759 1760 952 1815; x_wconf 82' lang='grc' dir='ltr'><em>ἀνδράσιν</em></span> <span class='ocrx_word' id='word_1_238' title='bbox 1002 1764 1081 1802; x_wconf 82' lang='grc' dir='ltr'><strong><em>κτλ.</em></strong></span> <span class='ocrx_word' id='word_1_239' title='bbox 1133 1762 1300 1802; x_wconf 87' lang='lat' dir='ltr'><strong>adnotat</strong></span> <span class='ocrx_word' id='word_1_240' title='bbox 1355 1761 1503 1801; x_wconf 88' lang='lat' dir='ltr'><strong>Dousa.</strong></span> <span class='ocrx_word' id='word_1_241' title='bbox 1579 1763 1710 1801; x_wconf 69' lang='lat' dir='ltr'><strong>excido</strong></span> <span class='ocrx_word' id='word_1_242' title='bbox 1768 1763 1817 1801; x_wconf 89' lang='lat' dir='ltr'><strong>ab</strong></span> 
     </span>
     <span class='ocr_line' id='line_1_26' title="bbox 263 1822 1818 1874; baseline -0.001 -12"><span class='ocrx_word' id='word_1_243' title='bbox 263 1823 493 1863; x_wconf 77' lang='lat' dir='ltr'><strong>Archilocho</strong></span> <span class='ocrx_word' id='word_1_244' title='bbox 526 1823 686 1874; x_wconf 90' lang='lat' dir='ltr'><strong>scripsit</strong></span> <span class='ocrx_word' id='word_1_245' title='bbox 716 1823 894 1863; x_wconf 87' lang='lat' dir='ltr'><strong>Lucilius</strong></span> <span class='ocrx_word' id='word_1_246' title='bbox 927 1824 1047 1862; x_wconf 90' lang='lat' dir='ltr'><strong>sicuti</strong></span> <span class='ocrx_word' id='word_1_247' title='bbox 1072 1823 1248 1874; x_wconf 84' lang='lat' dir='ltr'><strong>Thucyd.</strong></span> <span class='ocrx_word' id='word_1_248' title='bbox 1274 1822 1376 1861; x_wconf 83' lang='lat' dir='ltr'><strong>VIII</strong></span> <span class='ocrx_word' id='word_1_249' title='bbox 1403 1823 1472 1872; x_wconf 89' lang='lat'><strong>81,</strong></span> <span class='ocrx_word' id='word_1_250' title='bbox 1501 1824 1524 1862; x_wconf 84' lang='lat'><strong>2</strong></span> <span class='ocrx_word' id='word_1_251' title='bbox 1552 1822 1691 1862; x_wconf 84' lang='lat' dir='ltr'><strong>classis</strong></span> <span class='ocrx_word' id='word_1_252' title='bbox 1718 1822 1818 1861; x_wconf 91' lang='lat' dir='ltr'><strong>codd</strong></span> 
     </span>
     <span class='ocr_line' id='line_1_27' title="bbox 265 1881 1818 1937; baseline -0.001 -15"><span class='ocrx_word' id='word_1_253' title='bbox 265 1884 393 1923; x_wconf 87' lang='lat' dir='ltr'><strong>altera</strong></span> <span class='ocrx_word' id='word_1_254' title='bbox 437 1882 502 1922; x_wconf 77' lang='grc' dir='ltr'><strong><em>ἵνα</em></strong></span> <span class='ocrx_word' id='word_1_255' title='bbox 624 1881 702 1923; x_wconf 84' lang='grc' dir='ltr'><strong>ἀπὸ</strong></span> <span class='ocrx_word' id='word_1_256' title='bbox 748 1889 827 1923; x_wconf 83' lang='grc' dir='ltr'><strong><em>τῶν</em></strong></span> <span class='ocrx_word' id='word_1_257' title='bbox 870 1881 1135 1937; x_wconf 83' lang='grc' dir='ltr'><strong><em>ὑπαρχουσῶν</em></strong></span> <span class='ocrx_word' id='word_1_258' title='bbox 1178 1882 1350 1923; x_wconf 81' lang='grc' dir='ltr'><strong><em>ἐλπίδων</em></strong></span> <span class='ocrx_word' id='word_1_259' title='bbox 1393 1881 1639 1933; x_wconf 80' lang='grc' dir='ltr'><strong><em>ἐκπίπτοιεν,</em></strong></span> <span class='ocrx_word' id='word_1_260' title='bbox 1689 1883 1818 1922; x_wconf 88' lang='lat' dir='ltr'><strong>altera</strong></span> 
     </span>
     <span class='ocr_line' id='line_1_28' title="bbox 265 1941 1818 1994; baseline -0.001 -11"><span class='ocrx_word' id='word_1_261' title='bbox 265 1945 420 1983; x_wconf 88' lang='lat' dir='ltr'><strong>omittit</strong></span> <span class='ocrx_word' id='word_1_262' title='bbox 469 1941 566 1983; x_wconf 73' lang='grc' dir='ltr'><strong>ἀπόε</strong></span> <span class='ocrx_word' id='word_1_263' title='bbox 617 1944 666 1982; x_wconf 78' lang='lat' dir='ltr'><strong>ab</strong></span> <span class='ocrx_word' id='word_1_264' title='bbox 716 1943 957 1983; x_wconf 88' lang='lat' dir='ltr'><strong>Archilocho</strong></span> <span class='ocrx_word' id='word_1_265' title='bbox 1008 1944 1146 1983; x_wconf 88' lang='lat' dir='ltr'><strong>excido</strong></span> <span class='ocrx_word' id='word_1_266' title='bbox 1195 1944 1302 1983; x_wconf 91' lang='lat' dir='ltr'><strong>idem</strong></span> <span class='ocrx_word' id='word_1_267' title='bbox 1352 1944 1464 1982; x_wconf 89' lang='lat' dir='ltr'><strong>ualet</strong></span> <span class='ocrx_word' id='word_1_268' title='bbox 1515 1943 1622 1994; x_wconf 90' lang='lat' dir='ltr'><strong>quod</strong></span> <span class='ocrx_word' id='word_1_269' title='bbox 1683 1944 1818 1982; x_wconf 88' lang='lat' dir='ltr'><strong>ualere</strong></span> 
     </span>
     <span class='ocr_line' id='line_1_29' title="bbox 266 2004 1817 2056; baseline -0.001 -13"><span class='ocrx_word' id='word_1_270' title='bbox 266 2005 383 2044; x_wconf 90' lang='lat' dir='ltr'><strong>iubeo</strong></span> <span class='ocrx_word' id='word_1_271' title='bbox 403 2004 635 2043; x_wconf 88' lang='lat' dir='ltr'><strong>Archilochi</strong></span> <span class='ocrx_word' id='word_1_272' title='bbox 655 2006 924 2056; x_wconf 88' lang='lat' dir='ltr'><strong>praeceptum.</strong></span> <span class='ocrx_word' id='word_1_273' title='bbox 977 2004 1083 2044; x_wconf 84' lang='lat' dir='ltr'><strong>Oonf</strong></span> <span class='ocrx_word' id='word_1_274' title='bbox 1103 2005 1208 2044; x_wconf 88' lang='lat' dir='ltr'><strong>Plut.</strong></span> <span class='ocrx_word' id='word_1_275' title='bbox 1235 2004 1284 2043; x_wconf 92' lang='lat' dir='ltr'><strong>de</strong></span> <span class='ocrx_word' id='word_1_276' title='bbox 1311 2004 1416 2043; x_wconf 87' lang='lat' dir='ltr'><strong>adul.</strong></span> <span class='ocrx_word' id='word_1_277' title='bbox 1438 2006 1478 2043; x_wconf 88' lang='lat' dir='ltr'><strong>et</strong></span> <span class='ocrx_word' id='word_1_278' title='bbox 1503 2017 1579 2044; x_wconf 89' lang='lat' dir='ltr'><strong>am.</strong></span> <span class='ocrx_word' id='word_1_279' title='bbox 1604 2006 1626 2042; x_wconf 94' lang='lat'>7</span> <span class='ocrx_word' id='word_1_280' title='bbox 1648 2018 1685 2055; x_wconf 92' lang='lat' dir='ltr'><strong>p.</strong></span> <span class='ocrx_word' id='word_1_281' title='bbox 1709 2005 1762 2042; x_wconf 82' lang='lat'><strong>52</strong></span> <span class='ocrx_word' id='word_1_282' title='bbox 1782 2004 1817 2042; x_wconf 93' lang='lat' dir='ltr'>D</span> 
     </span>
     <span class='ocr_line' id='line_1_30' title="bbox 266 2058 1819 2117; baseline -0.001 -13"><span class='ocrx_word' id='word_1_283' title='bbox 266 2064 480 2112; x_wconf 84' lang='grc' dir='ltr'><strong><em>Διονύσιος</em></strong></span> <span class='ocrx_word' id='word_1_284' title='bbox 512 2062 686 2104; x_wconf 78' lang='grc' dir='ltr'><strong><em>ἐκπεσὼν</em></strong></span> <span class='ocrx_word' id='word_1_285' title='bbox 719 2065 962 2116; x_wconf 83' lang='grc' dir='ltr'><em>φιλοσοφίας</em></span> <span class='ocrx_word' id='word_1_286' title='bbox 992 2064 1112 2105; x_wconf 82' lang='grc' dir='ltr'><strong><em>πάλιν</em></strong></span> <span class='ocrx_word' id='word_1_287' title='bbox 1144 2064 1200 2113; x_wconf 83' lang='grc' dir='ltr'><strong>εἰς</strong></span> <span class='ocrx_word' id='word_1_288' title='bbox 1231 2064 1379 2112; x_wconf 83' lang='grc' dir='ltr'><strong><em>πότους</em></strong></span> <span class='ocrx_word' id='word_1_289' title='bbox 1406 2096 1413 2103; x_wconf 97' lang='grc'><strong><em>.</em></strong></span> <span class='ocrx_word' id='word_1_290' title='bbox 1437 2096 1443 2103; x_wconf 91' lang='grc'><em>.</em></span> <span class='ocrx_word' id='word_1_291' title='bbox 1467 2096 1474 2103; x_wconf 96' lang='grc'><strong>.</strong></span> <span class='ocrx_word' id='word_1_292' title='bbox 1502 2058 1571 2116; x_wconf 79' lang='grc' dir='ltr'><strong>ἧκε</strong></span> <span class='ocrx_word' id='word_1_293' title='bbox 1599 2062 1819 2117; x_wconf 82' lang='grc' dir='ltr'><strong><em>φερόμενος</em></strong></span> 
     </span>
     <span class='ocr_line' id='line_1_31' title="bbox 268 2120 1820 2180; baseline -0.001 -16"><span class='ocrx_word' id='word_1_294' title='bbox 268 2120 334 2180; x_wconf 90' lang='lat' dir='ltr'><strong>(de</strong></span> <span class='ocrx_word' id='word_1_295' title='bbox 373 2125 555 2164; x_wconf 89' lang='lat' dir='ltr'><strong>audiend.</strong></span> <span class='ocrx_word' id='word_1_296' title='bbox 592 2127 644 2164; x_wconf 89' lang='lat'><strong>17</strong></span> <span class='ocrx_word' id='word_1_297' title='bbox 678 2140 716 2177; x_wconf 90' lang='lat' dir='ltr'><strong>p.</strong></span> <span class='ocrx_word' id='word_1_298' title='bbox 739 2127 793 2164; x_wconf 89' lang='lat'><strong>47</strong></span> <span class='ocrx_word' id='word_1_299' title='bbox 811 2120 873 2179; x_wconf 81' lang='lat' dir='ltr'><strong>O),</strong></span> <span class='ocrx_word' id='word_1_300' title='bbox 935 2126 1075 2176; x_wconf 87' lang='lat' dir='ltr'><strong>Neque</strong></span> <span class='ocrx_word' id='word_1_301' title='bbox 1113 2127 1250 2164; x_wconf 85' lang='lat' dir='ltr'><strong>tamen</strong></span> <span class='ocrx_word' id='word_1_302' title='bbox 1287 2139 1412 2164; x_wconf 92' lang='lat' dir='ltr'><strong>unum</strong></span> <span class='ocrx_word' id='word_1_303' title='bbox 1449 2125 1556 2164; x_wconf 91' lang='lat' dir='ltr'><strong>hunc</strong></span> <span class='ocrx_word' id='word_1_304' title='bbox 1587 2124 1820 2164; x_wconf 88' lang='lat' dir='ltr'><strong>Archilochi</strong></span> 
     </span>
     <span class='ocr_line' id='line_1_32' title="bbox 266 2186 1819 2236; baseline -0.001 -12"><span class='ocrx_word' id='word_1_305' title='bbox 266 2187 400 2225; x_wconf 87' lang='lat' dir='ltr'><strong>locum</strong></span> <span class='ocrx_word' id='word_1_306' title='bbox 431 2186 499 2224; x_wconf 91' lang='lat' dir='ltr'><strong>sed</strong></span> <span class='ocrx_word' id='word_1_307' title='bbox 531 2187 663 2224; x_wconf 86' lang='lat' dir='ltr'><strong>totum</strong></span> <span class='ocrx_word' id='word_1_308' title='bbox 694 2187 778 2226; x_wconf 89' lang='lat' dir='ltr'><strong>eius</strong></span> <span class='ocrx_word' id='word_1_309' title='bbox 811 2186 959 2225; x_wconf 89' lang='lat' dir='ltr'><strong>librum</strong></span> <span class='ocrx_word' id='word_1_310' title='bbox 998 2186 1235 2236; x_wconf 82' lang='lat' dir='ltr'><strong>septenariis</strong></span> <span class='ocrx_word' id='word_1_311' title='bbox 1275 2198 1374 2236; x_wconf 88' lang='lat' dir='ltr'><strong>quos</strong></span> <span class='ocrx_word' id='word_1_312' title='bbox 1405 2186 1588 2225; x_wconf 87' lang='lat' dir='ltr'><strong>imitatus</strong></span> <span class='ocrx_word' id='word_1_313' title='bbox 1622 2187 1683 2225; x_wconf 91' lang='lat' dir='ltr'><strong>est</strong></span> <span class='ocrx_word' id='word_1_314' title='bbox 1714 2198 1819 2224; x_wconf 89' lang='lat' dir='ltr'><strong>com-</strong></span> 
     </span>
     <span class='ocr_line' id='line_1_33' title="bbox 267 2246 1820 2298; baseline -0.001 -13"><span class='ocrx_word' id='word_1_315' title='bbox 267 2246 444 2298; x_wconf 89' lang='lat' dir='ltr'><strong>positum</strong></span> <span class='ocrx_word' id='word_1_316' title='bbox 476 2248 675 2296; x_wconf 85' lang='lat' dir='ltr'><strong>spectasse</strong></span> <span class='ocrx_word' id='word_1_317' title='bbox 712 2246 876 2285; x_wconf 88' lang='lat' dir='ltr'><strong>uidetur</strong></span> <span class='ocrx_word' id='word_1_318' title='bbox 907 2249 1045 2296; x_wconf 86' lang='lat' dir='ltr'><strong>poeta:</strong></span> <span class='ocrx_word' id='word_1_319' title='bbox 1078 2246 1200 2294; x_wconf 39' lang='lat' dir='ltr'><strong>aliud,</strong></span> <span class='ocrx_word' id='word_1_320' title='bbox 1221 2247 1327 2285; x_wconf 90' lang='lat' dir='ltr'><strong>enim</strong></span> <span class='ocrx_word' id='word_1_321' title='bbox 1360 2247 1629 2298; x_wconf 84' lang='lat' dir='ltr'><strong>fragmentum</strong></span> <span class='ocrx_word' id='word_1_322' title='bbox 1664 2247 1820 2296; x_wconf 87' lang='lat' dir='ltr'><strong>spectat</strong></span> 
     </span>
     <span class='ocr_line' id='line_1_34' title="bbox 267 2302 1819 2359; baseline -0.001 -14"><span class='ocrx_word' id='word_1_323' title='bbox 267 2321 304 2345; x_wconf 94' lang='lat' dir='ltr'><strong>u.</strong></span> <span class='ocrx_word' id='word_1_324' title='bbox 327 2308 425 2346; x_wconf 89' lang='grc'><strong>699.</strong></span> <span class='ocrx_word' id='word_1_325' title='bbox 487 2302 708 2359; x_wconf 67' lang='lat' dir='ltr'><strong>&lt;anti&gt;quo</strong></span> <span class='ocrx_word' id='word_1_326' title='bbox 741 2308 884 2357; x_wconf 85' lang='lat' dir='ltr'><strong>scripsi</strong></span> <span class='ocrx_word' id='word_1_327' title='bbox 908 2319 1060 2346; x_wconf 90' lang='lat' dir='ltr'><strong>memor</strong></span> <span class='ocrx_word' id='word_1_328' title='bbox 1090 2306 1291 2357; x_wconf 89' lang='lat' dir='ltr'><strong>Propertii</strong></span> <span class='ocrx_word' id='word_1_329' title='bbox 1315 2306 1358 2345; x_wconf 90' lang='grc' dir='ltr'>Π</span> <span class='ocrx_word' id='word_1_330' title='bbox 1385 2308 1422 2357; x_wconf 89' lang='grc'><strong>3,</strong></span> <span class='ocrx_word' id='word_1_331' title='bbox 1451 2308 1503 2345; x_wconf 89' lang='grc'><strong>21</strong></span> <span class='ocrx_word' id='word_1_332' title='bbox 1542 2303 1598 2345; x_wconf 79' lang='lat' dir='ltr'><strong>‘et</strong></span> <span class='ocrx_word' id='word_1_333' title='bbox 1626 2319 1698 2346; x_wconf 88' lang='lat' dir='ltr'><strong>sua</strong></span> <span class='ocrx_word' id='word_1_334' title='bbox 1730 2320 1819 2345; x_wconf 88' lang='lat' dir='ltr'><strong>cum</strong></span> 
     </span>
     <span class='ocr_line' id='line_1_35' title="bbox 270 2363 1150 2417; baseline 0 -12"><span class='ocrx_word' id='word_1_335' title='bbox 270 2368 459 2417; x_wconf 88' lang='lat' dir='ltr'><strong>antiquae</strong></span> <span class='ocrx_word' id='word_1_336' title='bbox 492 2366 710 2406; x_wconf 83' lang='lat' dir='ltr'><strong>committit</strong></span> <span class='ocrx_word' id='word_1_337' title='bbox 742 2368 892 2417; x_wconf 89' lang='lat' dir='ltr'><strong>scripta</strong></span> <span class='ocrx_word' id='word_1_338' title='bbox 925 2363 1150 2406; x_wconf 83' lang='lat' dir='ltr'><strong>Corinnae&#39;.</strong></span> 
     </span>
    </p>

    <p class='ocr_par' dir='ltr' id='par_1_6' title="bbox 269 2421 1822 2901">
     <span class='ocr_line' id='line_1_36' title="bbox 389 2421 1820 2478; baseline 0 -13"><span class='ocrx_word' id='word_1_339' title='bbox 389 2421 498 2466; x_wconf 88' lang='lat'><strong>699.</strong></span> <span class='ocrx_word' id='word_1_340' title='bbox 542 2426 698 2466; x_wconf 89' lang='lat' dir='ltr'><strong>Nonius</strong></span> <span class='ocrx_word' id='word_1_341' title='bbox 742 2441 781 2478; x_wconf 91' lang='lat' dir='ltr'><strong>p.</strong></span> <span class='ocrx_word' id='word_1_342' title='bbox 810 2428 914 2477; x_wconf 85' lang='lat'>286,</span> <span class='ocrx_word' id='word_1_343' title='bbox 948 2428 971 2466; x_wconf 90' lang='grc'>6</span> <span class='ocrx_word' id='word_1_344' title='bbox 1014 2424 1268 2477; x_wconf 82' lang='lat' dir='ltr'><strong>‘Dimissum,</strong></span> <span class='ocrx_word' id='word_1_345' title='bbox 1317 2427 1487 2476; x_wconf 89' lang='lat' dir='ltr'><strong>humile,</strong></span> <span class='ocrx_word' id='word_1_346' title='bbox 1536 2427 1820 2476; x_wconf 89' lang='lat' dir='ltr'><strong>miserandum,</strong></span> 
     </span>
     <span class='ocr_line' id='line_1_37' title="bbox 269 2484 1820 2527; baseline 0 -1"><span class='ocrx_word' id='word_1_347' title='bbox 269 2487 479 2527; x_wconf 83' lang='lat' dir='ltr'><strong>abiectum.</strong></span> <span class='ocrx_word' id='word_1_348' title='bbox 527 2518 534 2525; x_wconf 93' lang='lat'><strong>.</strong></span> <span class='ocrx_word' id='word_1_349' title='bbox 563 2518 571 2526; x_wconf 90' lang='lat'><strong>.</strong></span> <span class='ocrx_word' id='word_1_350' title='bbox 598 2518 606 2526; x_wconf 83' lang='lat'><strong>.</strong></span> <span class='ocrx_word' id='word_1_351' title='bbox 632 2487 811 2527; x_wconf 90' lang='lat' dir='ltr'><strong>Lucilius</strong></span> <span class='ocrx_word' id='word_1_352' title='bbox 848 2488 916 2526; x_wconf 91' lang='lat' dir='ltr'><strong>lib.</strong></span> <span class='ocrx_word' id='word_1_353' title='bbox 943 2488 1097 2526; x_wconf 82' lang='lat' dir='ltr'><strong>XXVH</strong></span> <span class='ocrx_word' id='word_1_354' title='bbox 1136 2484 1209 2526; x_wconf 78' lang='lat' dir='ltr'><strong>“re</strong></span> <span class='ocrx_word' id='word_1_355' title='bbox 1253 2487 1296 2525; x_wconf 94' lang='lat' dir='ltr'><strong>in</strong></span> <span class='ocrx_word' id='word_1_356' title='bbox 1324 2519 1330 2526; x_wconf 96' lang='lat'><em>.</em></span> <span class='ocrx_word' id='word_1_357' title='bbox 1354 2518 1360 2525; x_wconf 95' lang='lat'>.</span> <span class='ocrx_word' id='word_1_358' title='bbox 1383 2518 1391 2526; x_wconf 91' lang='lat'><strong>.</strong></span> <span class='ocrx_word' id='word_1_359' title='bbox 1427 2488 1582 2527; x_wconf 84' lang='lat' dir='ltr'><strong>animos</strong></span> <span class='ocrx_word' id='word_1_360' title='bbox 1626 2488 1669 2525; x_wconf 92' lang='lat' dir='ltr'><strong>in</strong></span> <span class='ocrx_word' id='word_1_361' title='bbox 1712 2488 1820 2526; x_wconf 88' lang='lat' dir='ltr'><strong>mala</strong></span> 
     </span>
     <span class='ocr_line' id='line_1_38' title="bbox 270 2542 1821 2598; baseline -0.001 -11"><span class='ocrx_word' id='word_1_362' title='bbox 270 2544 518 2587; x_wconf 75' lang='lat' dir='ltr'><strong>dimitterc&#39;&#39;.&#39;</strong></span> <span class='ocrx_word' id='word_1_363' title='bbox 576 2548 641 2587; x_wconf 84' lang='lat' dir='ltr'><strong>Ita</strong></span> <span class='ocrx_word' id='word_1_364' title='bbox 671 2542 892 2587; x_wconf 57' lang='lat' dir='ltr'><strong>Leidensis‘</strong></span> <span class='ocrx_word' id='word_1_365' title='bbox 910 2562 960 2587; x_wconf 93' lang='lat' dir='ltr'><strong>m.</strong></span> <span class='ocrx_word' id='word_1_366' title='bbox 986 2550 1028 2587; x_wconf 90' lang='lat'><strong>1:</strong></span> <span class='ocrx_word' id='word_1_367' title='bbox 1059 2548 1166 2587; x_wconf 91' lang='lat' dir='ltr'><strong>idem</strong></span> <span class='ocrx_word' id='word_1_368' title='bbox 1196 2562 1247 2586; x_wconf 91' lang='lat' dir='ltr'><strong>m.</strong></span> <span class='ocrx_word' id='word_1_369' title='bbox 1271 2550 1295 2587; x_wconf 85' lang='lat'>2</span> <span class='ocrx_word' id='word_1_370' title='bbox 1330 2549 1370 2586; x_wconf 90' lang='lat' dir='ltr'><strong>et</strong></span> <span class='ocrx_word' id='word_1_371' title='bbox 1395 2548 1542 2598; x_wconf 90' lang='lat' dir='ltr'><strong>reliqui</strong></span> <span class='ocrx_word' id='word_1_372' title='bbox 1575 2549 1608 2586; x_wconf 80' lang='lat' dir='ltr'><strong>et</strong></span> <span class='ocrx_word' id='word_1_373' title='bbox 1638 2549 1682 2587; x_wconf 75' lang='lat' dir='ltr'><strong>in</strong></span> <span class='ocrx_word' id='word_1_374' title='bbox 1712 2549 1821 2586; x_wconf 78' lang='lat' dir='ltr'><strong>mala</strong></span> 
     </span>
     <span class='ocr_line' id='line_1_39' title="bbox 270 2606 1822 2659; baseline -0.001 -12"><span class='ocrx_word' id='word_1_375' title='bbox 270 2609 471 2647; x_wconf 72' lang='lat' dir='ltr'><strong>dimittere.</strong></span> <span class='ocrx_word' id='word_1_376' title='bbox 529 2606 643 2654; x_wconf 85' lang='lat' dir='ltr'><strong>Quod</strong></span> <span class='ocrx_word' id='word_1_377' title='bbox 673 2608 769 2647; x_wconf 90' lang='lat' dir='ltr'><strong>licet</strong></span> <span class='ocrx_word' id='word_1_378' title='bbox 799 2610 928 2659; x_wconf 90' lang='lat' dir='ltr'><strong>possit</strong></span> <span class='ocrx_word' id='word_1_379' title='bbox 959 2609 1119 2647; x_wconf 90' lang='lat' dir='ltr'><strong>defendi</strong></span> <span class='ocrx_word' id='word_1_380' title='bbox 1150 2607 1280 2647; x_wconf 90' lang='lat' dir='ltr'><strong>ueluti</strong></span> <span class='ocrx_word' id='word_1_381' title='bbox 1310 2621 1431 2648; x_wconf 90' lang='lat' dir='ltr'><strong>uersu</strong></span> <span class='ocrx_word' id='word_1_382' title='bbox 1457 2607 1553 2646; x_wconf 87' lang='lat' dir='ltr'><strong>Suei</strong></span> <span class='ocrx_word' id='word_1_383' title='bbox 1579 2609 1650 2658; x_wconf 92' lang='lat' dir='ltr'><strong>qui</strong></span> <span class='ocrx_word' id='word_1_384' title='bbox 1674 2608 1822 2647; x_wconf 86' lang='lat' dir='ltr'><strong>dicitur</strong></span> 
     </span>
     <span class='ocr_line' id='line_1_40' title="bbox 271 2668 1821 2719; baseline 0.001 -12"><span class='ocrx_word' id='word_1_385' title='bbox 271 2681 390 2719; x_wconf 88' lang='lat' dir='ltr'><strong>quem</strong></span> <span class='ocrx_word' id='word_1_386' title='bbox 410 2668 618 2707; x_wconf 87' lang='lat' dir='ltr'><strong>attulimus</strong></span> <span class='ocrx_word' id='word_1_387' title='bbox 639 2668 690 2708; x_wconf 87' lang='lat' dir='ltr'><strong>ad</strong></span> <span class='ocrx_word' id='word_1_388' title='bbox 709 2668 777 2707; x_wconf 89' lang='lat' dir='ltr'><strong>lib.</strong></span> <span class='ocrx_word' id='word_1_389' title='bbox 797 2669 855 2707; x_wconf 93' lang='lat' dir='ltr'><strong>IX</strong></span> <span class='ocrx_word' id='word_1_390' title='bbox 875 2682 912 2707; x_wconf 93' lang='lat' dir='ltr'><strong>u.</strong></span> <span class='ocrx_word' id='word_1_391' title='bbox 929 2669 1028 2719; x_wconf 87' lang='lat'>359,</span> <span class='ocrx_word' id='word_1_392' title='bbox 1048 2671 1185 2708; x_wconf 87' lang='lat' dir='ltr'><strong>tamen</strong></span> <span class='ocrx_word' id='word_1_393' title='bbox 1203 2668 1506 2708; x_wconf 63' lang='lat' dir='ltr'><strong>Lachm2innum</strong></span> <span class='ocrx_word' id='word_1_394' title='bbox 1527 2670 1569 2707; x_wconf 90' lang='lat' dir='ltr'><strong>et</strong></span> <span class='ocrx_word' id='word_1_395' title='bbox 1582 2668 1821 2708; x_wconf 87' lang='lat' dir='ltr'><strong>Muellerum</strong></span> 
     </span>
     <span class='ocr_line' id='line_1_41' title="bbox 272 2727 1822 2781; baseline 0.001 -14"><span class='ocrx_word' id='word_1_396' title='bbox 272 2729 399 2767; x_wconf 90' lang='lat' dir='ltr'><strong>secuti</strong></span> <span class='ocrx_word' id='word_1_397' title='bbox 437 2731 470 2767; x_wconf 75' lang='lat' dir='ltr'><strong>et</strong></span> <span class='ocrx_word' id='word_1_398' title='bbox 506 2729 554 2767; x_wconf 82' lang='lat' dir='ltr'><strong>ut</strong></span> <span class='ocrx_word' id='word_1_399' title='bbox 589 2729 825 2781; x_wconf 86' lang='lat' dir='ltr'><strong>languidum</strong></span> <span class='ocrx_word' id='word_1_400' title='bbox 864 2742 954 2768; x_wconf 91' lang='lat' dir='ltr'><strong>cum</strong></span> <span class='ocrx_word' id='word_1_401' title='bbox 984 2729 1017 2768; x_wconf 93' lang='lat' dir='ltr'><strong>L</strong></span> <span class='ocrx_word' id='word_1_402' title='bbox 1042 2743 1094 2768; x_wconf 91' lang='lat' dir='ltr'><strong>m.</strong></span> <span class='ocrx_word' id='word_1_403' title='bbox 1118 2732 1139 2768; x_wconf 89' lang='lat'>1</span> <span class='ocrx_word' id='word_1_404' title='bbox 1176 2730 1417 2768; x_wconf 89' lang='lat' dir='ltr'><strong>omittimus:</strong></span> <span class='ocrx_word' id='word_1_405' title='bbox 1456 2727 1579 2768; x_wconf 91' lang='lat' dir='ltr'><strong>simili</strong></span> <span class='ocrx_word' id='word_1_406' title='bbox 1614 2728 1733 2767; x_wconf 92' lang='lat' dir='ltr'><strong>modo</strong></span> <span class='ocrx_word' id='word_1_407' title='bbox 1775 2741 1822 2768; x_wconf 82' lang='lat' dir='ltr'><strong>ac</strong></span> 
     </span>
     <span class='ocr_line' id='line_1_42' title="bbox 271 2788 1820 2861; baseline 0.001 -35"><span class='ocrx_word' id='word_1_408' title='bbox 271 2789 559 2839; x_wconf 86' lang='lat' dir='ltr'><strong>interpolatum</strong></span> <span class='ocrx_word' id='word_1_409' title='bbox 598 2791 657 2827; x_wconf 87' lang='lat' dir='ltr'><strong>est</strong></span> <span class='ocrx_word' id='word_1_410' title='bbox 688 2803 724 2827; x_wconf 92' lang='lat' dir='ltr'><strong>u.</strong></span> <span class='ocrx_word' id='word_1_411' title='bbox 754 2790 850 2828; x_wconf 90' lang='lat'>736.</span> <span class='ocrx_word' id='word_1_412' title='bbox 915 2788 1080 2840; x_wconf 88' lang='lat' dir='ltr'><strong>Spectat</strong></span> <span class='ocrx_word' id='word_1_413' title='bbox 1117 2791 1236 2861; x_wconf 85' lang='lat' dir='ltr'><strong>poeta</strong></span> <span class='ocrx_word' id='word_1_414' title='bbox 1273 2802 1411 2828; x_wconf 88' lang='lat' dir='ltr'><strong>uersus</strong></span> <span class='ocrx_word' id='word_1_415' title='bbox 1452 2789 1684 2827; x_wconf 90' lang='lat' dir='ltr'><strong>Archilochi</strong></span> <span class='ocrx_word' id='word_1_416' title='bbox 1717 2790 1771 2827; x_wconf 88' lang='lat'><strong>66</strong></span> <span class='ocrx_word' id='word_1_417' title='bbox 1787 2789 1820 2827; x_wconf 93' lang='lat' dir='ltr'><strong>B</strong></span> 
     </span>
     <span class='ocr_line' id='line_1_43' title="bbox 274 2843 1822 2901; baseline 0 -14"><span class='ocrx_word' id='word_1_418' title='bbox 274 2846 394 2900; x_wconf 82' lang='grc' dir='ltr'><strong><em>θυμέ,</em></strong></span> <span class='ocrx_word' id='word_1_419' title='bbox 426 2843 539 2899; x_wconf 84' lang='grc' dir='ltr'>θύμ’,</span> <span class='ocrx_word' id='word_1_420' title='bbox 571 2846 810 2900; x_wconf 79' lang='grc' dir='ltr'><strong><em>ἀμηχάνοισι</em></strong></span> <span class='ocrx_word' id='word_1_421' title='bbox 841 2847 1003 2900; x_wconf 80' lang='grc' dir='ltr'><strong><em>κήδεσιν</em></strong></span> <span class='ocrx_word' id='word_1_422' title='bbox 1034 2848 1235 2900; x_wconf 81' lang='grc' dir='ltr'><strong><em>κυκώμενε</em></strong></span> <span class='ocrx_word' id='word_1_423' title='bbox 1264 2847 1454 2901; x_wconf 81' lang='grc' dir='ltr'><strong><em>...μήτε</em></strong></span> <span class='ocrx_word' id='word_1_424' title='bbox 1479 2853 1603 2887; x_wconf 85' lang='grc' dir='ltr'><strong><em>νικῶν</em></strong></span> <span class='ocrx_word' id='word_1_425' title='bbox 1628 2846 1822 2900; x_wconf 80' lang='grc' dir='ltr'><strong><em>ἀμφάδην</em></strong></span> 
     </span>
    </p>

    <p class='ocr_par' dir='ltr' id='par_1_7' title="bbox 274 2906 1822 3081">
     <span class='ocr_line' id='line_1_44' title="bbox 274 2906 1822 2961; baseline 0.001 -15.034"><span class='ocrx_word' id='word_1_426' title='bbox 274 2906 437 2961; x_wconf 79' lang='grc' dir='ltr'><strong><em>ἆγάλλεο</em></strong></span> <span class='ocrx_word' id='word_1_427' title='bbox 471 2907 565 2959; x_wconf 81' lang='grc' dir='ltr'><strong><em>μήτε</em></strong></span> <span class='ocrx_word' id='word_1_428' title='bbox 597 2906 780 2959; x_wconf 82' lang='grc' dir='ltr'><strong><em>νικηθεὶς</em></strong></span> <span class='ocrx_word' id='word_1_429' title='bbox 805 2906 848 2947; x_wconf 81' lang='grc' dir='ltr'><strong><em>ἐν</em></strong></span> <span class='ocrx_word' id='word_1_430' title='bbox 874 2907 970 2947; x_wconf 83' lang='grc' dir='ltr'><strong><em>οἴκω</em></strong></span> <span class='ocrx_word' id='word_1_431' title='bbox 995 2906 1226 2947; x_wconf 82' lang='grc' dir='ltr'><strong><em>καταπεσὼν</em></strong></span> <span class='ocrx_word' id='word_1_432' title='bbox 1252 2906 1408 2959; x_wconf 80' lang='grc' dir='ltr'><strong><em>ὀδύρεο·</em></strong></span> <span class='ocrx_word' id='word_1_433' title='bbox 1437 2906 1533 2947; x_wconf 84' lang='grc' dir='ltr'><strong><em>ἀλλὰ</em></strong></span> <span class='ocrx_word' id='word_1_434' title='bbox 1559 2908 1758 2961; x_wconf 81' lang='grc' dir='ltr'><strong><em>χαρτοῖσίν</em></strong></span> <span class='ocrx_word' id='word_1_435' title='bbox 1783 2923 1822 2948; x_wconf 87' lang='grc' dir='ltr'><strong>τε</strong></span> 
     </span>
     <span class='ocr_line' id='line_1_45' title="bbox 274 2963 1822 3040; baseline 0.001 -34"><span class='ocrx_word' id='word_1_436' title='bbox 274 2971 381 3020; x_wconf 80' lang='grc' dir='ltr'><strong><em>χαῖρε</em></strong></span> <span class='ocrx_word' id='word_1_437' title='bbox 407 2966 474 3007; x_wconf 85' lang='grc' dir='ltr'><strong>καὶ</strong></span> <span class='ocrx_word' id='word_1_438' title='bbox 498 2971 680 3007; x_wconf 83' lang='grc' dir='ltr'><strong><em>κακοῖσιν</em></strong></span> <span class='ocrx_word' id='word_1_439' title='bbox 706 2965 854 3020; x_wconf 82' lang='grc' dir='ltr'><strong><em>ἀσχάλα</em></strong></span> <span class='ocrx_word' id='word_1_440' title='bbox 880 2966 933 3019; x_wconf 80' lang='grc' dir='ltr'><strong>μὴ</strong></span> <span class='ocrx_word' id='word_1_441' title='bbox 960 2968 1068 3020; x_wconf 83' lang='grc' dir='ltr'><strong><em>λίην·</em></strong></span> <span class='ocrx_word' id='word_1_442' title='bbox 1094 2968 1286 3021; x_wconf 80' lang='grc' dir='ltr'><strong><em>γίγνωσκε</em></strong></span> <span class='ocrx_word' id='word_1_443' title='bbox 1313 2963 1350 3007; x_wconf 84' lang='grc' dir='ltr'><strong>δ’</strong></span> <span class='ocrx_word' id='word_1_444' title='bbox 1380 2963 1464 3015; x_wconf 82' lang='grc' dir='ltr'><strong><em>οἶος</em></strong></span> <span class='ocrx_word' id='word_1_445' title='bbox 1488 2967 1639 3021; x_wconf 78' lang='grc' dir='ltr'><strong><em>ῥυσμὸς</em></strong></span> <span class='ocrx_word' id='word_1_446' title='bbox 1661 2966 1822 3040; x_wconf 80' lang='grc' dir='ltr'><strong><em>ἀνθρώ-</em></strong></span> 
     </span>
     <span class='ocr_line' id='line_1_46' title="bbox 275 3023 1822 3081; baseline 0.001 -14"><span class='ocrx_word' id='word_1_447' title='bbox 275 3042 376 3075; x_wconf 88' lang='grc' dir='ltr'><strong><em>πους</em></strong></span> <span class='ocrx_word' id='word_1_448' title='bbox 407 3026 497 3081; x_wconf 73' lang='grc' dir='ltr'><strong><em>ἔχει·</em></strong></span> <span class='ocrx_word' id='word_1_449' title='bbox 525 3028 683 3068; x_wconf 88' lang='lat' dir='ltr'><strong>eosdem</strong></span> <span class='ocrx_word' id='word_1_450' title='bbox 709 3040 847 3067; x_wconf 90' lang='lat' dir='ltr'><strong>uersus</strong></span> <span class='ocrx_word' id='word_1_451' title='bbox 873 3031 1027 3080; x_wconf 85' lang='lat' dir='ltr'><strong>spectat</strong></span> <span class='ocrx_word' id='word_1_452' title='bbox 1053 3027 1223 3074; x_wconf 80' lang='lat' dir='ltr'><strong>Quintus</strong></span> <span class='ocrx_word' id='word_1_453' title='bbox 1251 3028 1406 3079; x_wconf 86' lang='lat' dir='ltr'><strong>Smyrn.</strong></span> <span class='ocrx_word' id='word_1_454' title='bbox 1427 3028 1522 3067; x_wconf 88' lang='lat' dir='ltr'><strong>XIV</strong></span> <span class='ocrx_word' id='word_1_455' title='bbox 1544 3029 1627 3068; x_wconf 86' lang='grc'><strong>202</strong></span> <span class='ocrx_word' id='word_1_456' title='bbox 1650 3023 1735 3081; x_wconf 81' lang='grc' dir='ltr'><strong><em>μήτ’</em></strong></span> <span class='ocrx_word' id='word_1_457' title='bbox 1758 3028 1822 3069; x_wconf 80' lang='grc' dir='ltr'><strong>ἐπὶ</strong></span> 
     </span>
    </p>
   </div>
  </div>
 </body>
</html>
