2060 3444
264 265 351 307 350
745 261 887 297 ‚incert⁸
915 260 991 295 sed.
1018 272 1054 296 u.
1081 262 1330 297 1101—1103.

388 370 530 415 1101.
565 374 766 413 Charisius
793 373 860 412 GL
886 373 906 411 I
932 387 969 424 p.
998 374 1065 422 95,
1093 372 1199 411 22K
1231 369 1356 412 ‘Haec
1385 373 1481 413 ficus
1508 375 1549 412 et
1572 374 1647 412 hae
1672 373 1738 412 fici
1762 375 1802 412 et

264 439 335 476 has
368 436 461 474 ficos
493 436 601 474 facit.
653 435 862 486 genetiuus
894 433 1000 472 enim
1040 433 1255 485 singularis
1291 433 1410 472 huius
1447 432 1529 483 fici,
1566 446 1645 472 non
1681 433 1801 472 huius

264 497 360 536 ficus
399 498 470 534 est.
527 497 567 533 et
598 494 775 532 Lucilius
819 490 948 532 “fici”
986 494 1119 543 inquit
1158 489 1451 531 “comeduntur
1487 495 1527 532 et
1569 489 1719 543 uuae”,
1762 494 1803 531 et

266 553 485 595 ‘adsiduas
522 551 677 593 ficos”.'
740 554 851 592 Idem
888 567 925 603 p.
955 553 1051 604 128,
1079 553 1130 591 31
1174 548 1292 591 “Fici
1328 553 1481 591 Ennius
1515 584 1523 591 .
1551 584 1558 591 .
1586 584 1594 591 .
1625 552 1802 591 Lucilius

267 612 395 654 “fici''
428 615 563 664 inquit
595 611 887 652 “comeduntur
919 615 959 651 et
988 609 1150 651 uuae’'.'
1202 611 1323 651 Libro
1349 613 1386 650 V
1416 612 1561 651 tribuit
1589 614 1803 662 utrumque

266 676 536 726 fragmentum
579 674 803 712 Muellerus.
878 673 1005 712 Versu
1054 672 1184 722 priore
1234 684 1390 711 mensas
1441 672 1634 711 secundas
1683 684 1803 711 cenae

266 737 439 774 rusticae
483 733 651 773 describi
695 734 879 783 apparet:
923 732 1063 771 Horat.
1095 744 1210 771 serm.
1235 731 1277 770 II
1303 733 1341 782 2,
1370 734 1450 771 121
1499 729 1601 771 ‘tum
1639 731 1804 782 pensilis

267 807 348 833 uua
380 793 570 833 secundas
602 795 642 832 et
673 806 751 831 nux
783 792 951 831 ornabat
978 804 1133 831 mensas
1160 804 1249 830 cum
1275 791 1431 842 duplice
1456 789 1559 830 ficu'.
1603 791 1650 830 In
1677 791 1803 831 altero

269 855 494 906 fragmento
531 853 610 892 loci
646 852 846 891 Martialis
871 852 928 890 IX
956 853 1024 901 59,
1052 853 1104 890 22
1150 864 1301 891 memor
1344 852 1414 902 qui
1457 852 1660 902 scripserit
1703 847 1805 890 ‘asse

269 915 365 954 duos
398 914 539 953 calices
578 914 675 951 emit
712 914 752 951 et
788 913 871 962 ipse
909 908 1018 950 tulit'
1052 912 1187 951 Dousa
1225 911 1345 951 scribi
1381 911 1524 950 maluit
1563 908 1664 951 ‘asse
1703 911 1804 950 duas

269 971 391 1013 ficos':
429 986 548 1023 quem
579 985 735 1012 uersum
768 972 819 1010 ad
849 972 1014 1011 ficorum
1054 972 1263 1010 caritatem
1300 971 1497 1022 pertinere
1534 972 1688 1011 statuit.
1750 970 1807 1009 At

270 1035 340 1084 qui
371 1033 438 1071 lib.
464 1033 502 1070 V
526 1046 563 1071 u.
594 1033 676 1071 195
716 1033 875 1082 scripsit
919 1027 1066 1082 ‘lippus
1104 1031 1255 1070 edenda
1295 1032 1377 1070 acri
1422 1031 1581 1071 assiduo
1625 1031 1805 1081 ceparius

272 1090 383 1144 cepa'
416 1093 450 1131 is
481 1092 579 1131 bene
611 1092 743 1142 potuit
774 1091 903 1130 dicere
936 1087 1140 1130 ‘adsiduas
1172 1088 1293 1130 ficos’.

392 1147 533 1192 1102.
578 1152 717 1190 Festus
755 1164 793 1201 p.
822 1152 925 1201 210,
953 1151 1008 1190 30
1059 1147 1286 1189 ‘Pedarium
1335 1152 1555 1190 senatorem
1607 1150 1807 1202 significat

270 1213 459 1261 Lucilius,
491 1224 611 1261 quom
643 1212 700 1249 ait
733 1207 899 1260 “aye'pcs
925 1241 933 1248 .
955 1241 962 1248 .
985 1241 992 1248 .
1019 1207 1195 1260 coepit’'.
1245 1211 1315 1261 qui
1344 1210 1403 1249 ita
1435 1211 1678 1260 appellatur,
1711 1209 1806 1260 quia

271 1274 429 1321 tacitus,
460 1271 702 1310 transeundo
734 1270 784 1309 ad
816 1282 906 1308 eum
938 1271 1048 1309 cuius
1081 1270 1318 1309 sententiam
1350 1269 1505 1320 probat,
1537 1270 1633 1320 quid
1658 1270 1807 1308 sentiat

270 1328 448 1371 indicat'.
510 1331 691 1370 Adnotat
721 1330 1017 1369 Lachmannus:
1049 1325 1111 1368 Ὅ.
1131 1329 1345 1368 Muellerus
1383 1331 1530 1378 acipes,
1567 1329 1662 1380 quia
1699 1327 1807 1379 apud

271 1392 444 1430 Paulum
470 1392 530 1430 est
553 1404 590 1441 p.
613 1391 637 1429 9
664 1389 890 1438 Ampe-dius
916 1384 1031 1443 (conf
1045 1390 1232 1428 Thesaur.
1254 1390 1369 1438 yloss.
1396 1390 1540 1428 emend.
1566 1401 1596 1428 s.
1622 1383 1679 1443 u.)
1706 1389 1806 1428 dice-

273 1453 389 1491 batur
421 1452 482 1489 cui
506 1451 767 1499 praecipuum
800 1452 883 1488 erat
911 1451 955 1487 in
986 1449 1175 1488 currendo
1206 1461 1368 1488 acumen
1391 1450 1550 1498 paduan.
1601 1449 1670 1487 sed
1700 1448 1807 1487 uelo-

272 1513 393 1550 citate
424 1509 569 1561 pedum
600 1510 775 1549 senatori
806 1509 968 1560 pedario
1000 1521 1079 1548 non
1110 1509 1238 1560 magis
1271 1521 1369 1558 opus
1401 1510 1487 1548 erat
1512 1521 1632 1558 quam
1658 1509 1807 1558 capite:

273 1584 398 1621 neque
436 1582 574 1609 uersus
613 1571 673 1608 est
708 1568 870 1608 Laberii
908 1581 1024 1618 quem
1059 1568 1211 1607 Gellius
1236 1568 1298 1606 ΙΠ
1326 1569 1378 1606 18
1407 1563 1472 1620 (9)
1511 1570 1643 1607 notari
1678 1569 1809 1616 iussit,

276 1630 404 1679 Caput
439 1632 523 1669 sine
563 1630 699 1678 linqua
734 1629 895 1677 pedarii
937 1630 1125 1667 sententia
1168 1630 1223 1667 est
1266 1623 1345 1681 (88
1357 1622 1427 1681 R),
1457 1628 1562 1667 hunc
1605 1628 1810 1678 scripsisse

273 1691 453 1730 existimo
485 1689 577 1728 Sine
606 1690 743 1739 linqua
774 1691 872 1737 aput
894 1689 1105 1737 pedarium
1135 1690 1324 1727 sententia
1355 1690 1420 1734 ast,
1450 1687 1647 1727 Lucilium
1675 1688 1810 1726 autem

274 1751 331 1790 sic
365 1750 446 1789 Gai·
468 1761 539 1797 pes
569 1761 700 1787 uocem
729 1750 876 1787 mittcrc
906 1745 1050 1797 coepit’.
1101 1748 1279 1787 Eandem
1311 1749 1550 1798 scripturam
1585 1747 1632 1786 de
1663 1746 1812 1786 Lucilii

274 1824 312 1848 u.
337 1809 507 1860 protulit
532 1807 577 1847 Ο.
597 1808 887 1847 Hirschfeldius
916 1808 1051 1846 Herm.
1077 1807 1178 1846 VIII
1206 1809 1319 1846 1874
1346 1821 1383 1858 p.
1411 1808 1496 1846 468
1511 1819 1609 1857 seq.:
1641 1809 1810 1857 uterque

276 1870 323 1908 de
361 1868 460 1907 Gaio
505 1869 701 1919 cogitauit
744 1881 861 1917 quem
904 1870 1099 1906 memorat
1141 1869 1260 1917 poeta
1297 1867 1365 1905 lib.
1391 1867 1500 1905 XXX
1524 1880 1564 1907 u.
1593 1867 1706 1907 1035
1746 1867 1812 1906 cui

275 1930 377 1967 libro
408 1928 686 1967 Lachmannus
716 1927 805 1965 ideo
836 1940 995 1966 uersum
1026 1927 1222 1965 attribuit.
1280 1926 1405 1972 Quem
1437 1925 1580 1965 Gaium
1612 1926 1811 1965 Lucilium

276 1990 408 2038 ipsum
441 2000 523 2026 esse
549 1988 574 2025 1
601 1999 629 2026 s.
657 1986 946 2025 adnotauimus.
1010 1985 1054 2024 Si
1090 1998 1229 2024 reuera
1263 1986 1342 2024 Gai
1370 1997 1444 2034 pes
1484 1987 1644 2035 scripsit
1680 1987 1811 2036 poeta,

278 2049 366 2098 quis
397 2047 518 2085 fuerit
548 2046 634 2094 ille,
671 2059 751 2084 non
781 2057 989 2095 possumus
1021 2058 1091 2084 nos
1127 2045 1336 2096 indagarze
1375 2044 1415 2083 O.
1437 2044 1615 2083 Caelium
1647 2045 1694 2084 de
1733 2058 1810 2095 quo

279 2108 412 2158 agitur
454 2106 553 2144 rhet.
586 2076 636 2144 ad
666 2105 760 2144 Her.
785 2104 826 2142 II
854 2106 1002 2159 13,19
1041 2103 1330 2143 Hirschfeldius
1374 2104 1594 2143 arbitratur
1641 2104 1810 2143 irrideri.

278 2167 364 2217 Ego
403 2165 575 2204 arbitror
615 2166 680 2214 aqi
720 2165 760 2203 et
802 2166 908 2203 recte
951 2165 991 2203 et
1033 2164 1164 2215 lepide
1209 2176 1293 2203 esse
1336 2163 1487 2202 dictum
1530 2177 1601 2214 pro
1644 2165 1812 2202 moueri:

278 2227 462 2264 mouetur
499 2226 539 2263 et
576 2226 710 2276 agitur
746 2237 814 2274 pes
852 2224 1045 2263 senatoris
1075 2225 1284 2274 tamquam
1319 2224 1434 2262 nauis
1470 2224 1535 2262 uel
1573 2236 1709 2262 currus
1746 2224 1812 2262 uel

278 2286 510 2323 iumentum.
559 2284 709 2336 Vergil.
736 2297 868 2335 georg.
893 2283 933 2321 Π
961 2285 1045 2322 392
1080 2280 1190 2323 ‘deus
1215 2284 1363 2323 circum
1388 2285 1510 2333 caput
1535 2280 1630 2335 egit’
1659 2282 1810 2323 Colum.

279 2345 337 2382 VI
364 2346 402 2394 6,
430 2346 453 2383 3
487 2341 750 2393 ‘caudamque
781 2343 953 2382 crebrius
987 2339 1130 2395 agere’.
1191 2355 1322 2382 nocem
1355 2344 1502 2382 mittere
1538 2343 1586 2382 de
1623 2340 1811 2382 inanimis

279 2405 435 2443 Lucret.
461 2404 500 2442 Π
528 2404 613 2442 834
645 2403 707 2441 ΙΠ
734 2405 815 2442 931
851 2398 928 2456 (IV
956 2397 1060 2456 991)
1091 2403 1230 2441 quen.
1255 2402 1354 2441 XIII
1382 2404 1477 2441 114.
1646 2420 1650 2424 -

402 2458 544 2503 1103.
576 2463 702 2501 Iulius
736 2462 986 2513 Capitolinus
1016 2463 1059 2500 in
1093 2463 1179 2501 uita
1209 2462 1429 2501 Pertinacis
1463 2464 1502 2511 9,
1528 2463 1553 2500 4
1589 2459 1813 2501 ‘Auaritiae

281 2524 503 2573 suspicione
532 2524 716 2573 priuatus
747 2535 827 2561 non
859 2523 998 2571 caruit,
1029 2535 1119 2561 cum
1150 2522 1256 2572 apud
1287 2522 1392 2560 uada
1417 2521 1583 2560 Sabatia
1614 2523 1811 2572 oppressis

245 2619 251 2623 .
280 2584 414 2622 fenore
444 2582 733 2633 possessoribus
764 2582 885 2621 latius
917 2594 1007 2621 suos
1038 2582 1218 2620 tenderet
1248 2581 1355 2620 fines.
1411 2581 1580 2631 denique
1617 2594 1663 2620 ex
1694 2594 1812 2620 uersu

282 2644 478 2682 luciniano
503 2637 731 2695 (Luciliano
762 2642 857 2680 olim
889 2635 1124 2694 correctum)
1159 2638 1348 2690 “qrarius
1372 2638 1562 2693 mergus''
1589 2643 1650 2680 est
1677 2641 1813 2691 appel-

281 2698 415 2741 latus'.
486 2703 671 2750 amarius
712 2702 818 2740 recte
860 2700 962 2739 editt
1003 2702 1174 2750 ueteres,
1219 2702 1400 2750 aerarius
1444 2699 1662 2739 Salmasius
1706 2699 1813 2750 quod

283 2761 532 2801 commendat
563 2760 607 2799 Ο.
627 2761 809 2799 Kellerus
834 2760 1078 2799 Fleckeiseni
1115 2761 1245 2799 annal.
1272 2759 1360 2798 CIX
1388 2761 1502 2798 1874
1532 2773 1571 2810 p.
1599 2760 1682 2798 276
1721 2772 1813 2798 cum

285 2821 472 2860 adhibeat
501 2820 679 2859 fabulam
709 2820 857 2870 Aesopi
889 2820 972 2859 306
987 2819 1021 2858 Β
1046 2820 1209 2858 Halmii.
1258 2820 1387 2870 Mergi
1416 2819 1664 2858 insatiabiles
1701 2820 1812 2858 sunt:

283 2881 386 2919 Plin.
410 2882 492 2918 nat.
517 2880 608 2918 hist.
634 2879 692 2918 XI
718 2881 801 2919 202
843 2876 1104 2919 ‘insatiabilia
1141 2879 1393 2928 animalium,
1433 2879 1576 2929 quibus
1613 2892 1638 2918 a
1673 2880 1813 2918 uentre

284 2940 465 2989 protinus
496 2941 604 2979 recto
634 2940 824 2978 intestino
854 2941 1064 2978 transeunt
1095 2939 1184 2990 cibi,
1217 2941 1262 2977 ut
1292 2939 1398 2989 lupis
1431 2940 1619 2978 cei-uariis
1645 2940 1685 2977 et
1708 2940 1814 2977 inter

286 3011 378 3038 aues
409 2996 583 3050 mergis'.
646 2998 849 3038 Glossaria
879 3011 1037 3050 mergus
1068 2998 1230 3051 αἴθυια,
1263 2998 1358 3038 conf
1378 2998 1491 3036 Thes.
1518 2999 1635 3049 gloss.
1662 2997 1811 3037 emend.
