2060 3444
268 293 356 336 300
834 289 952 324 XXIX
979 300 1013 324 u.
1042 290 1241 323 sei—897.

266 408 305 445 in
340 406 550 445 Iibetratem
582 403 728 442 destino
760 402 912 441 dictum
943 401 993 439 ad
1026 399 1248 450 exemplum
1280 397 1492 438 locutionis
1524 398 1566 436 in
1591 397 1802 436 libertatem

266 466 479 504 uindicare.
542 463 669 502 Locus
701 462 809 512 sapit
839 461 1083 501 comoediam
1115 458 1311 503 Atticam:
1342 458 1436 497 conf
1457 456 1590 495 Plaut.
1615 454 1716 494 Rud.
1743 456 1799 494 44

268 522 334 563 ‘ad
366 524 547 563 lenonem
580 521 757 570 deuenit,
795 521 913 560 minis
944 519 1114 571 triginta
1145 518 1222 558 sibi
1252 517 1428 568 puellam
1467 511 1655 556 destinat'
1695 515 1800 566 quod

266 583 441 634 pretium
472 582 624 621 indicat
654 582 863 620 mulierem
893 580 1036 620 fidibus
1068 579 1226 618 doctam
1264 589 1346 617 esse
1384 588 1606 627 percaram:
1644 575 1800 614 Terent.

267 644 422 683 Phorm.
451 643 534 681 558
570 639 796 692 eTriginta?
828 641 907 690 hui,
940 652 1103 691 percara
1135 635 1228 678 est’:
1259 637 1364 676 idem
1394 637 1567 687 pretium
1594 635 1704 674 XXX
1728 635 1802 674 mi-

268 716 409 743 narum
435 704 642 752 tamquam
667 701 855 740 sollemne
881 701 922 738 in
949 698 1152 739 comoedia
1179 699 1424 736 memoratur
1448 696 1578 735 Plaut.
1607 694 1718 734 Cure.
1746 694 1800 732 63

267 762 438 802 Mostell.
467 763 564 810 300,
597 761 733 799 eodem
764 760 894 811 pretio
925 760 1038 799 uenit
1061 759 1217 797 Neaera
1243 759 1404 796 anctore
1431 749 1672 809 [Demosth]
1699 755 1802 796 cont.

261 823 409 865 ,Neaen
438 823 506 871 29,
537 833 608 860 nec
640 821 757 859 aliter
788 820 905 859 Isocr.
938 817 1025 871 περὶ
1056 815 1227 857 ἀντιδόσ.
1257 817 1340 856 288
1373 818 1456 863 τοῖς
1487 811 1558 866 μὲν
1596 811 1802 865 λυομένοις

270 881 392 921 εἴκοσι
423 879 489 920 καὶ
520 879 727 932 τριάκοντα
753 885 863 931 μνῶν
894 877 962 926 τὰς
989 877 1203 930 μελλούσας
1227 874 1294 916 καὶ
1326 874 1395 915 τὸν
1425 873 1543 914 ἄλλον
1569 869 1681 913 οἶκον
1707 883 1801 912 συν-

269 940 514 994 αναιρήσειν;
540 939 715 979 eiusdem
734 939 855 990 pretii
874 939 1129 978 aestimatum
1156 936 1275 975 fuisse
1302 935 1512 975 Platonem
1536 933 1662 973 tradit
1686 932 1802 985 Diog.

269 1002 400 1040 Laert.
427 1000 489 1039 ΙΙΙ
516 1002 581 1039 20.
644 999 737 1037 Tria
769 999 841 1038 illa.
872 998 984 1037 milia
1015 997 1139 1049 igitur
1170 998 1262 1036 sunt
1293 995 1571 1034 drachmarum
1595 993 1660 1032 uel
1685 992 1803 1031 dena·

270 1061 431 1109 riorum,
462 1060 658 1099 talentum
691 1058 900 1097 dimidium
928 1058 1031 1108 quod
1060 1056 1294 1108 expenditur
1318 1055 1359 1093 in
1385 1053 1536 1107 πόρνης
1560 1052 1692 1092 Merv:
1723 1064 1805 1103 qua

270 1121 318 1159 de
355 1133 397 1159 re
436 1120 530 1159 conf
557 1119 758 1158 Plutarch.
785 1118 832 1157 de
859 1118 964 1157 adul.
990 1119 1031 1156 et
1056 1117 1168 1156 amic.
1197 1117 1251 1155 23
1277 1130 1315 1166 p.
1343 1114 1444 1154 64F
1475 1113 1547 1152 ubi
1582 1113 1700 1163 plura
1737 1111 1805 1150 ad-

272 1182 388 1219 notat
417 1178 760 1230 wyttenbachius.
828 1178 961 1217 Etiam
999 1176 1120 1215 uerba
1163 1178 1207 1215 in
1250 1176 1462 1214 libertatem
1504 1172 1683 1213 redolent
1726 1184 1805 1211 ser-

271 1252 427 1278 monem
459 1238 657 1278 Atticum:
690 1239 784 1277 conf
811 1239 935 1276 contr.
961 1237 1101 1276 Neaer.
1130 1237 1186 1275 30
1217 1232 1377 1285 ἀφιέναι
1409 1227 1483 1273 οὖν
1514 1230 1614 1287 αὐτῇ
1652 1230 1805 1283 ἔφασαν

271 1298 327 1346 εἰς
366 1297 595 1350 ἐλευθερίαν
632 1297 754 1350 χιλίας
796 1296 968 1349 δραχμάς
995 1298 1047 1336 31
1095 1293 1305 1348 τάργύριον
1347 1290 1369 1332 ὃ
1412 1291 1518 1345 παρὰ
1558 1297 1635 1331 τῶν
1678 1288 1806 1330 ἄλλων

272 1357 444 1410 ἐραστῶν
475 1355 788 1410 ἐδασμολόγησεν
819 1355 962 1410 ἔρανον
994 1355 1049 1404 εἰς
1079 1354 1153 1407 τὴν
1183 1352 1412 1407 ἐλευθερίαν
1444 1350 1692 1404 συλλέγουσα.
1792 1371 1794 1374 -

394 1411 503 1458 894.
535 1417 691 1456 Nonius
721 1431 759 1468 p.
788 1417 885 1466 330,
913 1417 937 1455 9
972 1412 1190 1464 ‘Inducere‚
1227 1412 1474 1465 persuadere.
1529 1411 1706 1450 Lucilius
1737 1410 1805 1449 lib.

275 1477 484 1516 XXVIII
501 1474 724 1525 “iyhy‘mnis
745 1471 885 1530 (itala
902 1476 986 1514 XX
996 1475 1109 1513 VIII
1121 1475 1242 1523 yemis
1259 1473 1413 1523 hymnis
1427 1471 1459 1511 G
1473 1485 1523 1510 m.
1542 1473 1578 1524 1,
1603 1470 1811 1509 XXVIII

272 1538 425 1587 hymnis
451 1535 484 1575 G
510 1550 560 1575 m.
590 1530 633 1589 2)
668 1548 740 1588 ego
773 1536 947 1574 animum
979 1536 1035 1574 sic
1065 1534 1208 1573 induco
1241 1533 1348 1583 quod
1378 1534 1425 1571 tu
1458 1526 1547 1585 (tua
1575 1525 1630 1584 G)
1647 1530 1711 1569 'ab
1747 1529 1807 1568 in-

273 1609 369 1636 sano
402 1592 619 1635 auferas’'.'
671 1594 929 1634 Offenderunt
959 1594 1000 1633 in
1033 1593 1207 1633 numeris
1233 1594 1273 1631 et
1296 1592 1574 1631 Lachmannus
1600 1589 1668 1641 qui
1692 1589 1809 1628 malit

276 1653 461 1707 ‘Hymnis
493 1669 565 1707 ego
599 1655 775 1694 animum
807 1655 882 1694 hoc
912 1650 1070 1693 induco'
1105 1655 1145 1692 et
1168 1652 1396 1700 Muellerus,
1428 1651 1498 1701 qui
1525 1647 1709 1700 ‘Hymnis
1735 1661 1807 1701 ego

274 1717 330 1755 sic
362 1716 538 1755 animum
569 1711 740 1754 induco’.
798 1714 884 1766 Ego
916 1714 1094 1753 faciliore
1126 1725 1246 1763 opera
1285 1712 1457 1750 arbitror
1493 1711 1532 1749 et
1569 1707 1808 1748 sententiam

274 1778 315 1815 et
351 1787 533 1814 numeros
571 1775 717 1826 corrigi
754 1775 787 1813 si
824 1787 896 1825 pro
933 1775 990 1813 sic
1025 1773 1273 1823 posuerimus
1309 1773 1355 1810 si.
1426 1769 1677 1820 Colloquitur
1719 1780 1808 1808 cum

274 1834 482 1875 meretrice
514 1834 759 1873 adulescens:
798 1846 871 1885 ego
903 1833 937 1872 si
968 1834 1161 1884 recogito,
1194 1831 1297 1882 quod
1330 1832 1375 1870 tu
1407 1829 1570 1869 cottidie
1603 1842 1626 1868 a
1657 1841 1720 1866 me
1749 1827 1808 1866 in-

275 1907 371 1934 sano
410 1895 584 1943 auferas,
628 1895 738 1945 piget
779 1906 872 1933 sane
916 1892 966 1931 ab
1009 1893 1148 1931 lenone
1192 1893 1232 1930 te
1276 1889 1495 1929 abduxisse.
1557 1888 1808 1939 Archetypus

275 1954 459 1993 habuisse
490 1954 651 1992 uidetur
684 1953 768 1991 XX
778 1953 891 1991 VIII
911 1953 1078 2002 iyymnis
1115 1951 1282 1990 barbare
1320 1949 1511 2000 scriptum
1548 1960 1620 1999 pro
1656 1948 1810 1998 hymnis

277 2013 345 2052 sed
371 2014 609 2052 correctum:
640 2012 730 2050 inde
756 2025 963 2051 numerum
988 2010 1181 2050 XXVIIII
1205 2009 1456 2059 recuperauit
1481 2008 1705 2047 Muellerus.
1749 2006 1809 2045 De

277 2074 475 2112 sententia
505 2072 601 2111 conf
621 2071 794 2110 Martial.
820 2070 878 2110 XI
905 2071 960 2109 50
993 2067 1120 2108 ‘nulla
1151 2071 1211 2108 est
1240 2069 1339 2107 hora
1370 2068 1461 2117 tibi,
1500 2080 1581 2119 qua
1617 2079 1697 2105 non
1735 2079 1809 2114 me,

275 2131 427 2182 Phylli,
461 2129 656 2182 florentem
692 2131 899 2179 despolies:
938 2131 1053 2169 tanta
1091 2128 1312 2168 calliditate
1349 2124 1472 2178 rapis’
1514 2122 1662 2179 (Plaut.
1694 2124 1808 2164 Truc..

280 2192 330 2230 31
349 2185 487 2244 seqq.)
1113 2234 1116 2236 .

398 2305 508 2350 895.
546 2309 699 2349 Nonius
730 2322 768 2359 p.
797 2310 864 2358 24,
893 2311 945 2348 12
989 2305 1229 2360 *Ignominia
1273 2308 1333 2346 est
1375 2305 1545 2346 nominis
1590 2306 1695 2344 nota.
1730 2335 1737 2343 .
1766 2335 1773 2343 .
1802 2335 1808 2342 .

278 2369 454 2408 Lucilius
480 2368 581 2407 libro
607 2368 800 2408 XXVIIII
832 2365 1026 2417 “Apolost
1049 2379 1186 2406 nomen
1214 2398 1221 2405 .
1244 2397 1250 2405 .
1274 2398 1280 2405 .
1307 2367 1439 2406 delicis
1466 2397 1473 2404 .
1495 2396 1502 2404 .
1525 2396 1532 2404 .
1557 2360 1808 2415 inponere”.’

280 2429 400 2467 Recte
430 2440 575 2468 numen
604 2428 752 2468 Iunius.
814 2428 942 2467 Locus
973 2429 1135 2478 propter
1166 2425 1491 2477 orthographiam
1526 2423 1810 2463 memorabilis:

280 2488 429 2537 apolost
463 2488 663 2538 praebent<
691 2488 808 2536 codd,
846 2500 935 2526 cum
973 2488 1130 2538 praeter
1164 2486 1269 2524 hunc
1305 2497 1462 2524 uersum
1500 2483 1606 2534 apud
1637 2483 1811 2522 Nonium

281 2547 321 2585 in
340 2548 487 2586 Lucilii
504 2547 739 2598 fragmentis
758 2550 793 2586 st
811 2549 902 2597 post
920 2546 1095 2585 uocalem
1116 2545 1182 2584 lib.
1202 2545 1334 2584 XXVI
1351 2558 1389 2583 u.
1418 2545 1501 2583 633
1529 2543 1582 2583 sit
1599 2543 1811 2582 traditum:

281 2607 372 2646 uide
403 2606 481 2645 ind.
513 2607 724 2650 uerborum
751 2620 779 2646 s.
805 2621 843 2645 u.
868 2619 965 2645 sum.
995 2628 1048 2632 —-
1076 2606 1207 2645 delicis
1237 2617 1309 2656 pro
1342 2604 1487 2642 deliciis
1518 2603 1682 2653 praebet
1714 2602 1810 2641 item

280 2666 391 2705 Festi
416 2666 534 2705 codex
559 2666 695 2705 incert.
717 2680 753 2704 u.
777 2667 901 2705 1140.
946 2666 1100 2704 macula
1126 2667 1238 2713 atque
1262 2664 1478 2713 iyoezomim'a
1503 2662 1706 2701 coniunxit
1732 2660 1810 2701 Cic.

229 2721 234 2725 ’
281 2738 353 2776 pro
378 2725 492 2764 Font.
521 2726 574 2765 36
595 2725 701 2775 init.3
741 2723 900 2776 ‘quibus
932 2727 976 2764 tu
1013 2725 1205 2775 priuatim
1242 2724 1407 2762 iniurias
1445 2723 1638 2773 plurimas
1675 2723 1812 2761 contu-

282 2785 498 2835 meliasque
523 2782 750 2835 inposuisti’
777 2784 883 2824 idem
909 2785 950 2823 in
975 2784 1084 2823 Verr.
1098 2784 1156 2822 IV
1172 2785 1208 2833 9,
1225 2785 1290 2822 20.
1347 2783 1525 2821 Minatur
1548 2794 1646 2832 puer
1671 2782 1812 2832 poetae

282 2845 467 2883 inimicus
510 2844 673 2894 quidam
710 2847 928 2884 amatorem
966 2844 1134 2882 diuitem
1173 2845 1212 2882 et
1248 2844 1450 2892 potentem
1490 2841 1603 2891 pueri
1634 2841 1811 2880 ulturum

284 2915 366 2942 esse
403 2903 518 2954 pueri
551 2904 735 2942 iniurias:
778 2903 868 2942 uide
912 2916 1013 2954 quae
1051 2901 1329 2942 adnotauimus
1366 2902 1417 2940 ad
1452 2900 1520 2939 lib.
1546 2900 1626 2939 VII
1650 2913 1687 2939 u.
1714 2901 1812 2938 277.

402 2958 510 3003 897.
554 2963 709 3002 Nonius
751 2977 789 3013 p.
817 2963 920 3012 288,
949 2964 1003 3002 10
1048 2959 1300 3010 ‘Doti-ahere,
1349 2961 1564 2999 extrahere.
1633 2958 1812 2998 Lucilius

285 3021 351 3061 lib.
378 3021 569 3061 XXVIIII
615 3019 735 3061 “cum
763 3054 769 3060 .
799 3053 805 3061 .
834 3054 841 3060 .
868 3018 1139 3062 detrahant'’.’
1209 3021 1337 3060 Varro
1380 3022 1422 3058 in
1465 3019 1698 3058 Prometheo
1738 3020 1812 3057 sat.
