2060 3444
313 253 401 296 214
578 238 582 241 ’
900 236 966 285 XX
990 261 1025 285 u.
1053 253 1250 285 573-577.

316 366 451 405 eodem
495 364 611 403 modo
655 364 820 403 traicere
866 375 942 413 quo
979 362 1128 414 Vergil.
1159 374 1290 414 georg.
1317 361 1374 401 IV
1401 362 1484 400 333
1531 358 1722 400 ‘thalamo
1771 360 1843 400 sub

315 425 488 463 fluminis
519 421 607 463 alti’
643 422 756 462 Ouid.
790 423 907 462 Trist.
933 422 970 459 V
997 424 1035 471 2,
1064 423 1116 460 75
1151 418 1231 460 ‘uel
1261 421 1423 472 rapidae
1453 421 1623 459 flammis
1655 434 1747 459 urar
1774 433 1843 471 pa·
1894 439 1896 441 ·

316 485 462 523 tienter
486 485 528 522 in
554 479 736 522 Aetnae':
763 482 857 522 conf
881 482 1008 521 Neuei
1033 481 1079 520 de
1108 482 1244 520 formis
1270 481 1296 519 1.
1321 480 1364 519 L.
1390 481 1431 519 II
1457 481 1514 519 ed.
1543 481 1566 518 3
1594 494 1631 530 p.
1659 481 1761 519 950:
1787 492 1845 518 rc-

309 544 462 592 prendo
493 542 731 593 trisyllabon
765 542 953 580 Horatius
982 553 1094 579 serm.
1114 541 1136 579 I
1157 542 1224 590 10,
1246 541 1299 579 55
1328 540 1439 590 epist.
1459 540 1480 578 I
1503 540 1567 589 18,
1590 540 1643 578 39
1670 540 1712 578 in
1738 540 1845 578 exitu

314 603 447 654 posuit
489 615 643 651 uersus,
694 602 789 640 item
834 599 949 640 Ouid.
975 600 1136 639 Heroid.
1162 600 1219 639 XI
1246 601 1300 638 55
1350 597 1578 650 ‘elapsaque
1621 599 1743 638 uerba
1785 611 1845 637 re-

316 659 493 713 prendo’.
538 673 672 706 saeua,
698 661 992 700 acerbissimam
1018 660 1195 710 appellat
1222 659 1433 698 Seruiliam
1457 658 1533 698 Cic.
1554 671 1626 709 pro
1645 658 1757 697 Balb.
1779 658 1847 707 54,

317 722 423 760 idem
449 721 497 760 de
523 721 585 759 off.
611 721 653 759 H
681 722 733 759 75
766 722 858 770 post
883 719 1139 770 Calpurniam
1167 716 1244 758 ‘tot
1273 719 1378 771 leges
1410 720 1450 757 et
1478 730 1695 768 proxumae
1727 730 1845 768 quae-

317 795 392 831 que
424 777 627 819 duriores'.
654 802 712 806 —
737 780 779 818 in
809 776 1022 830 primor<is
1053 778 1262 829 fauc>ibus
1287 778 1394 818 naris
1420 778 1577 828 scripsi:
1609 777 1847 816 sententiam

316 841 462 880 Lucilii
504 839 705 891 perspexit
748 838 1003 878 Casaubonus
1047 838 1098 877 ad
1140 838 1246 877 Pers.
1272 838 1309 875 V
1337 840 1388 877 91
1438 834 1514 876 ‘ira
1556 837 1674 876 cadat
1715 833 1848 886 naso’;

320 901 481 940 Theocr.
507 900 527 939 I
556 900 608 938 18
654 899 808 951 δριμεῖα
851 897 944 950 χολὰ
989 896 1079 937 ποτὶ
1127 896 1207 951 ῥινὶ
1255 897 1438 948 κάθηται.
1510 896 1683 935 Herond.
1707 896 1766 934 VI
1792 897 1846 935 37

318 959 371 1012 μὴ
398 959 463 1010 δή,
488 961 684 1011 Κοριττοῖ,
709 957 782 1009 τὴν
807 956 926 1011 χολὴν
954 955 1017 997 ἐπὶ
1041 955 1150 1011 ῥινὸς
1180 952 1235 1009 ἔχ’
1263 955 1399 1004 εὐθύς.
1445 955 1648 1006 Similiter,
1680 957 1714 995 si
1743 957 1848 995 recte

278 1064 282 1066 Ἴ
319 1020 450 1059 editur
492 1019 648 1058 Petron.
669 1019 730 1062 ,62
777 1015 890 1057 ‘mihi
934 1019 1067 1057 anima
1109 1011 1169 1071 (in
1213 1017 1344 1056 anim0
1381 1010 1468 1070 cod)
1511 1017 1555 1055 in
1596 1028 1693 1055 naso
1737 1012 1850 1064 esse',

318 1079 433 1119 Hom.
460 1093 491 1118 ω
518 1079 602 1117 318
635 1082 704 1117 τοῦ
737 1072 774 1116 δ’
814 1075 974 1130 ὠρίνετο
1011 1076 1163 1128 θυμός,
1203 1074 1279 1116 ἀνὰ
1310 1076 1422 1129 ρ”ἴνας
1460 1073 1503 1115 δέ
1538 1075 1580 1115 οἱ
1613 1072 1692 1127 ἤδη
1731 1072 1849 1127 δριμκὺ

320 1137 437 1190 με’νος
467 1135 680 1191 προέτυψε,
712 1136 831 1187 φίλον
861 1134 992 1190 πατέρ’
1024 1134 1259 1189 εἰσορόωντι.

441 1192 551 1238 575.
582 1197 735 1236 Nonius
759 1210 797 1247 p.
826 1197 924 1246 201,
951 1197 1002 1234 21
1047 1193 1234 1235 ‘Colubra
1271 1195 1463 1234 feminini.
1530 1193 1706 1233 Lucilius
1743 1195 1849 1245 saty-

319 1271 452 1297 rarum
483 1257 550 1296 lib.
576 1257 648 1295 XX
687 1253 800 1295 “iam
838 1255 1105 1306 disrumpetur
1131 1287 1138 1293 .
1166 1287 1173 1293 .
1202 1287 1209 1293 .
1237 1252 1424 1294 omnis”.'
1493 1254 1583 1293 Non
1627 1254 1761 1305 agitur
1803 1253 1851 1292 de

319 1318 477 1357 homine
508 1317 655 1367 ueraci,
688 1315 756 1355 sed
787 1316 834 1354 de
867 1328 911 1354 eo
944 1316 1013 1366 qui
1044 1317 1114 1354 aut
1138 1316 1199 1353 ira
1224 1317 1294 1354 aut
1318 1314 1473 1353 inuidia
1498 1314 1708 1364 rumpitur,
1740 1313 1851 1354 cuius

320 1390 444 1417 uenae
476 1378 556 1416 sint
588 1378 786 1415 extentae:
818 1375 923 1425 quod
951 1374 1002 1414 ad
1025 1374 1128 1414 iram
1163 1375 1318 1426 egregie
1350 1375 1546 1424 pertinere
1577 1374 1850 1412 manifestum:

322 1436 471 1476 Seneca
501 1436 549 1474 de
581 1435 642 1474 ira
666 1435 708 1474 Π
734 1435 802 1484 35,
830 1436 854 1473 3
889 1431 1130 1474 ‘tumescunt
1155 1446 1289 1472 uenae.
1334 1434 1582 1473 concutietur
1606 1432 1742 1471 crebro
1772 1433 1851 1482 spi-

322 1498 403 1535 ritu
435 1497 592 1546 pectus,
628 1494 769 1534 rabida
799 1494 907 1534 uocis
942 1494 1097 1544 eruptio
1135 1494 1237 1533 colla
1275 1493 1473 1532 distendet
1499 1523 1506 1530 .
1535 1523 1542 1530 .
1570 1523 1578 1530 .
1604 1494 1754 1542 quanto
1790 1491 1852 1530 illi

321 1557 429 1596 intra
452 1556 591 1606 pectus
616 1554 832 1594 terribilior
857 1554 992 1592 uultus
1018 1555 1090 1603 est,
1115 1554 1242 1592 acrior
1261 1553 1436 1603 spiritus,
1460 1551 1651 1591 intentior
1669 1552 1853 1602 impetus,

321 1617 511 1666 rupturus
555 1627 614 1663 se,
657 1615 734 1652 nisi
778 1610 993 1664 eruperit?
1032 1614 1099 1662 36,
1126 1613 1152 1651 4
1198 1609 1340 1663 ‘magis
1383 1611 1484 1650 illud
1525 1611 1739 1650 uidendum
1782 1612 1854 1660 est,

323 1688 441 1726 quam
486 1674 623 1713 multis
666 1675 727 1712 ira
769 1686 840 1724 per
883 1685 924 1713 se
966 1673 1157 1712 nocuerit.
1219 1672 1291 1711 alii
1338 1672 1461 1710 nimio
1509 1671 1664 1710 feruore
1711 1682 1853 1720 rupere

323 1732 459 1774 uenas’
482 1747 512 1773 e.
540 1748 576 1784 q.
603 1746 631 1773 s.
657 1733 719 1772 ΙΠ
746 1734 784 1782 4,
813 1735 834 1771 1
877 1729 1004 1771 ‘uenis
1041 1728 1299 1771 tumentibus'
1321 1745 1351 1771 e.
1379 1745 1415 1782 q.
1443 1743 1470 1770 s.
1524 1730 1583 1769 De
1619 1730 1679 1769 ira
1717 1732 1854 1781 aperte

322 1795 456 1847 agitur
481 1808 517 1832 u.
546 1794 643 1832 574.
669 1814 728 1819 —
753 1792 1038 1843 disrumpetur,
1079 1793 1139 1831 ita
1182 1791 1442 1844 διαρραγῆναι
1483 1789 1634 1829 Graeci.
1683 1789 1854 1829 medius:

323 1853 536 1905 Philippid.
564 1851 665 1892 GAF
690 1852 751 1891 111
775 1866 812 1903 p.
841 1853 938 1901 308,
967 1851 1041 1891 5K
1068 1846 1115 1890 δι’
1143 1847 1190 1890 ὃν
1220 1846 1436 1902 ἀσεβοῦνθ’
1472 1847 1492 1889 ὃ
1522 1847 1668 1896 πέπλος
1697 1844 1872 1901 <δι>ερ-,

323 1913 423 1967 ράγη
462 1911 577 1964 μέσος
614 1912 701 1951 Act.
729 1912 853 1962 apost.
879 1912 899 1950 I
928 1912 980 1950 18
1025 1909 1213 1962 ἐλάκησεν
1250 1908 1384 1962 μέσος,
1422 1907 1487 1948 καὶ
1524 1907 1692 1961 ἐξεχύθη
1727 1907 1856 1947 πάντα

324 1972 368 2012 τὰ
400 1971 599 2024 σπλάγχνα
630 1970 763 2010 αὐτοῦ.
813 1971 945 2010 Verba
969 1970 1115 2009 Lucilii
1146 1971 1219 2010 hoc
1249 1969 1366 2009 modo
1391 1968 1592 2021 iungenda
1617 1970 1725 2007 sunt:
1759 1965 1854 2007 ‘iam

324 2033 603 2082 disrumpetur,
628 2031 780 2070 medius
805 2030 886 2069 iam
913 2030 1189 2079 disrumpetur,
1215 2042 1305 2068 eum
1330 2041 1451 2067 uenas
1477 2028 1604 2067 omnis
1624 2027 1855 2076 extenderit,

324 2094 371 2131 ut
399 2092 554 2130 Marsus
586 2090 767 2129 colubras
799 2091 919 2129 cantu
956 2086 1196 2139 disrumpit':
1237 2101 1376 2139 nempe
1414 2089 1695 2138 comparantur
1731 2100 1854 2126 uenae

326 2151 521 2203 anguibus
564 2149 707 2189 naenia
749 2150 872 2188 Marsi
914 2148 1276 2188 intumescentibus.
1344 2147 1404 2186 De
1440 2147 1661 2186 Marsorum
1703 2146 1855 2186 naeniis

324 2211 490 2262 magicis
515 2210 654 2249 Horat.
681 2209 791 2260 epod.
818 2209 934 2248 XVII
961 2210 1014 2247 29
1043 2207 1158 2247 Ouid.
1184 2208 1273 2247 fast.
1299 2207 1357 2245 VI
1386 2208 1467 2245 142
1495 2208 1568 2245 art.
1595 2219 1670 2244 am.
1695 2206 1737 2245 II
1758 2207 1855 2255 102,

326 2271 374 2309 de
392 2270 535 2309 Marsis
561 2269 751 2320 anguium
777 2268 1039 2308 domitoribus
1064 2267 1181 2319 Verg.
1208 2267 1305 2306 Aen.
1331 2266 1410 2305 VII
1438 2267 1522 2305 750
1549 2265 1618 2304 Sil.
1643 2265 1744 2304 Vm
1770 2266 1853 2304 496

327 2330 435 2368 Seru.
463 2329 513 2368 ad
538 2329 655 2380 Verg.
682 2329 706 2367 1.
733 2341 761 2367 s.
788 2327 886 2367 Gell.
914 2327 1007 2366 XVI
1037 2329 1103 2377 11,
1131 2329 1173 2365 1:
1217 2326 1406 2376 Pompon.
1436 2324 1569 2365 118ss
1610 2322 1772 2376 ‘Mirum
1814 2324 1855 2363 ni

325 2391 422 2429 haec
443 2389 576 2428 Marsa
601 2390 673 2437 est,
697 2389 738 2426 in
764 2387 943 2437 colubras
970 2387 1089 2426 callet
1114 2382 1422 2440 cantiunculam'
1445 2384 1559 2424 Ouid.
1584 2384 1684 2423 med.
1704 2384 1777 2423 fac.
1800 2384 1854 2422 39

328 2447 414 2488 ‘nec
444 2449 596 2488 mediae
620 2448 763 2486 Marsis
794 2447 998 2486 finduntur
1022 2446 1202 2486 cantibus
1229 2442 1390 2497 angues’
1419 2458 1537 2495 quem
1561 2445 1694 2483 locum
1720 2443 1857 2482 attulit

329 2509 371 2547 F.
392 2509 538 2548 Dousa.

447 2563 557 2607 577.
588 2566 740 2606 Nonius
765 2580 802 2616 p.
826 2568 891 2615 19,
914 2567 937 2604 2
967 2563 1206 2604 ‘Nebulones
1232 2566 1272 2603 et
1296 2563 1544 2603 tenebriones
1570 2563 1667 2602 dicti
1691 2564 1785 2602 sunt
1800 2593 1806 2600 .
1824 2592 1855 2600 ..

327 2628 431 2666 idem
462 2628 529 2666 lib.
555 2627 626 2665 XX
660 2623 862 2677 “nugator
893 2626 1043 2664 cuidem
1068 2656 1075 2663 .
1104 2655 1111 2662 .
1140 2655 1147 2662 .
1173 2620 1361 2663 mult0”.’
1424 2624 1544 2662 Recte
1580 2621 1856 2661 Lachmannus
1920 2654 1926 2660 .

328 2689 391 2726 cui
421 2687 526 2726 dem:
557 2686 651 2726 conf
663 2685 823 2725 *Seneca
854 2685 902 2724 de
933 2684 1059 2723 benef.
1084 2683 1147 2723 III
1175 2685 1242 2733 11,
1271 2686 1291 2722 1
1328 2679 1434 2721 ‘Non
1465 2683 1624 2733 poterat
1653 2681 1735 2721 illis
1767 2680 1857 2730 dici,

330 2746 433 2796 quod
463 2745 652 2785 beneficia
677 2744 862 2784 dantibus
900 2744 1061 2783 dicitur:
1101 2740 1208 2782 “Cui
1239 2743 1324 2792 des,
1361 2744 1479 2794 elige:
1516 2738 1601 2793 ipse
1637 2743 1785 2790 tecum,
1823 2741 1857 2780 si

329 2806 514 2856 deceptus
540 2817 592 2854 es,
618 2817 798 2855 querere3
830 2804 994 2855 dignum
1019 2799 1225 2842 adiuua''.'
1276 2802 1368 2841 Alio
1394 2814 1512 2841 sensu
1537 2813 1653 2851 saepe
1681 2801 1725 2839 in
1750 2799 1857 2839 Cice-

328 2866 450 2904 ronis
473 2865 670 2915 epistulis:
709 2863 758 2903 ad
784 2864 867 2903 Att.
893 2863 934 2902 H
962 2864 1027 2912 19,
1056 2864 1079 2901 5
1115 2860 1164 2902 ‘si
1193 2862 1420 2913 perfidelem
1449 2860 1618 2909 habebo,
1655 2861 1720 2899 cui
1755 2859 1856 2908 dem,

330 2925 499 2964 scribam
534 2925 653 2974 plane
691 2921 837 2963 omnia’
871 2923 950 2961 VII
977 2924 1014 2972 9,
1042 2925 1063 2961 1
1107 2919 1156 2961 ‘si
1198 2921 1367 2969 habebo,
1411 2921 1474 2960 cui
1516 2920 1622 2969 dem,
1665 2915 1854 2958 cottidie’.

331 2983 419 3029 Qua
444 2983 491 3022 de
515 2996 558 3022 re
583 2984 737 3035 agatur,
762 2982 924 3021 dubium
950 2984 1026 3021 est:
1052 2983 1153 3020 clare.
1172 2993 1289 3032 saepe
1314 2980 1505 3020 obscaeno
1531 2979 1717 3030 usurpari
1742 2990 1857 3017 sensu
