2060 3444
278 264 365 306 224
837 262 956 298 XXVI
980 275 1016 298 u.
1044 266 1243 299 599—603.

276 377 576 425 inperfunditie:
602 375 706 425 quod
731 375 931 427 intellegis
962 376 1050 415 coll'.
1077 375 1127 414 ad
1152 376 1245 415 Her.
1264 376 1322 414 IV
1350 377 1417 426 10,
1446 379 1499 415 14
1530 374 1591 416 ‘ut
1620 374 1724 417 forte
1748 378 1814 417 hic

276 438 318 474 in
349 437 511 475 balneas
543 436 667 484 uenit,
699 436 846 485 coepit,
887 437 1101 486 postquam
1131 436 1313 486 perfusus
1345 437 1414 486 est,
1446 436 1641 484 defricari,
1673 437 1814 477 deinde

277 496 347 534 ubi
371 497 502 534 uisum
528 498 598 544 est,
624 497 670 533 ut
693 496 735 533 in
762 495 920 533 alueum
940 493 1205 534 descenderet'
1227 495 1318 534 inde
1336 497 1525 545 perfusor
1545 495 1628 535 CIL
1649 496 1707 534 IV
1727 498 1814 536 840
1881 547 1883 549 Ι

280 555 429 605 Colloq.
456 555 607 593 Monac.
637 553 734 593 OGL
761 554 822 592 III
847 569 885 605 p.
907 556 990 593 652
1024 555 1123 593 med.
1158 552 1364 605 ‘perfunde
1395 557 1445 594 te.
1477 553 1660 606 perfudi'.

398 609 509 655 601.
541 615 696 653 Nonius
734 629 771 665 p.
794 615 898 664 502,
925 617 950 653 8
991 611 1269 654 ‘Accusatiuus
1306 627 1378 665 pro
1418 615 1567 654 datiuo.
1636 616 1814 655 Lucilius

279 675 345 713 lib.
366 674 497 712 XXVI
531 671 830 724 “suspendatne
857 704 865 712 .
887 704 894 712 .
917 704 925 713 .
951 674 1104 713 caelum
1141 671 1313 714 ‘uiuat''.’
1377 674 1544 714 Versum
1585 677 1815 725 corruptum

279 747 357 773 non
390 747 472 773 esse
503 736 678 772 testatur
709 747 963 772 numerorum
995 734 1090 773 ordo
1122 736 1386 785 incorruptus,
1418 748 1544 785 neque
1576 737 1681 774 enim
1707 736 1814 786 quic-

280 806 400 844 quam
443 794 534 832 miri
578 795 639 832 est
681 795 723 832 in
766 794 880 833 hiatu
923 794 1190 844 monosyllabi
1233 794 1404 833 admisso
1446 795 1487 832 in
1532 795 1635 833 thesi
1672 795 1814 834 soluta.

280 853 487 892 Deliberat
516 853 694 903 Antiopa
732 855 867 892 utrum
900 866 939 892 se
971 854 1205 904 suspendat,
1237 866 1287 892 an
1319 850 1359 892 in
1392 854 1570 904 gladium
1600 854 1817 905 incumbat,

279 927 328 952 ne
360 914 512 953 caelum
543 913 665 952 bibat.
731 912 892 952 Caelum
929 913 1166 952 uocabulum
1198 913 1387 952 Latinum
1425 915 1508 953 eius
1540 914 1712 953 notionis
1744 916 1816 963 est,

281 987 401 1023 quani
433 972 593 1012 Graecis
625 973 806 1011 solebant
836 973 1040 1012 uocabulis
1069 975 1285 1023 nominare,
1317 973 1452 1023 qualia
1483 976 1576 1012 sunt
1601 986 1669 1012 aer
1694 986 1816 1013 aura:

269 1032 521 1084 quamquam
565 1035 706 1072 neutro
750 1033 943 1071 uocabulo
985 1032 1176 1071 Catonem
1220 1034 1278 1071 uti
1311 1033 1492 1071 uidemus
1533 1034 1572 1071 in
1611 1033 1724 1073 libris
1768 1033 1816 1072 de

281 1094 368 1144 agri
400 1094 556 1132 cultura
588 1095 628 1130 ct
659 1092 783 1131 uerba
814 1094 911 1143 orig.
939 1093 1078 1144 fmgm.
1105 1093 1145 1130 II
1173 1094 1228 1131 20
1261 1092 1391 1131 Seruii
1422 1094 1555 1143 potius
1587 1105 1669 1132 esse
1696 1105 1815 1143 quam

283 1152 444 1191 Catonis
488 1153 572 1190 iure
609 1164 680 1191 suo
721 1152 859 1191 scribit
895 1152 1089 1191 Iordanus
1127 1153 1167 1190 in
1206 1152 1338 1191 adnot.
1405 1153 1547 1203 Itaque
1583 1164 1632 1191 ne
1668 1153 1816 1192 caelum

282 1213 388 1251 bibat
429 1225 475 1250 ex
518 1212 724 1263 tragoedia
767 1212 926 1250 uidetur
968 1225 1051 1251 esse
1094 1214 1314 1262 sumptum:
1358 1225 1450 1251 nam
1495 1211 1636 1251 Graeci
1680 1212 1817 1251 dicunt

281 1271 350 1312 τὸν
387 1270 482 1324 ἀέρα
519 1269 661 1311 ἕλκεινε
699 1271 864 1310 Philem.
895 1273 977 1310 119
1008 1271 1179 1310 OAFII
1209 1285 1246 1321 p.
1269 1272 1404 1312 5151<
1448 1271 1516 1311 τὸν
1559 1271 1680 1311 αὐτὸν
1722 1269 1817 1326 ἀέρα

282 1330 467 1384 ἕτέροισιν
511 1329 631 1378 ἕλκεις
668 1331 878 1381 Philyllios
913 1331 1074 1382 201p.
1105 1332 1186 1370 787
1226 1331 1294 1370 τὸν
1338 1329 1417 1382 ἀέρ’
1462 1329 1586 1370 ἕλκειν
1636 1331 1816 1385 καθαρόν

281 1392 447 1430 Aristot.
475 1391 522 1429 de
548 1393 649 1440 part.
671 1392 790 1429 anim.
810 1391 851 1429 Π
874 1392 925 1429 16
947 1405 984 1441 p.
1008 1391 1091 1430 659
1114 1404 1136 1429 a
1159 1393 1212 1430 10
1239 1385 1325 1430 οἷον
1351 1385 1424 1430 οὖν
1443 1393 1525 1438 τοῖς
1550 1391 1815 1443 κολυμβηταῖς

283 1450 380 1490 ἔνιοι
411 1450 510 1503 πρὸς
551 1449 624 1502 τὴν
655 1448 863 1501 ἀναπνοὴν
894 1448 1042 1503 ὄργανα
1072 1451 1316 1503 πορίζονται,
1349 1450 1414 1489 ἴνα
1444 1450 1571 1490 πολὺν
1602 1449 1744 1504 χρόνον
1775 1448 1818 1490 ἐν

282 1512 330 1567 τῇ
367 1510 542 1566 θαλάττῃ
581 1508 763 1561 μένοντες
801 1508 965 1549 ἕλκωσιν
1002 1509 1151 1557 ἔξωθεν
1187 1515 1257 1549 τοῦ
1289 1508 1412 1563 ὑγροῦ
1444 1509 1510 1549 διὰ
1540 1515 1609 1549 τοῦ
1641 1507 1815 1564 ὀργάνου

282 1569 350 1609 τὸν
376 1567 488 1622 ἀέρας
513 1571 610 1608 item
637 1567 760 1608 ἕλκειν
786 1571 1016 1620 saepissime
1036 1572 1095 1609 est
1115 1570 1248 1609 bibme.
1301 1569 1405 1608 Oonf
1420 1570 1536 1622 Verg.
1557 1570 1654 1609 Aen.
1674 1569 1710 1608 X
1731 1569 1815 1608 898

284 1627 346 1668 ‘ut
374 1642 490 1669 auras
516 1630 733 1679 suspiciens
758 1630 892 1668 hausit
926 1626 1093 1668 caelum’
1122 1629 1224 1668 unde
1256 1629 1404 1668 similia
1434 1630 1570 1668 quen.
1591 1629 1653 1668 ΙΠ
1679 1630 1734 1668 84
1760 1629 1818 1667 VI

286 1691 381 1729 306.
438 1689 592 1728 caelum
617 1702 688 1739 pro
715 1702 804 1728 aere
835 1690 929 1740 poni
961 1702 1023 1739 ap.
1045 1688 1124 1729 Cic.
1151 1690 1198 1728 de
1227 1689 1331 1728 deor.
1357 1691 1438 1728 nat.
1460 1690 1499 1728 II
1528 1690 1595 1740 16,
1622 1690 1676 1728 42
1704 1689 1819 1728 docet

284 1750 436 1788 Nonius
467 1763 504 1799 p.
528 1749 625 1799 263,
659 1750 725 1787 24.

403 1804 514 1848 602.
564 1809 718 1847 Nonius
767 1822 804 1859 p.
835 1810 936 1858 186,
970 1810 1023 1848 32
1071 1806 1276 1858 ‘Vescum,
1325 1810 1541 1859 minutum,
1597 1809 1818 1848 obscurum.

283 1869 460 1907 Lucilius
497 1868 564 1907 lib.
584 1868 715 1906 XXVI
754 1865 906 1919 “quam
944 1868 1194 1908 fastidiosum
1233 1881 1278 1908 ac
1316 1881 1475 1908 uescum
1511 1869 1670 1917 fastidio
1709 1863 1819 1923 (cum

284 1928 447 1967 fastidio
470 1923 524 1981 G)
552 1925 745 1967 uiuere'’.'
798 1927 950 1967 Gellius
978 1928 1153 1979 Sulpicio
1173 1928 1407 1978 Apollinare
1433 1930 1592 1967 auctore
1618 1928 1712 1966 XVI
1733 1929 1770 1978 5,
1793 1929 1816 1966 7

285 1985 431 2026 ‘Aliter
474 1989 576 2026 enim
621 1987 827 2026 Lucretius
866 1983 905 2041 (Ι
932 1983 1036 2042 326)
1081 2000 1239 2026 uescum
1283 1988 1406 2027 salem
1450 1987 1548 2027 dicit
1590 2001 1637 2027 ex
1678 1987 1819 2027 edendi

285 2048 522 2098 intentione,
561 2047 678 2085 aliter
714 2046 890 2086 Lucilius
928 2059 1088 2086 uescum
1127 2048 1305 2098 appellat
1336 2060 1425 2086 cum
1457 2047 1597 2086 edendi
1627 2044 1817 2087 fastidio’.

284 2107 496 2146 Hominem
540 2108 675 2156 aperte
719 2106 917 2159 significat
961 2105 1112 2146 Gellius
1154 2106 1259 2157 apud
1302 2106 1499 2145 Lucilium
1542 2107 1693 2146 dictum
1736 2109 1819 2145 e‘sse

284 2179 442 2205 ueseum
485 2178 572 2205 cum
617 2165 753 2205 edendi
788 2167 966 2214 fastidio,
1004 2167 1029 2205 i.
1051 2179 1081 2205 e.
1118 2178 1214 2217 prae
1254 2166 1387 2205 taedio
1423 2166 1610 2204 ieiunum.
1671 2166 1818 2205 Versus

285 2227 447 2265 initium
473 2238 613 2264 sanum
639 2238 721 2265 esse
746 2228 919 2265 testatur
943 2238 1105 2265 caesura
1129 2238 1244 2265 sana:
1268 2227 1430 2275 fastidio
1449 2226 1566 2264 eiecit
1588 2224 1818 2265 Gerlachius

287 2287 418 2325 ortum
450 2287 542 2336 post
572 2297 730 2324 uescum
756 2299 802 2323 ex
828 2286 1088 2325 similitudine
1119 2285 1228 2325 initii
1251 2298 1401 2325 uersus.
1459 2282 1608 2325 ‘Satius
1639 2286 1699 2325 est
1717 2286 1820 2324 mori

286 2359 406 2396 quam
438 2345 689 2384 fastidiosum
721 2358 767 2384 ac
798 2358 957 2385 uescum
982 2343 1132 2384 uiuere’
1160 2346 1388 2385 enuntiarat
1413 2344 1590 2396 Antiopa
1613 2347 1819 2396 tamquam

286 2405 534 2445 sententiam.
1101 2417 1103 2419 ·

407 2459 518 2505 603.
544 2465 700 2504 Nonius
724 2479 762 2516 p.
784 2466 882 2516 499,
905 2466 957 2504 18
986 2462 1173 2504 ‘Datiuus
1191 2478 1263 2515 pro
1283 2465 1523 2504 accusatiuo.
1555 2495 1563 2503 .
1586 2495 1593 2503 .
1615 2495 1623 2503 .
1643 2463 1819 2503 Lucilius

287 2525 354 2563 lib.
381 2524 512 2563 XXVI
557 2521 623 2564 “si
751 2526 949 2574 superiore
991 2525 1071 2563 loco
1113 2520 1386 2564 conlocauit''.’
1466 2523 1647 2563 Adnotat
1694 2523 1819 2563 Lach-

287 2597 455 2623 mannus
486 2584 662 2623 Nonium
691 2586 768 2633 ipsi
805 2585 986 2623 datiuum
1027 2596 1110 2623 esse
1139 2585 1364 2635 putauisse,
1395 2583 1501 2622 idem
1530 2583 1746 2623 Muellerus
1762 2627 1763 2630 Ἴ
1777 2583 1820 2622 in

288 2644 411 2683 Nonii
441 2643 533 2682 edit.
595 2644 725 2695 Plaut.
746 2644 860 2694 Epid.
884 2645 969 2683 534
1002 2641 1119 2694 ‘quae
1159 2645 1248 2694 ipsa
1279 2656 1320 2683 se
1350 2640 1588 2683 miseratur'.
1649 2642 1821 2682 Videtur

287 2705 407 2753 poeta
438 2715 555 2754 agere
586 2703 635 2742 de
666 2704 1006 2743 commiseratione
1033 2705 1251 2742 oratorum:
1283 2704 1377 2742 conf
1405 2702 1483 2742 Cic.
1503 2703 1551 2741 de
1581 2716 1635 2742 or.
1654 2702 1696 2741 Π
1724 2703 1818 2741 196.

292 2765 374 2802 197
415 2760 562 2809 ‘Quam
599 2763 649 2802 ob
685 2777 765 2802 rem
804 2763 879 2802 hoc
916 2776 986 2802 uos
1024 2762 1161 2812 doceo,
1200 2762 1369 2813 Sulpici,
1401 2793 1409 2801 .
1432 2793 1469 2801 ..
1500 2764 1547 2801 ut
1581 2763 1625 2800 in
1655 2762 1820 2801 dicendo

288 2824 424 2872 irasci,
460 2824 508 2861 ut
538 2822 687 2872 dolere,
723 2824 771 2862 ut
806 2823 899 2861 flere
935 2823 1107 2872 possitis.
1170 2821 1419 2872 Quamquam
1455 2824 1495 2860 te
1533 2821 1690 2872 quidem
1723 2821 1819 2871 quid

208 2890 214 2894 ·
288 2883 363 2921 hoc
393 2882 567 2931 doceam,
598 2884 668 2932 qui
698 2883 740 2921 in
772 2882 990 2922 accusando
1020 2882 1148 2921 sodali
1177 2895 1264 2921 meo
1295 2883 1454 2921 tantum
1484 2881 1713 2920 incendium
1741 2893 1820 2919 non

290 2942 468 2980 oratione
504 2942 649 2991 solum,
687 2942 754 2981 sed
791 2943 914 2981 etiam
950 2942 1078 2981 multo
1113 2941 1241 2993 magis
1277 2942 1321 2980 ui
1357 2943 1398 2980 et
1433 2941 1567 2980 dolore
1604 2942 1644 2979 et
1680 2940 1821 2979 ardore

291 3001 415 3039 animi
440 3002 672 3050 concitaras,
697 3003 743 3040 ut
768 3014 839 3052 ego
866 3001 917 3040 ad
936 3001 976 3039 id
1001 3000 1326 3053 restinguendum
1344 3001 1413 3039 uix
1430 3013 1594 3039 conarer
1611 2997 1821 3040 accedere?
