<?xml version="1.0" encoding="UTF-8"?>
<!DOCTYPE html PUBLIC "-//W3C//DTD XHTML 1.0 Transitional//EN"
    "http://www.w3.org/TR/xhtml1/DTD/xhtml1-transitional.dtd">
<html xmlns="http://www.w3.org/1999/xhtml" xml:lang="en" lang="en">
 <head>
  <title>
</title>
<meta http-equiv="Content-Type" content="text/html;charset=utf-8" />
  <meta name='ocr-system' content='tesseract 3.04.00' />
  <meta name='ocr-capabilities' content='ocr_page ocr_carea ocr_par ocr_line ocrx_word'/>
</head>
<body>
  <div class='ocr_page' id='page_1' title='image "./carminumreliquia02luciuoft_0231.png"; bbox 0 0 2060 3444; ppageno 0'>
   <div class='ocr_carea' id='block_1_1' title="bbox 922 311 1831 355">
    <p class='ocr_par' dir='ltr' id='par_1_1' title="bbox 922 311 1831 355">
     <span class='ocr_line' id='line_1_1' title="bbox 922 311 1831 355; baseline 0.009 -8"><span class='ocrx_word' id='word_1_1' title='bbox 922 312 1008 348; x_wconf 85' lang='lat' dir='ltr'><strong>XVI</strong></span> <span class='ocrx_word' id='word_1_2' title='bbox 1032 323 1070 353; x_wconf 83' lang='lat' dir='ltr'><strong>u.</strong></span> <span class='ocrx_word' id='word_1_3' title='bbox 1096 315 1175 348; x_wconf 82' lang='lat'><strong>527.</strong></span> <span class='ocrx_word' id='word_1_4' title='bbox 1747 311 1831 355; x_wconf 87' lang='lat'><strong>199</strong></span> 
     </span>
    </p>
   </div>
   <div class='ocr_carea' id='block_1_2' title="bbox 269 420 1831 2531">
    <p class='ocr_par' dir='ltr' id='par_1_2' title="bbox 269 420 1831 2531">
     <span class='ocr_line' id='line_1_2' title="bbox 271 420 1829 479; baseline 0.001 -14"><span class='ocrx_word' id='word_1_5' title='bbox 271 440 374 479; x_wconf 42' lang='grc' dir='ltr'><strong>μποιο</strong></span> <span class='ocrx_word' id='word_1_6' title='bbox 389 426 514 479; x_wconf 87' lang='grc' dir='ltr'><strong><em>’μενοι</em></strong></span> <span class='ocrx_word' id='word_1_7' title='bbox 569 424 747 476; x_wconf 79' lang='grc' dir='ltr'><strong><em>ἔκνεφίαι</em></strong></span> <span class='ocrx_word' id='word_1_8' title='bbox 813 427 1042 466; x_wconf 81' lang='grc' dir='ltr'><strong><em>καλοῦνται;</em></strong></span> <span class='ocrx_word' id='word_1_9' title='bbox 1105 426 1206 466; x_wconf 88' lang='lat' dir='ltr'><strong>adde</strong></span> <span class='ocrx_word' id='word_1_10' title='bbox 1262 425 1464 465; x_wconf 83' lang='lat' dir='ltr'><strong>meteorol.</strong></span> <span class='ocrx_word' id='word_1_11' title='bbox 1497 426 1523 478; x_wconf 92' lang='grc' dir='ltr'>β</span> <span class='ocrx_word' id='word_1_12' title='bbox 1554 439 1591 477; x_wconf 90' lang='lat' dir='ltr'><strong>p.</strong></span> <span class='ocrx_word' id='word_1_13' title='bbox 1627 420 1745 465; x_wconf 57' lang='grc' dir='ltr'><strong>366ᾖ</strong></span> <span class='ocrx_word' id='word_1_14' title='bbox 1774 427 1829 466; x_wconf 89' lang='lat'><strong>33</strong></span> 
     </span>
     <span class='ocr_line' id='line_1_3' title="bbox 284 442 1831 538; baseline 0 -12"><span class='ocrx_word' id='word_1_15' title='bbox 284 442 408 537; x_wconf 48' lang='lat' dir='ltr'><strong>prolis.</strong></span> <span class='ocrx_word' id='word_1_16' title='bbox 434 501 480 535; x_wconf 99' lang='grc' dir='ltr'><strong>κς</strong></span> <span class='ocrx_word' id='word_1_17' title='bbox 506 501 543 538; x_wconf 89' lang='lat' dir='ltr'><strong>p.</strong></span> <span class='ocrx_word' id='word_1_18' title='bbox 571 481 684 526; x_wconf 71' lang='lat'><strong>940¹&gt;</strong></span> <span class='ocrx_word' id='word_1_19' title='bbox 712 488 779 526; x_wconf 89' lang='lat'><strong>30.</strong></span> <span class='ocrx_word' id='word_1_20' title='bbox 831 486 932 525; x_wconf 91' lang='lat' dir='ltr'><strong>Plin.</strong></span> <span class='ocrx_word' id='word_1_21' title='bbox 959 488 1041 526; x_wconf 84' lang='lat' dir='ltr'><strong>nat.</strong></span> <span class='ocrx_word' id='word_1_22' title='bbox 1068 486 1160 526; x_wconf 87' lang='lat' dir='ltr'><strong>hist.</strong></span> <span class='ocrx_word' id='word_1_23' title='bbox 1187 486 1229 525; x_wconf 89' lang='lat' dir='ltr'><strong>H</strong></span> <span class='ocrx_word' id='word_1_24' title='bbox 1258 487 1339 525; x_wconf 88' lang='lat'><strong>131</strong></span> <span class='ocrx_word' id='word_1_25' title='bbox 1371 482 1503 525; x_wconf 77' lang='lat' dir='ltr'><strong>‘Nunc</strong></span> <span class='ocrx_word' id='word_1_26' title='bbox 1534 486 1583 526; x_wconf 89' lang='lat' dir='ltr'><strong>de</strong></span> <span class='ocrx_word' id='word_1_27' title='bbox 1611 487 1831 537; x_wconf 75' lang='lat' dir='ltr'><strong>repentinis</strong></span> 
     </span>
     <span class='ocr_line' id='line_1_4' title="bbox 284 546 1831 598; baseline 0.001 -13"><span class='ocrx_word' id='word_1_28' title='bbox 284 546 443 588; x_wconf 84' lang='lat' dir='ltr'><strong>flatibus</strong></span> <span class='ocrx_word' id='word_1_29' title='bbox 471 548 542 598; x_wconf 92' lang='lat' dir='ltr'><strong>qui</strong></span> <span class='ocrx_word' id='word_1_30' title='bbox 567 547 777 586; x_wconf 73' lang='lat' dir='ltr'>exhalante</span> <span class='ocrx_word' id='word_1_31' title='bbox 804 549 923 597; x_wconf 86' lang='lat' dir='ltr'><strong>terra,</strong></span> <span class='ocrx_word' id='word_1_32' title='bbox 949 549 996 586; x_wconf 92' lang='lat' dir='ltr'><strong>ut</strong></span> <span class='ocrx_word' id='word_1_33' title='bbox 1021 547 1172 586; x_wconf 84' lang='lat' dir='ltr'><strong>dictum</strong></span> <span class='ocrx_word' id='word_1_34' title='bbox 1193 547 1264 597; x_wconf 86' lang='lat' dir='ltr'><strong>est,</strong></span> <span class='ocrx_word' id='word_1_35' title='bbox 1290 546 1417 586; x_wconf 85' lang='lat' dir='ltr'><strong>coorti</strong></span> <span class='ocrx_word' id='word_1_36' title='bbox 1439 559 1655 597; x_wconf 85' lang='lat' dir='ltr'><strong>rursusque</strong></span> <span class='ocrx_word' id='word_1_37' title='bbox 1675 546 1831 597; x_wconf 80' lang='lat' dir='ltr'><strong>deiecti,</strong></span> 
     </span>
     <span class='ocr_line' id='line_1_5' title="bbox 284 606 1829 659; baseline 0.001 -14"><span class='ocrx_word' id='word_1_38' title='bbox 284 607 445 647; x_wconf 87' lang='lat' dir='ltr'><strong>interim</strong></span> <span class='ocrx_word' id='word_1_39' title='bbox 477 607 650 647; x_wconf 87' lang='lat' dir='ltr'><strong>obducta</strong></span> <span class='ocrx_word' id='word_1_40' title='bbox 680 607 846 657; x_wconf 78' lang='lat' dir='ltr'><strong>nubium</strong></span> <span class='ocrx_word' id='word_1_41' title='bbox 879 608 969 649; x_wconf 83' lang='lat' dir='ltr'><strong>cute</strong></span> <span class='ocrx_word' id='word_1_42' title='bbox 997 607 1264 647; x_wconf 76' lang='lat' dir='ltr'><strong>multiformes</strong></span> <span class='ocrx_word' id='word_1_43' title='bbox 1291 607 1498 646; x_wconf 84' lang='lat' dir='ltr'><strong>exsistunt.</strong></span> <span class='ocrx_word' id='word_1_44' title='bbox 1549 606 1656 659; x_wconf 87' lang='lat' dir='ltr'><strong>Vagi</strong></span> <span class='ocrx_word' id='word_1_45' title='bbox 1682 608 1829 658; x_wconf 86' lang='lat' dir='ltr'><strong>quippe</strong></span> 
     </span>
     <span class='ocr_line' id='line_1_6' title="bbox 283 661 1829 722; baseline 0 -16"><span class='ocrx_word' id='word_1_46' title='bbox 283 669 324 706; x_wconf 90' lang='lat' dir='ltr'><strong>et</strong></span> <span class='ocrx_word' id='word_1_47' title='bbox 354 668 512 708; x_wconf 90' lang='lat' dir='ltr'><strong>ruentes</strong></span> <span class='ocrx_word' id='word_1_48' title='bbox 544 669 786 708; x_wconf 88' lang='lat' dir='ltr'><strong>torrentium</strong></span> <span class='ocrx_word' id='word_1_49' title='bbox 817 667 936 707; x_wconf 88' lang='lat' dir='ltr'><strong>modo</strong></span> <span class='ocrx_word' id='word_1_50' title='bbox 970 662 1036 722; x_wconf 87' lang='lat' dir='ltr'><strong>(ut</strong></span> <span class='ocrx_word' id='word_1_51' title='bbox 1068 668 1214 719; x_wconf 86' lang='lat' dir='ltr'><strong>aliquis</strong></span> <span class='ocrx_word' id='word_1_52' title='bbox 1245 667 1403 719; x_wconf 89' lang='lat' dir='ltr'><strong>placere</strong></span> <span class='ocrx_word' id='word_1_53' title='bbox 1435 661 1700 721; x_wconf 70' lang='lat' dir='ltr'><strong>ostendimus)</strong></span> <span class='ocrx_word' id='word_1_54' title='bbox 1726 669 1829 707; x_wconf 91' lang='lat' dir='ltr'><strong>toni-</strong></span> 
     </span>
     <span class='ocr_line' id='line_1_7' title="bbox 282 727 1831 781; baseline 0 -13"><span class='ocrx_word' id='word_1_55' title='bbox 282 730 374 768; x_wconf 84' lang='lat' dir='ltr'><strong>trua</strong></span> <span class='ocrx_word' id='word_1_56' title='bbox 405 729 444 768; x_wconf 91' lang='lat' dir='ltr'><strong>et</strong></span> <span class='ocrx_word' id='word_1_57' title='bbox 474 728 637 781; x_wconf 85' lang='lat' dir='ltr'><strong>fulgura</strong></span> <span class='ocrx_word' id='word_1_58' title='bbox 668 728 803 767; x_wconf 87' lang='lat' dir='ltr'><strong>edunt.</strong></span> <span class='ocrx_word' id='word_1_59' title='bbox 853 727 1006 767; x_wconf 82' lang='lat' dir='ltr'><strong>Maiore</strong></span> <span class='ocrx_word' id='word_1_60' title='bbox 1038 741 1133 768; x_wconf 90' lang='lat' dir='ltr'><strong>uero</strong></span> <span class='ocrx_word' id='word_1_61' title='bbox 1164 728 1284 768; x_wconf 85' lang='lat' dir='ltr'><strong>inlati</strong></span> <span class='ocrx_word' id='word_1_62' title='bbox 1315 727 1489 778; x_wconf 89' lang='lat' dir='ltr'><strong>pondere</strong></span> <span class='ocrx_word' id='word_1_63' title='bbox 1523 728 1763 778; x_wconf 86' lang='lat' dir='ltr'><strong>incursuque</strong></span> <span class='ocrx_word' id='word_1_64' title='bbox 1795 730 1831 768; x_wconf 92' lang='lat' dir='ltr'><strong>si</strong></span> 
     </span>
     <span class='ocr_line' id='line_1_8' title="bbox 281 788 1830 841; baseline 0 -13"><span class='ocrx_word' id='word_1_65' title='bbox 281 788 363 828; x_wconf 82' lang='lat' dir='ltr'><strong>late</strong></span> <span class='ocrx_word' id='word_1_66' title='bbox 406 789 552 828; x_wconf 84' lang='lat' dir='ltr'><strong>siccam</strong></span> <span class='ocrx_word' id='word_1_67' title='bbox 595 801 738 839; x_wconf 90' lang='lat' dir='ltr'><strong>rupere</strong></span> <span class='ocrx_word' id='word_1_68' title='bbox 781 788 929 828; x_wconf 90' lang='lat' dir='ltr'><strong>nubem</strong></span> <span class='ocrx_word' id='word_1_69' title='bbox 971 789 1191 840; x_wconf 83' lang='lat' dir='ltr'><strong>procellam</strong></span> <span class='ocrx_word' id='word_1_70' title='bbox 1234 789 1407 841; x_wconf 88' lang='lat' dir='ltr'><strong>gignunt</strong></span> <span class='ocrx_word' id='word_1_71' title='bbox 1451 800 1555 839; x_wconf 91' lang='lat' dir='ltr'><strong>quae</strong></span> <span class='ocrx_word' id='word_1_72' title='bbox 1598 790 1768 829; x_wconf 86' lang='lat' dir='ltr'><strong>uocatur</strong></span> <span class='ocrx_word' id='word_1_73' title='bbox 1806 802 1830 828; x_wconf 92' lang='lat' dir='ltr'><strong>a</strong></span> 
     </span>
     <span class='ocr_line' id='line_1_9' title="bbox 281 846 1828 901; baseline 0 -13"><span class='ocrx_word' id='word_1_74' title='bbox 281 847 441 888; x_wconf 83' lang='lat' dir='ltr'><strong>Graecis</strong></span> <span class='ocrx_word' id='word_1_75' title='bbox 473 846 699 900; x_wconf 89' lang='lat' dir='ltr'><strong>ecnephias’</strong></span> <span class='ocrx_word' id='word_1_76' title='bbox 734 848 822 888; x_wconf 85' lang='lat' dir='ltr'><strong>Sen.</strong></span> <span class='ocrx_word' id='word_1_77' title='bbox 849 850 932 888; x_wconf 88' lang='lat' dir='ltr'><strong>nat.</strong></span> <span class='ocrx_word' id='word_1_78' title='bbox 959 850 1110 900; x_wconf 87' lang='lat' dir='ltr'><strong>quaest.</strong></span> <span class='ocrx_word' id='word_1_79' title='bbox 1136 849 1174 887; x_wconf 93' lang='lat' dir='ltr'><strong>V</strong></span> <span class='ocrx_word' id='word_1_80' title='bbox 1202 851 1256 888; x_wconf 82' lang='lat'><strong>12</strong></span> <span class='ocrx_word' id='word_1_81' title='bbox 1291 846 1413 888; x_wconf 79' lang='lat' dir='ltr'><strong>‘Sunt</strong></span> <span class='ocrx_word' id='word_1_82' title='bbox 1445 848 1644 899; x_wconf 83' lang='lat' dir='ltr'><strong>quaedam</strong></span> <span class='ocrx_word' id='word_1_83' title='bbox 1681 862 1828 901; x_wconf 86' lang='lat' dir='ltr'><strong>genera</strong></span> 
     </span>
     <span class='ocr_line' id='line_1_10' title="bbox 279 909 1828 961; baseline 0.002 -14"><span class='ocrx_word' id='word_1_84' title='bbox 279 910 506 959; x_wconf 85' lang='lat' dir='ltr'><strong>uentorum,</strong></span> <span class='ocrx_word' id='word_1_85' title='bbox 537 922 639 960; x_wconf 90' lang='lat' dir='ltr'><strong>quae</strong></span> <span class='ocrx_word' id='word_1_86' title='bbox 671 911 816 960; x_wconf 88' lang='lat' dir='ltr'><strong>ruptae</strong></span> <span class='ocrx_word' id='word_1_87' title='bbox 847 909 973 949; x_wconf 86' lang='lat' dir='ltr'><strong>nubes</strong></span> <span class='ocrx_word' id='word_1_88' title='bbox 1005 911 1046 949; x_wconf 91' lang='lat' dir='ltr'><strong>et</strong></span> <span class='ocrx_word' id='word_1_89' title='bbox 1070 909 1112 948; x_wconf 89' lang='lat' dir='ltr'><strong>in</strong></span> <span class='ocrx_word' id='word_1_90' title='bbox 1137 922 1310 961; x_wconf 88' lang='lat' dir='ltr'><strong>pronum</strong></span> <span class='ocrx_word' id='word_1_91' title='bbox 1336 909 1490 949; x_wconf 87' lang='lat' dir='ltr'><strong>solutae</strong></span> <span class='ocrx_word' id='word_1_92' title='bbox 1516 910 1725 949; x_wconf 76' lang='lat' dir='ltr'><strong>emittuntz</strong></span> <span class='ocrx_word' id='word_1_93' title='bbox 1757 910 1828 950; x_wconf 91' lang='lat' dir='ltr'><strong>hos</strong></span> 
     </span>
     <span class='ocr_line' id='line_1_11' title="bbox 279 966 1828 1021; baseline 0.001 -13"><span class='ocrx_word' id='word_1_94' title='bbox 279 968 420 1008; x_wconf 86' lang='lat' dir='ltr'><strong>Graeci</strong></span> <span class='ocrx_word' id='word_1_95' title='bbox 457 971 597 1009; x_wconf 91' lang='lat' dir='ltr'><strong>uentos</strong></span> <span class='ocrx_word' id='word_1_96' title='bbox 636 969 847 1021; x_wconf 87' lang='lat' dir='ltr'><strong>ecnephias</strong></span> <span class='ocrx_word' id='word_1_97' title='bbox 884 966 1047 1009; x_wconf 88' lang='lat' dir='ltr'><strong>uocant’</strong></span> <span class='ocrx_word' id='word_1_98' title='bbox 1076 984 1107 1009; x_wconf 89' lang='lat' dir='ltr'><strong>e.</strong></span> <span class='ocrx_word' id='word_1_99' title='bbox 1135 984 1171 1021; x_wconf 92' lang='lat' dir='ltr'><strong>q.</strong></span> <span class='ocrx_word' id='word_1_100' title='bbox 1198 983 1227 1010; x_wconf 89' lang='lat' dir='ltr'><strong>s.</strong></span> <span class='ocrx_word' id='word_1_101' title='bbox 1289 970 1433 1020; x_wconf 87' lang='lat' dir='ltr'><strong>Itaque</strong></span> <span class='ocrx_word' id='word_1_102' title='bbox 1472 969 1683 1020; x_wconf 85' lang='lat' dir='ltr'><strong>ecnephias</strong></span> <span class='ocrx_word' id='word_1_103' title='bbox 1720 970 1828 1010; x_wconf 89' lang='lat' dir='ltr'><strong>idem</strong></span> 
     </span>
     <span class='ocr_line' id='line_1_12' title="bbox 279 1029 1827 1082; baseline 0.001 -14"><span class='ocrx_word' id='word_1_104' title='bbox 279 1029 349 1079; x_wconf 90' lang='lat' dir='ltr'><strong>qui</strong></span> <span class='ocrx_word' id='word_1_105' title='bbox 369 1030 477 1081; x_wconf 87' lang='lat' dir='ltr'><strong>apud</strong></span> <span class='ocrx_word' id='word_1_106' title='bbox 497 1043 568 1070; x_wconf 90' lang='lat' dir='ltr'><strong>nos</strong></span> <span class='ocrx_word' id='word_1_107' title='bbox 589 1030 736 1070; x_wconf 81' lang='lat' dir='ltr'><strong>dicitur</strong></span> <span class='ocrx_word' id='word_1_108' title='bbox 754 1030 839 1069; x_wconf 84' lang='lat' dir='ltr'><strong>Boe</strong></span> <span class='ocrx_word' id='word_1_109' title='bbox 858 1031 970 1070; x_wconf 90' lang='lat' dir='ltr'><strong>cuius</strong></span> <span class='ocrx_word' id='word_1_110' title='bbox 989 1030 1145 1082; x_wconf 88' lang='lat' dir='ltr'><strong>generis</strong></span> <span class='ocrx_word' id='word_1_111' title='bbox 1165 1030 1379 1070; x_wconf 89' lang='lat' dir='ltr'><strong>nonnullos</strong></span> <span class='ocrx_word' id='word_1_112' title='bbox 1402 1032 1612 1069; x_wconf 74' lang='lat' dir='ltr'><strong>enumerat</strong></span> <span class='ocrx_word' id='word_1_113' title='bbox 1631 1030 1827 1082; x_wconf 90' lang='lat' dir='ltr'><strong>Theophr.</strong></span> 
     </span>
     <span class='ocr_line' id='line_1_13' title="bbox 278 1088 1826 1142; baseline 0.001 -13"><span class='ocrx_word' id='word_1_114' title='bbox 278 1089 326 1129; x_wconf 87' lang='lat' dir='ltr'><strong>de</strong></span> <span class='ocrx_word' id='word_1_115' title='bbox 364 1090 464 1142; x_wconf 86' lang='lat' dir='ltr'><strong>sign.</strong></span> <span class='ocrx_word' id='word_1_116' title='bbox 499 1091 553 1130; x_wconf 88' lang='grc'><strong>36</strong></span> <span class='ocrx_word' id='word_1_117' title='bbox 576 1092 691 1141; x_wconf 66' lang='lat' dir='ltr'><strong>extu,</strong></span> <span class='ocrx_word' id='word_1_118' title='bbox 735 1092 980 1129; x_wconf 85' lang='lat' dir='ltr'><strong>memoratur</strong></span> <span class='ocrx_word' id='word_1_119' title='bbox 1028 1090 1142 1138; x_wconf 80' lang='grc' dir='ltr'><strong><em>νότος</em></strong></span> <span class='ocrx_word' id='word_1_120' title='bbox 1192 1088 1379 1141; x_wconf 79' lang='grc' dir='ltr'><strong><em>ἐκνεφίας</em></strong></span> <span class='ocrx_word' id='word_1_121' title='bbox 1422 1089 1540 1130; x_wconf 90' lang='lat' dir='ltr'><strong>Diod.</strong></span> <span class='ocrx_word' id='word_1_122' title='bbox 1572 1090 1645 1128; x_wconf 91' lang='lat' dir='ltr'><strong>XX</strong></span> <span class='ocrx_word' id='word_1_123' title='bbox 1679 1091 1753 1141; x_wconf 87' lang='lat'><strong>88,</strong></span> <span class='ocrx_word' id='word_1_124' title='bbox 1789 1093 1826 1130; x_wconf 85' lang='lat'><strong>7.</strong></span> 
     </span>
     <span class='ocr_line' id='line_1_14' title="bbox 277 1149 1827 1204; baseline 0.002 -16"><span class='ocrx_word' id='word_1_125' title='bbox 277 1149 485 1190; x_wconf 87' lang='lat' dir='ltr'><strong>Postremo</strong></span> <span class='ocrx_word' id='word_1_126' title='bbox 510 1150 610 1191; x_wconf 90' lang='lat' dir='ltr'><strong>bene</strong></span> <span class='ocrx_word' id='word_1_127' title='bbox 634 1152 821 1201; x_wconf 86' lang='lat' dir='ltr'><strong>recteque</strong></span> <span class='ocrx_word' id='word_1_128' title='bbox 846 1151 946 1190; x_wconf 87' lang='lat' dir='ltr'><strong>dicit</strong></span> <span class='ocrx_word' id='word_1_129' title='bbox 964 1150 1145 1191; x_wconf 79' lang='lat' dir='ltr'><strong>Lucilius</strong></span> <span class='ocrx_word' id='word_1_130' title='bbox 1171 1149 1482 1204; x_wconf 80' lang='grc' dir='ltr'><strong><em>ὑποκοριστικῶς</em></strong></span> <span class='ocrx_word' id='word_1_131' title='bbox 1506 1151 1601 1190; x_wconf 78' lang='lat' dir='ltr'><strong>istos</strong></span> <span class='ocrx_word' id='word_1_132' title='bbox 1627 1162 1672 1190; x_wconf 78' lang='lat' dir='ltr'><strong>ex</strong></span> <span class='ocrx_word' id='word_1_133' title='bbox 1696 1151 1827 1191; x_wconf 78' lang='lat' dir='ltr'><strong>nimbo</strong></span> 
     </span>
     <span class='ocr_line' id='line_1_15' title="bbox 277 1208 1826 1264; baseline 0.001 -14"><span class='ocrx_word' id='word_1_134' title='bbox 277 1211 471 1257; x_wconf 63' lang='lat' dir='ltr'><strong>amellos,</strong></span> <span class='ocrx_word' id='word_1_135' title='bbox 503 1213 642 1251; x_wconf 85' lang='lat' dir='ltr'><strong>contra</strong></span> <span class='ocrx_word' id='word_1_136' title='bbox 673 1214 853 1251; x_wconf 78' lang='lat' dir='ltr'><strong>austrum</strong></span> <span class='ocrx_word' id='word_1_137' title='bbox 885 1212 1006 1262; x_wconf 87' lang='lat' dir='ltr'><strong>atque</strong></span> <span class='ocrx_word' id='word_1_138' title='bbox 1039 1212 1285 1263; x_wconf 81' lang='lat' dir='ltr'><strong>aquilonem3</strong></span> <span class='ocrx_word' id='word_1_139' title='bbox 1319 1210 1479 1264; x_wconf 84' lang='grc' dir='ltr'><strong><em>μεγάλοι</em></strong></span> <span class='ocrx_word' id='word_1_140' title='bbox 1508 1208 1580 1263; x_wconf 82' lang='grc' dir='ltr'><strong><em>μὲν</em></strong></span> <span class='ocrx_word' id='word_1_141' title='bbox 1604 1209 1678 1264; x_wconf 85' lang='grc' dir='ltr'><strong>γὰρ</strong></span> <span class='ocrx_word' id='word_1_142' title='bbox 1704 1209 1826 1263; x_wconf 76' lang='grc' dir='ltr'><strong><em>ἄμφω</em></strong></span> 
     </span>
     <span class='ocr_line' id='line_1_16' title="bbox 275 1266 1827 1326; baseline 0.001 -17"><span class='ocrx_word' id='word_1_143' title='bbox 275 1269 343 1310; x_wconf 85' lang='grc' dir='ltr'><strong>καὶ</strong></span> <span class='ocrx_word' id='word_1_144' title='bbox 385 1273 568 1311; x_wconf 83' lang='grc' dir='ltr'><strong><em>πλεῖστον</em></strong></span> <span class='ocrx_word' id='word_1_145' title='bbox 610 1269 755 1324; x_wconf 83' lang='grc' dir='ltr'><strong><em>χρόνον</em></strong></span> <span class='ocrx_word' id='word_1_146' title='bbox 797 1269 963 1311; x_wconf 84' lang='grc' dir='ltr'><strong><em>πνέουσι</em></strong></span> <span class='ocrx_word' id='word_1_147' title='bbox 1008 1266 1224 1326; x_wconf 84' lang='lat' dir='ltr'><strong>(Theophr.</strong></span> <span class='ocrx_word' id='word_1_148' title='bbox 1251 1272 1299 1311; x_wconf 88' lang='lat' dir='ltr'><strong>de</strong></span> <span class='ocrx_word' id='word_1_149' title='bbox 1326 1273 1433 1310; x_wconf 90' lang='lat' dir='ltr'><strong>uent.</strong></span> <span class='ocrx_word' id='word_1_150' title='bbox 1459 1271 1480 1310; x_wconf 97' lang='lat' dir='ltr'>I</span> <span class='ocrx_word' id='word_1_151' title='bbox 1508 1266 1554 1326; x_wconf 81' lang='lat'><strong>2)</strong></span> <span class='ocrx_word' id='word_1_152' title='bbox 1600 1271 1741 1311; x_wconf 83' lang='lat' dir='ltr'><strong>boreas</strong></span> <span class='ocrx_word' id='word_1_153' title='bbox 1786 1273 1827 1312; x_wconf 90' lang='lat' dir='ltr'><strong>et</strong></span> 
     </span>
     <span class='ocr_line' id='line_1_17' title="bbox 275 1329 1825 1383; baseline 0 -12"><span class='ocrx_word' id='word_1_154' title='bbox 275 1332 412 1371; x_wconf 87' lang='lat' dir='ltr'><strong>notus:</strong></span> <span class='ocrx_word' id='word_1_155' title='bbox 444 1333 487 1371; x_wconf 88' lang='lat' dir='ltr'><strong>at</strong></span> <span class='ocrx_word' id='word_1_156' title='bbox 518 1331 565 1371; x_wconf 89' lang='lat' dir='ltr'><strong>de</strong></span> <span class='ocrx_word' id='word_1_157' title='bbox 597 1331 789 1383; x_wconf 86' lang='lat' dir='ltr'><strong>ecnephia</strong></span> <span class='ocrx_word' id='word_1_158' title='bbox 822 1330 971 1371; x_wconf 84' lang='lat' dir='ltr'><strong>Seneca</strong></span> <span class='ocrx_word' id='word_1_159' title='bbox 996 1332 1023 1371; x_wconf 95' lang='lat' dir='ltr'><strong>l.</strong></span> <span class='ocrx_word' id='word_1_160' title='bbox 1050 1345 1079 1372; x_wconf 88' lang='lat' dir='ltr'><strong>s.</strong></span> <span class='ocrx_word' id='word_1_161' title='bbox 1114 1329 1203 1372; x_wconf 59' lang='lat' dir='ltr'><strong>‘His</strong></span> <span class='ocrx_word' id='word_1_162' title='bbox 1234 1332 1462 1372; x_wconf 86' lang='lat' dir='ltr'><strong>interuallis</strong></span> <span class='ocrx_word' id='word_1_163' title='bbox 1492 1331 1624 1372; x_wconf 83' lang='lat' dir='ltr'><strong>tenuis</strong></span> <span class='ocrx_word' id='word_1_164' title='bbox 1654 1332 1825 1371; x_wconf 79' lang='lat' dir='ltr'><strong>includi-</strong></span> 
     </span>
     <span class='ocr_line' id='line_1_18' title="bbox 274 1392 1825 1445; baseline 0.001 -15"><span class='ocrx_word' id='word_1_165' title='bbox 274 1392 342 1430; x_wconf 88' lang='lat' dir='ltr'><strong>tur</strong></span> <span class='ocrx_word' id='word_1_166' title='bbox 372 1393 549 1443; x_wconf 87' lang='lat' dir='ltr'><strong>spiritus,</strong></span> <span class='ocrx_word' id='word_1_167' title='bbox 581 1392 650 1443; x_wconf 90' lang='lat' dir='ltr'><strong>qui</strong></span> <span class='ocrx_word' id='word_1_168' title='bbox 681 1392 813 1432; x_wconf 88' lang='lat' dir='ltr'><strong>maius</strong></span> <span class='ocrx_word' id='word_1_169' title='bbox 845 1392 1045 1432; x_wconf 86' lang='lat' dir='ltr'><strong>desiderat</strong></span> <span class='ocrx_word' id='word_1_170' title='bbox 1070 1393 1249 1444; x_wconf 87' lang='lat' dir='ltr'><strong>spatium</strong></span> <span class='ocrx_word' id='word_1_171' title='bbox 1276 1424 1282 1431; x_wconf 96' lang='lat'><strong>.</strong></span> <span class='ocrx_word' id='word_1_172' title='bbox 1306 1424 1312 1431; x_wconf 97' lang='lat'><strong>.</strong></span> <span class='ocrx_word' id='word_1_173' title='bbox 1335 1423 1341 1432; x_wconf 92' lang='lat'><strong>.</strong></span> <span class='ocrx_word' id='word_1_174' title='bbox 1370 1392 1594 1444; x_wconf 83' lang='lat' dir='ltr'><strong>scinditque</strong></span> <span class='ocrx_word' id='word_1_175' title='bbox 1620 1393 1825 1445; x_wconf 88' lang='lat' dir='ltr'><strong>cingentia</strong></span> 
     </span>
     <span class='ocr_line' id='line_1_19' title="bbox 275 1453 1823 1504; baseline 0.001 -14"><span class='ocrx_word' id='word_1_176' title='bbox 275 1453 316 1491; x_wconf 92' lang='lat' dir='ltr'><strong>et</strong></span> <span class='ocrx_word' id='word_1_177' title='bbox 347 1453 522 1504; x_wconf 90' lang='lat' dir='ltr'><strong>erumpit</strong></span> <span class='ocrx_word' id='word_1_178' title='bbox 551 1453 594 1492; x_wconf 91' lang='lat' dir='ltr'><strong>in</strong></span> <span class='ocrx_word' id='word_1_179' title='bbox 626 1454 802 1503; x_wconf 88' lang='lat' dir='ltr'><strong>uentum,</strong></span> <span class='ocrx_word' id='word_1_180' title='bbox 836 1454 906 1503; x_wconf 91' lang='lat' dir='ltr'><strong>qui</strong></span> <span class='ocrx_word' id='word_1_181' title='bbox 936 1453 1018 1493; x_wconf 88' lang='lat' dir='ltr'><strong>fere</strong></span> <span class='ocrx_word' id='word_1_182' title='bbox 1049 1453 1293 1504; x_wconf 89' lang='lat' dir='ltr'><strong>procellosus</strong></span> <span class='ocrx_word' id='word_1_183' title='bbox 1326 1453 1397 1502; x_wconf 92' lang='lat' dir='ltr'><strong>est,</strong></span> <span class='ocrx_word' id='word_1_184' title='bbox 1430 1453 1527 1503; x_wconf 88' lang='lat' dir='ltr'><strong>quia</strong></span> <span class='ocrx_word' id='word_1_185' title='bbox 1557 1464 1727 1504; x_wconf 88' lang='lat' dir='ltr'><strong>superne</strong></span> <span class='ocrx_word' id='word_1_186' title='bbox 1758 1453 1823 1492; x_wconf 91' lang='lat' dir='ltr'><strong>de-</strong></span> 
     </span>
     <span class='ocr_line' id='line_1_20' title="bbox 274 1513 1823 1564; baseline 0.001 -13"><span class='ocrx_word' id='word_1_187' title='bbox 274 1513 462 1564; x_wconf 75' lang='lat' dir='ltr'><strong>mittitur,</strong></span> <span class='ocrx_word' id='word_1_188' title='bbox 494 1515 535 1552; x_wconf 91' lang='lat' dir='ltr'><strong>et</strong></span> <span class='ocrx_word' id='word_1_189' title='bbox 565 1514 608 1552; x_wconf 92' lang='lat' dir='ltr'><strong>in</strong></span> <span class='ocrx_word' id='word_1_190' title='bbox 639 1526 711 1553; x_wconf 90' lang='lat' dir='ltr'><strong>nos</strong></span> <span class='ocrx_word' id='word_1_191' title='bbox 743 1513 852 1553; x_wconf 86' lang='lat' dir='ltr'><strong>cadit</strong></span> <span class='ocrx_word' id='word_1_192' title='bbox 883 1513 1095 1553; x_wconf 88' lang='lat' dir='ltr'><strong>uehemens</strong></span> <span class='ocrx_word' id='word_1_193' title='bbox 1121 1516 1162 1552; x_wconf 90' lang='lat' dir='ltr'><strong>et</strong></span> <span class='ocrx_word' id='word_1_194' title='bbox 1187 1526 1288 1564; x_wconf 86' lang='lat' dir='ltr'><strong>acer,</strong></span> <span class='ocrx_word' id='word_1_195' title='bbox 1320 1513 1427 1564; x_wconf 88' lang='lat' dir='ltr'><strong>quod</strong></span> <span class='ocrx_word' id='word_1_196' title='bbox 1452 1526 1532 1552; x_wconf 89' lang='lat' dir='ltr'><strong>non</strong></span> <span class='ocrx_word' id='word_1_197' title='bbox 1557 1513 1669 1552; x_wconf 90' lang='lat' dir='ltr'><strong>fusus</strong></span> <span class='ocrx_word' id='word_1_198' title='bbox 1694 1527 1823 1564; x_wconf 89' lang='lat' dir='ltr'><strong>neque</strong></span> 
     </span>
     <span class='ocr_line' id='line_1_21' title="bbox 273 1573 1821 1625; baseline 0.001 -14"><span class='ocrx_word' id='word_1_199' title='bbox 273 1585 345 1623; x_wconf 88' lang='lat' dir='ltr'><strong>per</strong></span> <span class='ocrx_word' id='word_1_200' title='bbox 376 1575 559 1623; x_wconf 87' lang='lat' dir='ltr'><strong>apertum</strong></span> <span class='ocrx_word' id='word_1_201' title='bbox 589 1574 719 1623; x_wconf 86' lang='lat' dir='ltr'><strong>uenit,</strong></span> <span class='ocrx_word' id='word_1_202' title='bbox 758 1573 827 1613; x_wconf 89' lang='lat' dir='ltr'><strong>sed</strong></span> <span class='ocrx_word' id='word_1_203' title='bbox 857 1573 1017 1614; x_wconf 85' lang='lat' dir='ltr'><strong>laborat</strong></span> <span class='ocrx_word' id='word_1_204' title='bbox 1047 1575 1088 1613; x_wconf 87' lang='lat' dir='ltr'><strong>et</strong></span> <span class='ocrx_word' id='word_1_205' title='bbox 1124 1573 1202 1613; x_wconf 88' lang='lat' dir='ltr'><strong>iter</strong></span> <span class='ocrx_word' id='word_1_206' title='bbox 1239 1573 1317 1612; x_wconf 90' lang='lat' dir='ltr'><strong>sibi</strong></span> <span class='ocrx_word' id='word_1_207' title='bbox 1354 1574 1397 1612; x_wconf 91' lang='lat' dir='ltr'><strong>ui</strong></span> <span class='ocrx_word' id='word_1_208' title='bbox 1435 1586 1482 1613; x_wconf 91' lang='lat' dir='ltr'><strong>ac</strong></span> <span class='ocrx_word' id='word_1_209' title='bbox 1518 1586 1655 1625; x_wconf 86' lang='lat' dir='ltr'><strong>pugna.</strong></span> <span class='ocrx_word' id='word_1_210' title='bbox 1691 1575 1821 1624; x_wconf 87' lang='lat' dir='ltr'><strong>parat.</strong></span> 
     </span>
     <span class='ocr_line' id='line_1_22' title="bbox 273 1632 1822 1682; baseline 0.002 -11"><span class='ocrx_word' id='word_1_211' title='bbox 273 1632 351 1671; x_wconf 90' lang='lat' dir='ltr'><strong>Hic</strong></span> <span class='ocrx_word' id='word_1_212' title='bbox 382 1633 464 1672; x_wconf 89' lang='lat' dir='ltr'><strong>fere</strong></span> <span class='ocrx_word' id='word_1_213' title='bbox 496 1634 626 1673; x_wconf 76' lang='lat' dir='ltr'><strong>breuis</strong></span> <span class='ocrx_word' id='word_1_214' title='bbox 649 1635 770 1682; x_wconf 77' lang='lat' dir='ltr'><strong>flatus</strong></span> <span class='ocrx_word' id='word_1_215' title='bbox 795 1634 856 1673; x_wconf 88' lang='lat' dir='ltr'><strong>est</strong></span> <span class='ocrx_word' id='word_1_216' title='bbox 876 1664 884 1672; x_wconf 94' lang='lat'><strong>.</strong></span> <span class='ocrx_word' id='word_1_217' title='bbox 906 1664 914 1672; x_wconf 90' lang='lat'><strong>.</strong></span> <span class='ocrx_word' id='word_1_218' title='bbox 937 1665 944 1672; x_wconf 95' lang='lat'><strong>.</strong></span> <span class='ocrx_word' id='word_1_219' title='bbox 964 1633 1020 1672; x_wconf 91' lang='lat' dir='ltr'><strong>Hi</strong></span> <span class='ocrx_word' id='word_1_220' title='bbox 1045 1635 1158 1673; x_wconf 90' lang='lat' dir='ltr'><strong>uenti</strong></span> <span class='ocrx_word' id='word_1_221' title='bbox 1181 1634 1310 1673; x_wconf 91' lang='lat' dir='ltr'><strong>multo</strong></span> <span class='ocrx_word' id='word_1_222' title='bbox 1338 1633 1508 1673; x_wconf 89' lang='lat' dir='ltr'><strong>maiores</strong></span> <span class='ocrx_word' id='word_1_223' title='bbox 1534 1633 1822 1674; x_wconf 86' lang='lat' dir='ltr'><strong>diuturniores-</strong></span> 
     </span>
     <span class='ocr_line' id='line_1_23' title="bbox 274 1693 1822 1745; baseline 0.003 -14"><span class='ocrx_word' id='word_1_224' title='bbox 274 1705 350 1742; x_wconf 91' lang='lat' dir='ltr'><strong>que</strong></span> <span class='ocrx_word' id='word_1_225' title='bbox 384 1694 494 1743; x_wconf 84' lang='lat' dir='ltr'><strong>sunt,</strong></span> <span class='ocrx_word' id='word_1_226' title='bbox 531 1693 564 1733; x_wconf 90' lang='lat' dir='ltr'><strong>si</strong></span> <span class='ocrx_word' id='word_1_227' title='bbox 597 1693 697 1733; x_wconf 84' lang='lat' dir='ltr'><strong>alios</strong></span> <span class='ocrx_word' id='word_1_228' title='bbox 720 1707 886 1745; x_wconf 83' lang='lat' dir='ltr'><strong>quoque</strong></span> <span class='ocrx_word' id='word_1_229' title='bbox 918 1693 1037 1734; x_wconf 88' lang='lat' dir='ltr'><strong>flatus</strong></span> <span class='ocrx_word' id='word_1_230' title='bbox 1076 1707 1122 1733; x_wconf 86' lang='lat' dir='ltr'><strong>ex</strong></span> <span class='ocrx_word' id='word_1_231' title='bbox 1161 1694 1299 1733; x_wconf 87' lang='lat' dir='ltr'><strong>eadem</strong></span> <span class='ocrx_word' id='word_1_232' title='bbox 1338 1706 1458 1734; x_wconf 89' lang='lat' dir='ltr'><strong>causa</strong></span> <span class='ocrx_word' id='word_1_233' title='bbox 1494 1693 1662 1733; x_wconf 89' lang='lat' dir='ltr'><strong>fluentes</strong></span> <span class='ocrx_word' id='word_1_234' title='bbox 1699 1695 1742 1733; x_wconf 94' lang='lat' dir='ltr'><strong>in</strong></span> <span class='ocrx_word' id='word_1_235' title='bbox 1780 1707 1822 1735; x_wconf 82' lang='lat' dir='ltr'><strong>se</strong></span> 
     </span>
     <span class='ocr_line' id='line_1_24' title="bbox 274 1751 1820 1806; baseline 0.001 -14"><span class='ocrx_word' id='word_1_236' title='bbox 274 1752 530 1793; x_wconf 88' lang='lat' dir='ltr'><strong>abstulerunt</strong></span> <span class='ocrx_word' id='word_1_237' title='bbox 554 1755 596 1793; x_wconf 90' lang='lat' dir='ltr'><strong>et</strong></span> <span class='ocrx_word' id='word_1_238' title='bbox 619 1755 660 1792; x_wconf 90' lang='lat' dir='ltr'><strong>in</strong></span> <span class='ocrx_word' id='word_1_239' title='bbox 687 1767 810 1792; x_wconf 88' lang='lat' dir='ltr'><strong>unum</strong></span> <span class='ocrx_word' id='word_1_240' title='bbox 840 1754 1061 1794; x_wconf 88' lang='lat' dir='ltr'><strong>confluxere</strong></span> <span class='ocrx_word' id='word_1_241' title='bbox 1087 1751 1235 1805; x_wconf 90' lang='lat' dir='ltr'><strong>plures&#39;</strong></span> <span class='ocrx_word' id='word_1_242' title='bbox 1258 1768 1289 1793; x_wconf 88' lang='lat' dir='ltr'><strong>e.</strong></span> <span class='ocrx_word' id='word_1_243' title='bbox 1312 1767 1348 1804; x_wconf 90' lang='lat' dir='ltr'><strong>q.</strong></span> <span class='ocrx_word' id='word_1_244' title='bbox 1369 1766 1397 1794; x_wconf 89' lang='lat' dir='ltr'><strong>s.</strong></span> <span class='ocrx_word' id='word_1_245' title='bbox 1445 1752 1550 1793; x_wconf 87' lang='lat' dir='ltr'><strong>Gonf</strong></span> <span class='ocrx_word' id='word_1_246' title='bbox 1571 1753 1729 1793; x_wconf 85' lang='lat' dir='ltr'><strong>Arrian.</strong></span> <span class='ocrx_word' id='word_1_247' title='bbox 1757 1767 1820 1806; x_wconf 93' lang='lat' dir='ltr'><strong>ap.</strong></span> 
     </span>
     <span class='ocr_line' id='line_1_25' title="bbox 275 1811 1821 1867; baseline 0.002 -16"><span class='ocrx_word' id='word_1_248' title='bbox 275 1812 383 1852; x_wconf 82' lang='lat' dir='ltr'><strong>Stob.</strong></span> <span class='ocrx_word' id='word_1_249' title='bbox 410 1813 532 1866; x_wconf 86' lang='lat' dir='ltr'><strong>eclog.</strong></span> <span class='ocrx_word' id='word_1_250' title='bbox 561 1814 675 1865; x_wconf 87' lang='lat' dir='ltr'><strong>phys.</strong></span> <span class='ocrx_word' id='word_1_251' title='bbox 702 1814 723 1854; x_wconf 98' lang='grc' dir='ltr'>Ι</span> <span class='ocrx_word' id='word_1_252' title='bbox 748 1828 785 1865; x_wconf 91' lang='lat' dir='ltr'><strong>p.</strong></span> <span class='ocrx_word' id='word_1_253' title='bbox 814 1815 913 1865; x_wconf 83' lang='lat'>235,</span> <span class='ocrx_word' id='word_1_254' title='bbox 941 1814 1060 1854; x_wconf 90' lang='lat' dir='ltr'><strong>10W</strong></span> <span class='ocrx_word' id='word_1_255' title='bbox 1087 1846 1094 1853; x_wconf 95' lang='lat'><strong>.</strong></span> <span class='ocrx_word' id='word_1_256' title='bbox 1124 1846 1131 1853; x_wconf 93' lang='lat'><strong>.</strong></span> <span class='ocrx_word' id='word_1_257' title='bbox 1158 1845 1166 1853; x_wconf 89' lang='lat'><strong>.</strong></span> <span class='ocrx_word' id='word_1_258' title='bbox 1193 1813 1236 1854; x_wconf 79' lang='grc' dir='ltr'><strong><em>ἐν</em></strong></span> <span class='ocrx_word' id='word_1_259' title='bbox 1273 1812 1386 1866; x_wconf 83' lang='grc' dir='ltr'><strong><em>νέφει</em></strong></span> <span class='ocrx_word' id='word_1_260' title='bbox 1429 1811 1471 1853; x_wconf 83' lang='grc' dir='ltr'><strong>δὲ</strong></span> <span class='ocrx_word' id='word_1_261' title='bbox 1503 1812 1821 1867; x_wconf 81' lang='grc' dir='ltr'><strong><em>ἀποληφθέντες,</em></strong></span> 
     </span>
     <span class='ocr_line' id='line_1_26' title="bbox 273 1871 1820 1929; baseline 0.002 -17"><span class='ocrx_word' id='word_1_262' title='bbox 273 1871 404 1912; x_wconf 73' lang='grc' dir='ltr'><strong><em>ἔπειτα</em></strong></span> <span class='ocrx_word' id='word_1_263' title='bbox 436 1873 652 1927; x_wconf 77' lang='grc' dir='ltr'><strong><em>ρηγνύντες</em></strong></span> <span class='ocrx_word' id='word_1_264' title='bbox 682 1874 751 1929; x_wconf 73' lang='grc' dir='ltr'><strong>βίᾳ</strong></span> <span class='ocrx_word' id='word_1_265' title='bbox 782 1872 825 1913; x_wconf 89' lang='grc' dir='ltr'><strong>τὸ</strong></span> <span class='ocrx_word' id='word_1_266' title='bbox 857 1872 980 1926; x_wconf 89' lang='grc' dir='ltr'><strong><em>νέφος</em></strong></span> <span class='ocrx_word' id='word_1_267' title='bbox 1010 1874 1181 1928; x_wconf 86' lang='grc' dir='ltr'><strong><em>βροντάς</em></strong></span> <span class='ocrx_word' id='word_1_268' title='bbox 1212 1888 1251 1914; x_wconf 85' lang='grc' dir='ltr'><strong><em>τε</em></strong></span> <span class='ocrx_word' id='word_1_269' title='bbox 1282 1872 1348 1914; x_wconf 84' lang='grc' dir='ltr'><strong>καὶ</strong></span> <span class='ocrx_word' id='word_1_270' title='bbox 1379 1872 1582 1927; x_wconf 79' lang='grc' dir='ltr'><strong><em>ἀστραπὰς</em></strong></span> <span class='ocrx_word' id='word_1_271' title='bbox 1608 1872 1820 1927; x_wconf 77' lang='grc' dir='ltr'><strong><em>ἐξέφηναν.</em></strong></span> 
     </span>
     <span class='ocr_line' id='line_1_27' title="bbox 269 1928 1820 1988; baseline 0.002 -16"><span class='ocrx_word' id='word_1_272' title='bbox 269 1928 548 1982; x_wconf 85' lang='grc' dir='ltr'><strong><em>Ἐκπίπτοντες</em></strong></span> <span class='ocrx_word' id='word_1_273' title='bbox 579 1929 617 1974; x_wconf 83' lang='grc' dir='ltr'><strong>δ’</strong></span> <span class='ocrx_word' id='word_1_274' title='bbox 652 1932 716 1974; x_wconf 80' lang='grc' dir='ltr'><strong>ἐπὶ</strong></span> <span class='ocrx_word' id='word_1_275' title='bbox 748 1932 865 1988; x_wconf 70' lang='grc' dir='ltr'><strong><em>μέγα,</em></strong></span> <span class='ocrx_word' id='word_1_276' title='bbox 898 1934 1086 1988; x_wconf 80' lang='grc' dir='ltr'><strong><em>διάπυροι</em></strong></span> <span class='ocrx_word' id='word_1_277' title='bbox 1118 1933 1210 1987; x_wconf 83' lang='grc' dir='ltr'><strong><em>μέν,</em></strong></span> <span class='ocrx_word' id='word_1_278' title='bbox 1248 1934 1451 1988; x_wconf 83' lang='grc' dir='ltr'><strong><em>κεραυνοί·</em></strong></span> <span class='ocrx_word' id='word_1_279' title='bbox 1491 1932 1639 1987; x_wconf 82' lang='grc' dir='ltr'><strong><em>ἀθρόοι</em></strong></span> <span class='ocrx_word' id='word_1_280' title='bbox 1672 1932 1714 1975; x_wconf 82' lang='grc' dir='ltr'><strong>δὲ</strong></span> <span class='ocrx_word' id='word_1_281' title='bbox 1753 1934 1820 1975; x_wconf 84' lang='grc' dir='ltr'><strong>καὶ</strong></span> 
     </span>
     <span class='ocr_line' id='line_1_28' title="bbox 271 1990 1818 2049; baseline 0.002 -17"><span class='ocrx_word' id='word_1_282' title='bbox 271 1990 483 2046; x_wconf 80' lang='grc' dir='ltr'><strong><em>ἡμίπυροι,</em></strong></span> <span class='ocrx_word' id='word_1_283' title='bbox 520 2000 757 2048; x_wconf 80' lang='grc' dir='ltr'><strong><em>πρηστῆρες·</em></strong></span> <span class='ocrx_word' id='word_1_284' title='bbox 798 1994 883 2035; x_wconf 84' lang='grc' dir='ltr'><strong><em>ὅσοι</em></strong></span> <span class='ocrx_word' id='word_1_285' title='bbox 921 1990 958 2034; x_wconf 84' lang='grc' dir='ltr'><strong>δ’</strong></span> <span class='ocrx_word' id='word_1_286' title='bbox 999 1994 1139 2048; x_wconf 75' lang='grc' dir='ltr'><strong><em>ἔρημοι</em></strong></span> <span class='ocrx_word' id='word_1_287' title='bbox 1176 1994 1322 2049; x_wconf 81' lang='grc' dir='ltr'><strong><em>πυρός,</em></strong></span> <span class='ocrx_word' id='word_1_288' title='bbox 1360 2000 1559 2045; x_wconf 85' lang='grc' dir='ltr'><strong><em>τυφῶνες·</em></strong></span> <span class='ocrx_word' id='word_1_289' title='bbox 1602 1995 1644 2035; x_wconf 82' lang='grc' dir='ltr'><strong><em>οἵ</em></strong></span> <span class='ocrx_word' id='word_1_290' title='bbox 1678 1993 1720 2035; x_wconf 80' lang='grc' dir='ltr'><strong>δὲ</strong></span> <span class='ocrx_word' id='word_1_291' title='bbox 1764 1994 1818 2036; x_wconf 76' lang='grc' dir='ltr'><strong>ἔτι</strong></span> 
     </span>
     <span class='ocr_line' id='line_1_29' title="bbox 270 2051 1819 2109; baseline 0.001 -16"><span class='ocrx_word' id='word_1_292' title='bbox 270 2051 489 2106; x_wconf 77' lang='grc' dir='ltr'><strong><em>ἀνειμένοι,</em></strong></span> <span class='ocrx_word' id='word_1_293' title='bbox 527 2053 706 2105; x_wconf 83' lang='grc' dir='ltr'><strong><em>ἐκνεφίαι</em></strong></span> <span class='ocrx_word' id='word_1_294' title='bbox 757 2055 895 2095; x_wconf 91' lang='lat' dir='ltr'><strong>Ioann.</strong></span> <span class='ocrx_word' id='word_1_295' title='bbox 922 2055 1020 2106; x_wconf 85' lang='lat' dir='ltr'><strong>Lyd.</strong></span> <span class='ocrx_word' id='word_1_296' title='bbox 1048 2056 1095 2095; x_wconf 87' lang='lat' dir='ltr'><strong>de</strong></span> <span class='ocrx_word' id='word_1_297' title='bbox 1120 2068 1241 2095; x_wconf 87' lang='lat' dir='ltr'><strong>mens.</strong></span> <span class='ocrx_word' id='word_1_298' title='bbox 1267 2056 1327 2095; x_wconf 92' lang='lat' dir='ltr'><strong>IV</strong></span> <span class='ocrx_word' id='word_1_299' title='bbox 1356 2056 1408 2094; x_wconf 86' lang='lat'><strong>76</strong></span> <span class='ocrx_word' id='word_1_300' title='bbox 1455 2055 1498 2095; x_wconf 83' lang='grc' dir='ltr'><strong><em>οἷ</em></strong></span> <span class='ocrx_word' id='word_1_301' title='bbox 1531 2053 1609 2094; x_wconf 81' lang='grc' dir='ltr'><strong>ἀπὸ</strong></span> <span class='ocrx_word' id='word_1_302' title='bbox 1648 2055 1819 2109; x_wconf 88' lang='grc' dir='ltr'><strong><em>μεγάλης</em></strong></span> 
     </span>
     <span class='ocr_line' id='line_1_30' title="bbox 271 2111 1816 2170; baseline 0.001 -16"><span class='ocrx_word' id='word_1_303' title='bbox 271 2111 394 2166; x_wconf 83' lang='grc' dir='ltr'><strong><em>ἀρχῆς</em></strong></span> <span class='ocrx_word' id='word_1_304' title='bbox 424 2112 578 2168; x_wconf 77' lang='grc' dir='ltr'><strong><em>ῥέοντες</em></strong></span> <span class='ocrx_word' id='word_1_305' title='bbox 609 2112 747 2168; x_wconf 76' lang='grc' dir='ltr'><strong><em>ἄνεμοι</em></strong></span> <span class='ocrx_word' id='word_1_306' title='bbox 778 2115 835 2164; x_wconf 85' lang='grc' dir='ltr'><strong>εἰς</strong></span> <span class='ocrx_word' id='word_1_307' title='bbox 867 2115 1019 2155; x_wconf 80' lang='grc' dir='ltr'><strong><em>δώδεκα</em></strong></span> <span class='ocrx_word' id='word_1_308' title='bbox 1050 2114 1148 2170; x_wconf 89' lang='grc' dir='ltr'><strong><em>μέρη</em></strong></span> <span class='ocrx_word' id='word_1_309' title='bbox 1174 2121 1245 2156; x_wconf 87' lang='grc' dir='ltr'><strong><em>τοῦ</em></strong></span> <span class='ocrx_word' id='word_1_310' title='bbox 1271 2113 1470 2170; x_wconf 80' lang='grc' dir='ltr'><strong><em>ὁρίζοντος</em></strong></span> <span class='ocrx_word' id='word_1_311' title='bbox 1496 2115 1816 2169; x_wconf 84' lang='grc' dir='ltr'><strong><em>διαιροῦνται...</em></strong></span> 
     </span>
     <span class='ocr_line' id='line_1_31' title="bbox 270 2170 1816 2230; baseline 0.002 -17"><span class='ocrx_word' id='word_1_312' title='bbox 270 2179 348 2213; x_wconf 85' lang='grc' dir='ltr'><strong><em>τῶν</em></strong></span> <span class='ocrx_word' id='word_1_313' title='bbox 381 2171 423 2214; x_wconf 78' lang='grc' dir='ltr'><strong>δὲ</strong></span> <span class='ocrx_word' id='word_1_314' title='bbox 454 2172 533 2214; x_wconf 80' lang='grc' dir='ltr'><strong>ἀπὸ</strong></span> <span class='ocrx_word' id='word_1_315' title='bbox 565 2175 734 2229; x_wconf 79' lang='grc' dir='ltr'><strong><em>μεγάλης</em></strong></span> <span class='ocrx_word' id='word_1_316' title='bbox 765 2173 888 2229; x_wconf 80' lang='grc' dir='ltr'><strong><em>ἀρχῆς</em></strong></span> <span class='ocrx_word' id='word_1_317' title='bbox 919 2173 940 2215; x_wconf 82' lang='grc' dir='ltr'>ὁ</span> <span class='ocrx_word' id='word_1_318' title='bbox 973 2173 1044 2228; x_wconf 81' lang='grc' dir='ltr'><strong><em>μὲν</em></strong></span> <span class='ocrx_word' id='word_1_319' title='bbox 1076 2170 1146 2215; x_wconf 80' lang='grc' dir='ltr'><strong>ἀπ’</strong></span> <span class='ocrx_word' id='word_1_320' title='bbox 1181 2173 1316 2230; x_wconf 80' lang='grc' dir='ltr'><strong><em>ὀλίγης</em></strong></span> <span class='ocrx_word' id='word_1_321' title='bbox 1354 2181 1483 2230; x_wconf 84' lang='grc' dir='ltr'><strong><em>φορᾶς</em></strong></span> <span class='ocrx_word' id='word_1_322' title='bbox 1522 2173 1672 2227; x_wconf 80' lang='grc' dir='ltr'><strong><em>νέφους</em></strong></span> <span class='ocrx_word' id='word_1_323' title='bbox 1710 2174 1816 2216; x_wconf 81' lang='grc' dir='ltr'><strong><em>έκνε-</em></strong></span> 
     </span>
     <span class='ocr_line' id='line_1_32' title="bbox 271 2234 1818 2288; baseline 0.003 -15"><span class='ocrx_word' id='word_1_324' title='bbox 271 2234 368 2285; x_wconf 84' lang='grc' dir='ltr'><strong><em>φίας</em></strong></span> <span class='ocrx_word' id='word_1_325' title='bbox 392 2236 470 2274; x_wconf 85' lang='grc' dir='ltr'><strong><em>κτλ.</em></strong></span> <span class='ocrx_word' id='word_1_326' title='bbox 528 2234 713 2275; x_wconf 86' lang='lat' dir='ltr'><strong>Ceterum</strong></span> <span class='ocrx_word' id='word_1_327' title='bbox 744 2235 922 2276; x_wconf 80' lang='lat' dir='ltr'><strong>Lucilius</strong></span> <span class='ocrx_word' id='word_1_328' title='bbox 954 2249 1032 2275; x_wconf 90' lang='lat' dir='ltr'><strong>non</strong></span> <span class='ocrx_word' id='word_1_329' title='bbox 1066 2237 1174 2276; x_wconf 85' lang='lat' dir='ltr'><strong>solus</strong></span> <span class='ocrx_word' id='word_1_330' title='bbox 1215 2236 1323 2288; x_wconf 86' lang='lat' dir='ltr'><strong>apud</strong></span> <span class='ocrx_word' id='word_1_331' title='bbox 1353 2236 1555 2276; x_wconf 85' lang='lat' dir='ltr'><strong>Romanos</strong></span> <span class='ocrx_word' id='word_1_332' title='bbox 1592 2239 1818 2288; x_wconf 80' lang='lat' dir='ltr'><strong>composuit</strong></span> 
     </span>
     <span class='ocr_line' id='line_1_33' title="bbox 272 2295 1816 2349; baseline 0.002 -16"><span class='ocrx_word' id='word_1_333' title='bbox 272 2295 451 2335; x_wconf 86' lang='lat' dir='ltr'><strong>austrum</strong></span> <span class='ocrx_word' id='word_1_334' title='bbox 485 2297 606 2346; x_wconf 83' lang='lat' dir='ltr'><strong>atque</strong></span> <span class='ocrx_word' id='word_1_335' title='bbox 639 2296 867 2347; x_wconf 86' lang='lat' dir='ltr'><strong>aquilonem</strong></span> <span class='ocrx_word' id='word_1_336' title='bbox 899 2309 989 2335; x_wconf 89' lang='lat' dir='ltr'><strong>cum</strong></span> <span class='ocrx_word' id='word_1_337' title='bbox 1020 2297 1223 2347; x_wconf 83' lang='lat' dir='ltr'><strong>ecnephia&#39;,</strong></span> <span class='ocrx_word' id='word_1_338' title='bbox 1255 2296 1324 2336; x_wconf 89' lang='lat' dir='ltr'><strong>sed</strong></span> <span class='ocrx_word' id='word_1_339' title='bbox 1355 2296 1494 2336; x_wconf 86' lang='lat' dir='ltr'><strong>eodem</strong></span> <span class='ocrx_word' id='word_1_340' title='bbox 1524 2297 1606 2336; x_wconf 89' lang='lat' dir='ltr'><strong>fere</strong></span> <span class='ocrx_word' id='word_1_341' title='bbox 1637 2298 1816 2349; x_wconf 89' lang='lat' dir='ltr'><strong>tempore</strong></span> 
     </span>
     <span class='ocr_line' id='line_1_34' title="bbox 272 2354 1814 2407; baseline 0.003 -14"><span class='ocrx_word' id='word_1_342' title='bbox 272 2354 358 2394; x_wconf 85' lang='lat' dir='ltr'><strong>Sex.</strong></span> <span class='ocrx_word' id='word_1_343' title='bbox 385 2355 589 2406; x_wconf 83' lang='lat' dir='ltr'><strong>Turpilius</strong></span> <span class='ocrx_word' id='word_1_344' title='bbox 620 2356 663 2396; x_wconf 90' lang='lat' dir='ltr'><strong>in</strong></span> <span class='ocrx_word' id='word_1_345' title='bbox 694 2356 898 2396; x_wconf 88' lang='lat' dir='ltr'><strong>Demetrio</strong></span> <span class='ocrx_word' id='word_1_346' title='bbox 933 2357 1122 2407; x_wconf 87' lang='lat' dir='ltr'><strong>palliata,</strong></span> <span class='ocrx_word' id='word_1_347' title='bbox 1162 2370 1284 2407; x_wconf 90' lang='lat' dir='ltr'><strong>quam</strong></span> <span class='ocrx_word' id='word_1_348' title='bbox 1321 2370 1367 2396; x_wconf 87' lang='lat' dir='ltr'><strong>ex</strong></span> <span class='ocrx_word' id='word_1_349' title='bbox 1398 2356 1578 2396; x_wconf 83' lang='lat' dir='ltr'><strong>Alexidis</strong></span> <span class='ocrx_word' id='word_1_350' title='bbox 1610 2357 1814 2402; x_wconf 87' lang='lat' dir='ltr'><strong>Demetrio</strong></span> 
     </span>
     <span class='ocr_line' id='line_1_35' title="bbox 271 2414 1813 2468; baseline 0.003 -15"><span class='ocrx_word' id='word_1_351' title='bbox 271 2427 339 2454; x_wconf 91' lang='lat' dir='ltr'><strong>seu</strong></span> <span class='ocrx_word' id='word_1_352' title='bbox 358 2414 585 2455; x_wconf 87' lang='lat' dir='ltr'><strong>Philetaero</strong></span> <span class='ocrx_word' id='word_1_353' title='bbox 605 2417 745 2456; x_wconf 88' lang='lat' dir='ltr'><strong>uertit:</strong></span> <span class='ocrx_word' id='word_1_354' title='bbox 772 2417 868 2457; x_wconf 87' lang='lat' dir='ltr'><strong>conf</strong></span> <span class='ocrx_word' id='word_1_355' title='bbox 882 2416 1061 2457; x_wconf 82' lang='lat' dir='ltr'><strong>Alexidis</strong></span> <span class='ocrx_word' id='word_1_356' title='bbox 1088 2430 1229 2457; x_wconf 89' lang='lat' dir='ltr'><strong>uersus</strong></span> <span class='ocrx_word' id='word_1_357' title='bbox 1256 2430 1317 2468; x_wconf 84' lang='lat' dir='ltr'><strong>ap.</strong></span> <span class='ocrx_word' id='word_1_358' title='bbox 1339 2416 1482 2456; x_wconf 87' lang='lat' dir='ltr'><strong>Athen.</strong></span> <span class='ocrx_word' id='word_1_359' title='bbox 1502 2417 1604 2456; x_wconf 84' lang='lat' dir='ltr'><strong>Vm</strong></span> <span class='ocrx_word' id='word_1_360' title='bbox 1622 2430 1660 2468; x_wconf 92' lang='lat' dir='ltr'><strong>p.</strong></span> <span class='ocrx_word' id='word_1_361' title='bbox 1683 2418 1813 2457; x_wconf 87' lang='lat' dir='ltr'><strong>338D</strong></span> 
     </span>
     <span class='ocr_line' id='line_1_36' title="bbox 271 2470 805 2531; baseline 0.006 -18"><span class='ocrx_word' id='word_1_362' title='bbox 271 2470 394 2528; x_wconf 85' lang='lat' dir='ltr'><strong>(GAF</strong></span> <span class='ocrx_word' id='word_1_363' title='bbox 418 2474 460 2514; x_wconf 88' lang='lat' dir='ltr'>H</span> <span class='ocrx_word' id='word_1_364' title='bbox 487 2489 526 2526; x_wconf 94' lang='lat' dir='ltr'><strong>p.</strong></span> <span class='ocrx_word' id='word_1_365' title='bbox 554 2477 652 2526; x_wconf 88' lang='grc'>314,</span> <span class='ocrx_word' id='word_1_366' title='bbox 678 2477 733 2516; x_wconf 85' lang='grc'><strong>46</strong></span> <span class='ocrx_word' id='word_1_367' title='bbox 748 2471 805 2531; x_wconf 87' lang='grc' dir='ltr'><strong>Κ)</strong></span> 
     </span>
    </p>
   </div>
   <div class='ocr_carea' id='block_1_3' title="bbox 482 2557 1527 3032">
    <p class='ocr_par' dir='ltr' id='par_1_3' title="bbox 484 2557 1527 2857">
     <span class='ocr_line' id='line_1_37' title="bbox 486 2557 1503 2614; baseline 0.002 -16"><span class='ocrx_word' id='word_1_368' title='bbox 486 2557 687 2612; x_wconf 89' lang='grc' dir='ltr'><strong><em>Πρότερον</em></strong></span> <span class='ocrx_word' id='word_1_369' title='bbox 719 2557 790 2612; x_wconf 83' lang='grc' dir='ltr'><strong><em>μὲν</em></strong></span> <span class='ocrx_word' id='word_1_370' title='bbox 821 2560 858 2600; x_wconf 86' lang='grc' dir='ltr'><strong><em>εἰ</em></strong></span> <span class='ocrx_word' id='word_1_371' title='bbox 886 2560 1066 2610; x_wconf 85' lang='grc' dir='ltr'><strong><em>πνεύσειε</em></strong></span> <span class='ocrx_word' id='word_1_372' title='bbox 1097 2562 1275 2614; x_wconf 82' lang='grc' dir='ltr'><strong><em>βορρᾶς</em></strong></span> <span class='ocrx_word' id='word_1_373' title='bbox 1305 2558 1332 2613; x_wconf 76' lang='grc' dir='ltr'><strong>ἢ</strong></span> <span class='ocrx_word' id='word_1_374' title='bbox 1364 2560 1503 2609; x_wconf 85' lang='grc' dir='ltr'><strong><em>νότος</em></strong></span> 
     </span>
     <span class='ocr_line' id='line_1_38' title="bbox 484 2617 1419 2677; baseline 0.001 -18"><span class='ocrx_word' id='word_1_375' title='bbox 484 2617 527 2659; x_wconf 84' lang='grc' dir='ltr'><strong><em>ἕν</em></strong></span> <span class='ocrx_word' id='word_1_376' title='bbox 558 2622 605 2676; x_wconf 75' lang='grc' dir='ltr'><strong>τῇ</strong></span> <span class='ocrx_word' id='word_1_377' title='bbox 637 2619 811 2677; x_wconf 81' lang='grc' dir='ltr'><strong><em>θαλάττῃ</em></strong></span> <span class='ocrx_word' id='word_1_378' title='bbox 843 2620 1034 2675; x_wconf 78' lang='grc' dir='ltr'><strong><em>λαμπρός,</em></strong></span> <span class='ocrx_word' id='word_1_379' title='bbox 1066 2621 1184 2674; x_wconf 83' lang='grc' dir='ltr'><strong><em>ἰχθῦς</em></strong></span> <span class='ocrx_word' id='word_1_380' title='bbox 1216 2620 1291 2662; x_wconf 83' lang='grc' dir='ltr'><strong><em>οὐκ</em></strong></span> <span class='ocrx_word' id='word_1_381' title='bbox 1321 2619 1419 2672; x_wconf 80' lang='grc' dir='ltr'><strong><em>ἐνῆν</em></strong></span> 
     </span>
     <span class='ocr_line' id='line_1_39' title="bbox 484 2677 1507 2734; baseline 0.003 -16"><span class='ocrx_word' id='word_1_382' title='bbox 484 2677 619 2719; x_wconf 83' lang='grc' dir='ltr'><strong><em>οὐδενὶ</em></strong></span> <span class='ocrx_word' id='word_1_383' title='bbox 651 2684 810 2734; x_wconf 80' lang='grc' dir='ltr'><strong><em>φαγεῐν’</em></strong></span> <span class='ocrx_word' id='word_1_384' title='bbox 842 2679 935 2721; x_wconf 85' lang='grc' dir='ltr'><strong><em>νυνὶ</em></strong></span> <span class='ocrx_word' id='word_1_385' title='bbox 966 2679 1009 2721; x_wconf 82' lang='grc' dir='ltr'><strong>δὲ</strong></span> <span class='ocrx_word' id='word_1_386' title='bbox 1040 2680 1139 2734; x_wconf 87' lang='grc' dir='ltr'><strong><em>πρὸς</em></strong></span> <span class='ocrx_word' id='word_1_387' title='bbox 1170 2684 1252 2729; x_wconf 80' lang='grc' dir='ltr'><strong><em>τοῖς</em></strong></span> <span class='ocrx_word' id='word_1_388' title='bbox 1282 2680 1507 2733; x_wconf 84' lang='grc' dir='ltr'><strong><em>πνεύμασιν</em></strong></span> 
     </span>
     <span class='ocr_line' id='line_1_40' title="bbox 485 2738 1527 2795; baseline 0.001 -17"><span class='ocrx_word' id='word_1_389' title='bbox 485 2738 640 2788; x_wconf 85' lang='grc' dir='ltr'><strong><em>τούτοις</em></strong></span> <span class='ocrx_word' id='word_1_390' title='bbox 674 2739 856 2788; x_wconf 91' lang='grc' dir='ltr'><strong><em>Φάυλλος</em></strong></span> <span class='ocrx_word' id='word_1_391' title='bbox 886 2739 1124 2795; x_wconf 83' lang='grc' dir='ltr'><strong><em>προσγέγονε</em></strong></span> <span class='ocrx_word' id='word_1_392' title='bbox 1155 2739 1329 2794; x_wconf 87' lang='grc' dir='ltr'><strong><em>χειμὼν</em></strong></span> <span class='ocrx_word' id='word_1_393' title='bbox 1360 2741 1527 2794; x_wconf 90' lang='grc' dir='ltr'><strong><em>τρίτος.</em></strong></span> 
     </span>
     <span class='ocr_line' id='line_1_41' title="bbox 486 2796 1331 2857; baseline 0.004 -19"><span class='ocrx_word' id='word_1_394' title='bbox 486 2796 585 2838; x_wconf 80' lang='grc' dir='ltr'><strong><em>ἐπὰν</em></strong></span> <span class='ocrx_word' id='word_1_395' title='bbox 615 2797 690 2852; x_wconf 84' lang='grc' dir='ltr'><strong>γὰρ</strong></span> <span class='ocrx_word' id='word_1_396' title='bbox 721 2798 946 2851; x_wconf 79' lang='grc' dir='ltr'><strong><em>ἐκνεφίας</em></strong></span> <span class='ocrx_word' id='word_1_397' title='bbox 976 2801 1203 2854; x_wconf 83' lang='grc' dir='ltr'><strong><em>καταιγίσας</em></strong></span> <span class='ocrx_word' id='word_1_398' title='bbox 1234 2801 1331 2857; x_wconf 78' lang='grc' dir='ltr'><strong><em>τύχῃ</em></strong></span> 
     </span>
    </p>

    <p class='ocr_par' dir='ltr' id='par_1_4' title="bbox 484 2856 1426 2974">
     <span class='ocr_line' id='line_1_42' title="bbox 484 2856 1426 2913; baseline 0.002 -15"><span class='ocrx_word' id='word_1_399' title='bbox 484 2857 524 2906; x_wconf 87' lang='grc' dir='ltr'><strong>ές</strong></span> <span class='ocrx_word' id='word_1_400' title='bbox 553 2857 627 2910; x_wconf 86' lang='grc' dir='ltr'><strong><em>τὴν</em></strong></span> <span class='ocrx_word' id='word_1_401' title='bbox 657 2856 820 2912; x_wconf 84' lang='grc' dir='ltr'><strong><em>ἀγοράν,</em></strong></span> <span class='ocrx_word' id='word_1_402' title='bbox 851 2858 1007 2911; x_wconf 77' lang='grc' dir='ltr'><strong><em>τοῦψον</em></strong></span> <span class='ocrx_word' id='word_1_403' title='bbox 1037 2860 1252 2913; x_wconf 89' lang='grc' dir='ltr'><strong><em>πριάμενος</em></strong></span> <span class='ocrx_word' id='word_1_404' title='bbox 1283 2860 1426 2913; x_wconf 79' lang='grc' dir='ltr'><strong><em>οἴχεται</em></strong></span> 
     </span>
     <span class='ocr_line' id='line_1_43' title="bbox 484 2915 1358 2974; baseline 0.003 -17"><span class='ocrx_word' id='word_1_405' title='bbox 484 2916 618 2971; x_wconf 83' lang='grc' dir='ltr'><strong><em>φέρων</em></strong></span> <span class='ocrx_word' id='word_1_406' title='bbox 648 2917 756 2958; x_wconf 78' lang='grc' dir='ltr'><strong><em>ἅπαν</em></strong></span> <span class='ocrx_word' id='word_1_407' title='bbox 787 2918 830 2960; x_wconf 91' lang='grc' dir='ltr'><strong>τὸ</strong></span> <span class='ocrx_word' id='word_1_408' title='bbox 856 2918 1029 2971; x_wconf 78' lang='grc' dir='ltr'><strong><em>ληφθέν,</em></strong></span> <span class='ocrx_word' id='word_1_409' title='bbox 1061 2919 1156 2960; x_wconf 78' lang='grc' dir='ltr'><strong><em>ὥστε</em></strong></span> <span class='ocrx_word' id='word_1_410' title='bbox 1180 2915 1358 2974; x_wconf 49' lang='grc' dir='ltr'><strong><em>’γίγνεται</em></strong></span> 
     </span>
    </p>

    <p class='ocr_par' dir='ltr' id='par_1_5' title="bbox 482 2975 1431 3032">
     <span class='ocr_line' id='line_1_44' title="bbox 482 2975 1431 3032; baseline 0.002 -15"><span class='ocrx_word' id='word_1_411' title='bbox 482 2975 526 3017; x_wconf 82' lang='grc' dir='ltr'><strong>έν</strong></span> <span class='ocrx_word' id='word_1_412' title='bbox 556 2981 638 3026; x_wconf 87' lang='grc' dir='ltr'><strong><em>τοῖς</em></strong></span> <span class='ocrx_word' id='word_1_413' title='bbox 668 2978 852 3032; x_wconf 86' lang='grc' dir='ltr'><strong><em>λαχάνοις</em></strong></span> <span class='ocrx_word' id='word_1_414' title='bbox 882 2978 925 3019; x_wconf 90' lang='grc' dir='ltr'><strong>τὸ</strong></span> <span class='ocrx_word' id='word_1_415' title='bbox 957 2978 1096 3020; x_wconf 87' lang='grc' dir='ltr'><strong><em>λοιπὸν</em></strong></span> <span class='ocrx_word' id='word_1_416' title='bbox 1127 2976 1224 3031; x_wconf 82' lang='grc' dir='ltr'><strong><em>ἡμῖν</em></strong></span> <span class='ocrx_word' id='word_1_417' title='bbox 1256 2977 1281 3031; x_wconf 83' lang='grc' dir='ltr'>ἡ</span> <span class='ocrx_word' id='word_1_418' title='bbox 1314 2979 1431 3032; x_wconf 84' lang='grc' dir='ltr'><strong><em>μάχη.</em></strong></span> 
     </span>
    </p>
   </div>
   <div class='ocr_carea' id='block_1_4' title="bbox 268 3074 1806 3129">
    <p class='ocr_par' dir='ltr' id='par_1_6' title="bbox 268 3074 1806 3129">
     <span class='ocr_line' id='line_1_45' title="bbox 268 3074 1806 3129; baseline 0.003 -17"><span class='ocrx_word' id='word_1_419' title='bbox 268 3086 438 3125; x_wconf 89' lang='lat' dir='ltr'><strong>quorum</strong></span> <span class='ocrx_word' id='word_1_420' title='bbox 475 3074 591 3116; x_wconf 87' lang='lat' dir='ltr'><strong>initio</strong></span> <span class='ocrx_word' id='word_1_421' title='bbox 629 3076 722 3115; x_wconf 87' lang='lat' dir='ltr'><strong>sunt</strong></span> <span class='ocrx_word' id='word_1_422' title='bbox 758 3089 822 3114; x_wconf 89' lang='lat' dir='ltr'><strong>uu.</strong></span> <span class='ocrx_word' id='word_1_423' title='bbox 865 3075 942 3115; x_wconf 88' lang='lat' dir='ltr'><strong>duo</strong></span> <span class='ocrx_word' id='word_1_424' title='bbox 979 3076 1153 3127; x_wconf 86' lang='lat' dir='ltr'><strong>Turpilii</strong></span> <span class='ocrx_word' id='word_1_425' title='bbox 1192 3075 1388 3116; x_wconf 90' lang='lat' dir='ltr'><strong>Demetrii</strong></span> <span class='ocrx_word' id='word_1_426' title='bbox 1427 3089 1488 3128; x_wconf 85' lang='lat' dir='ltr'><strong>ap.</strong></span> <span class='ocrx_word' id='word_1_427' title='bbox 1527 3077 1629 3116; x_wconf 90' lang='lat' dir='ltr'><strong>Non.</strong></span> <span class='ocrx_word' id='word_1_428' title='bbox 1656 3091 1693 3129; x_wconf 89' lang='lat' dir='ltr'><strong>p.</strong></span> <span class='ocrx_word' id='word_1_429' title='bbox 1722 3078 1806 3117; x_wconf 84' lang='grc'><strong>488</strong></span> 
     </span>
    </p>
   </div>
  </div>
 </body>
</html>
