2060 3444
282 293 370 335 314
767 291 1053 328 XXVI—XXIX
1078 304 1114 327 u.
1141 295 1341 327 ees—ece.

279 408 409 455 ferum
445 419 540 445 nam
574 402 757 455 yenus''.’
820 405 931 445 Idem
956 419 994 455 p.
1023 406 1120 454 217,
1148 406 1172 444 5
1214 402 1422 444 ‘Pertisum
1457 405 1499 444 di
1751 406 1821 456 qui

282 467 365 505 Pau
602 461 614 480 ’
646 465 764 504 Pauli
799 466 893 516 epit.
918 478 955 515 p.
984 466 1068 503 216
1110 462 1320 516 ‘pertisum
1347 478 1420 516 pro
1452 467 1681 516 pertaesum
1712 465 1820 505 dixe-

280 523 389 565 runt'
422 540 460 576 p.
490 527 543 564 72
584 522 785 565 ‘distisum
823 528 864 564 et
900 526 1095 576 pertisum
1133 522 1331 565 dicebant'
1360 538 1391 564 e.
1418 538 1454 576 q.
1481 538 1511 565 s.
1544 524 1624 566 Cic.
1651 538 1706 565 or.
1734 525 1818 565 159

282 584 344 625 ‘ex
377 599 454 636 quo
487 585 650 636 quidam
681 587 876 636 pertisum
908 585 1031 624 etiam
1061 585 1220 635 uolunt,
1259 585 1367 635 quod
1401 585 1539 624 eadem
1576 585 1820 625 consuetudo

281 659 359 686 non
390 643 605 696 probauit'.
668 645 834 692 Quintil.
859 645 880 684 I
908 647 945 695 7,
973 646 1027 684 25
1061 641 1248 684 ‘uortices
1281 646 1321 684 et
1356 657 1495 685 uorsus
1532 647 1742 696 ceteraque
1777 645 1821 684 in

281 706 448 746 eundem
479 705 659 755 modum,
696 718 797 756 quae
829 706 982 756 primus
1014 705 1148 756 Scipio
1179 704 1393 744 Africanus
1423 706 1466 744 in
1498 718 1519 745 e
1549 705 1727 745 litteram
1762 718 1820 745 se-

281 766 451 805 cundam
475 765 643 805 uertisse
669 762 844 805 dicitur’.
895 765 1092 815 Scipionis
1111 764 1302 816 loquendi
1319 766 1646 805 consuetudinem
1663 764 1821 804 Lucilio

278 839 360 866 non
390 827 530 876 utique
561 826 758 876 placuisse
789 826 990 865 testantur
1023 825 1174 876 passim
1203 825 1327 865 Nonii
1364 825 1465 869 codd
1503 821 1618 879 (conf
1649 824 1820 865 indicem

280 900 446 938 gramm.
474 899 504 925 s.
525 899 562 924 u.
582 880 876 939 orthoyraphia)
910 885 980 936 qui
1010 884 1229 936 praebeant
1260 885 1476 924 exaduorso
1508 885 1674 925 similia:
1701 897 1822 935 quam

284 945 483 996 Scipionis
514 945 706 995 loquendi
736 945 1063 985 consuetudinem
1092 945 1166 984 hoc
1191 945 1278 985 loco
1303 946 1423 996 poeta
1445 944 1658 996 impugnat
1682 945 1821 984 facete.

282 1006 480 1057 Scipionis
519 1005 755 1045 meminerat
791 1007 838 1044 ut
873 1006 954 1044 uiri
995 1004 1217 1044 doctissimi
1260 1004 1363 1044 libro
1406 1006 1454 1044 ut
1495 1005 1655 1044 uidetur
1690 1004 1823 1044 XXVI

282 1080 318 1104 u.
347 1066 452 1105 594:
482 1065 574 1104 uide
605 1065 672 1104 lib.
698 1065 851 1104 XXVII
876 1079 914 1103 u.
942 1065 1039 1104 688.
1101 1065 1249 1105 Versus
1282 1065 1447 1104 alterius
1479 1064 1609 1104 exitus
1641 1065 1703 1104 est
1739 1077 1822 1104 cor-

283 1127 444 1175 ruptus:
482 1138 502 1164 e
539 1126 686 1164 litteris
726 1122 866 1164 ‘dicere
901 1126 1031 1173 ferum
1067 1137 1161 1164 nam
1194 1122 1332 1174 yenus'
1372 1124 1649 1164 Lachmannus
1693 1124 1824 1164 effecit

283 1182 424 1225 ‘dicere
456 1188 725 1224 aerumnamst
754 1181 881 1235 opus’‚
917 1186 977 1224 ita
1006 1186 1052 1223 ut
1083 1184 1303 1236 personalis
1341 1186 1395 1224 sit
1432 1186 1673 1225 constructio
1710 1183 1824 1224 uerbi

276 1247 490 1295 pertisum,
534 1245 605 1284 alii
643 1245 734 1284 alia.
803 1245 889 1296 Ego
928 1245 1070 1295 scripsi
1109 1241 1253 1284 ‘dicere
1292 1245 1512 1284 humanum
1554 1241 1708 1296 genus’,
1749 1256 1823 1296 pro

282 1306 474 1344 homt‘nem
517 1305 749 1356 genetiuum
793 1304 965 1344 arbitror
1008 1304 1180 1355 pluralis
1224 1317 1306 1344 esse
1349 1304 1659 1344 restituendum:
1703 1304 1823 1344 sicuti

285 1364 419 1416 Scipio
456 1365 643 1404 similiter
680 1377 743 1415 ap.
768 1364 940 1404 Macrob.
968 1363 1126 1403 Saturn.
1151 1364 1214 1403 111
1241 1365 1308 1414 14,
1336 1365 1359 1403 7
1399 1365 1560 1415 scripsit
1598 1361 1720 1415 ‘quod
1758 1376 1823 1403 me

282 1425 526 1476 reipublicae
563 1425 733 1463 maxime
770 1425 995 1464 miseritum
1033 1420 1119 1463 est'.
1183 1423 1391 1463 Sententia
1426 1424 1554 1477 igitur
1588 1424 1823 1475 imperfecta

283 1486 345 1524 est
388 1487 428 1523 et
471 1484 733 1523 antecedebat
769 1484 884 1523 uelut
927 1480 1060 1523 ‘debes
1105 1480 1267 1523 tamen'.
1339 1483 1467 1523 Locus
1511 1485 1693 1534 sumptus
1739 1495 1822 1523 esse

282 1544 442 1583 uidetur
473 1557 519 1582 ex
551 1545 730 1583 oratione
761 1543 958 1595 Scipionis
992 1544 1034 1582 in
1068 1556 1147 1594 qua
1176 1544 1357 1583 homines
1383 1544 1646 1595 descripserat
1675 1544 1823 1594 turpis-

283 1605 404 1643 simos
435 1606 476 1643 et
499 1603 689 1654 perditos,
719 1605 859 1655 utpote
886 1617 1055 1655 quorum
1081 1603 1228 1643 dudum
1253 1604 1415 1643 taedeat
1440 1616 1565 1656 genus
1591 1604 1821 1642 humanum.

403 1659 514 1704 965.
546 1664 694 1703 Paulus
725 1676 771 1702 ex
802 1664 921 1703 Festo
953 1677 990 1714 p.
1018 1664 1116 1713 276,
1146 1665 1168 1702 7
1203 1661 1484 1715 ‘Remeligines
1517 1666 1557 1703 et
1586 1676 1763 1703 remorae
1799 1676 1824 1703 a

283 1723 474 1763 morando
512 1724 652 1763 dictae.
687 1755 694 1762 .
723 1755 730 1762 .
760 1755 767 1763 .
793 1726 834 1763 et
869 1723 1049 1763 Lucilius
1087 1719 1313 1772 “quaenam
1350 1736 1427 1764 uox
1465 1737 1510 1763 ex
1550 1726 1590 1763 te
1634 1735 1823 1763 resonans

284 1797 370 1823 meo
421 1783 547 1835 gradu
596 1796 794 1823 remoram
849 1779 1008 1823 facit’'.'
1089 1783 1230 1823 Festus
1268 1797 1305 1834 p.
1334 1785 1438 1834 277,
1467 1785 1491 1823 5
1537 1780 1548 1799 ‘
1554 1814 1704 1822 .....
1733 1795 1822 1823 11160

285 1857 330 1894 gr
334 1874 554 1882 .......
560 1840 570 1857 ’
623 1843 757 1883 Verba
788 1857 834 1883 ex
865 1843 1073 1895 tragoedia
1104 1844 1264 1894 sumpta
1296 1845 1406 1883 sunt:
1445 1856 1490 1883 ex
1528 1846 1596 1883 tete
1632 1855 1823 1884 resonans

284 1903 515 1951 Muellerus,
555 1904 739 1952 contemplo
769 1915 957 1942 resonans
988 1903 1285 1953 LachmannuS‚
1323 1914 1368 1942 ex
1402 1906 1493 1943 tecto
1524 1903 1740 1954 Bergkius‚
1778 1915 1823 1943 ex

285 1963 378 2002 aede
415 1963 656 2002 Ribbeckius
693 1963 817 2014 praef.
850 1963 942 2002 edit.
969 1962 1071 2001 TRF
1095 1962 1137 2001 H
1161 1976 1199 2013 p.
1225 1962 1354 2002 LXXI
1392 1963 1461 2013 qui
1498 1975 1647 2002 nouum
1693 1962 1824 2002 adfert

283 2023 558 2061 testimonium
583 2022 630 2060 A.
657 2022 740 2061 Mai
770 2022 883 2061 class.
910 2024 1012 2061 auct.
1039 2022 1138 2060 VH]
1164 2023 1267 2061 355:
1311 2022 1416 2061 unde
1452 2024 1587 2062 tamen
1628 2023 1731 2062 nihil
1772 2022 1823 2062 ad

285 2082 600 2121 emendationem
632 2083 764 2132 potest
796 2083 925 2121 acciri.
988 2082 1074 2133 Ego
1110 2081 1241 2121 sedem
1279 2083 1527 2132 corruptelae
1564 2082 1741 2121 indicaui
1779 2084 1823 2121 in

284 2154 381 2180 uoce
407 2153 620 2190 quaenam:
643 2154 737 2181 nam
763 2143 942 2192 expectes
967 2154 1046 2180 non
1072 2153 1171 2190 quae
1197 2141 1265 2180 sed
1289 2142 1418 2191 qualis
1439 2154 1668 2192 pronomen.
1712 2142 1821 2193 Ergo

285 2202 498 2249 (lucianam
528 2201 835 2240 restituendum:
866 2202 926 2240 ita
951 2202 1058 2240 enim
1082 2201 1268 2240 locuntur
1292 2202 1446 2241 ueteres
1472 2202 1659 2241 scaenici:
1691 2202 1821 2241 Plaut.

286 2260 386 2298 Rud.
415 2262 498 2300 229
534 2257 741 2311 ‘quoinam
772 2274 851 2300 uox
882 2261 982 2300 mihi
1018 2273 1140 2311 prope
1177 2260 1242 2300 hic
1279 2258 1437 2301 sonatP’
1472 2262 1556 2301 332
1597 2258 1735 2312 ‘quoia
1772 2261 1822 2300 ad

286 2321 394 2359 auris
425 2333 503 2359 uox
533 2322 590 2359 mi
621 2317 875 2360 aduolauit?
907 2320 1090 2360 Bacchid.
1119 2322 1203 2360 979
1238 2317 1470 2371 ‘quoianam
1500 2334 1580 2361 uox
1610 2334 1735 2372 prope
1760 2334 1822 2360 me

286 2377 444 2419 sonatP'
490 2380 597 2419 Trin.
625 2381 679 2419 45
723 2378 858 2431 ‘quoia
895 2380 959 2420 hic
1001 2393 1078 2419 uox
1121 2394 1245 2454 prope
1287 2393 1350 2420 me
1394 2377 1551 2421 sonat?
1597 2380 1708 2421 Curc.
1737 2382 1820 2420 113

287 2435 424 2489 ‘quoia
471 2453 549 2479 uox
598 2442 715 2479 sonat
762 2437 945 2508 proculP’
991 2442 1075 2479 229
1124 2438 1301 2491 ‘quoiam
1351 2453 1490 2480 uocem
1539 2453 1614 2492 ego
1665 2437 1823 2480 audio?’

286 2499 402 2538 Merc.
430 2500 516 2538 864
555 2497 702 2539 ‘nescio
741 2501 862 2550 quoia
899 2513 976 2539 uox
1014 2500 1066 2539 ad
1103 2512 1216 2539 aures
1253 2502 1311 2539 mi
1348 2497 1572 2540 aduolauit'
1609 2500 1679 2540 ubi
1722 2500 1823 2540 codd

286 2558 403 2598 modo
434 2561 551 2610 recte,
583 2559 700 2598 modo
732 2562 832 2610 cuia,
863 2560 980 2599 modo
1011 2561 1116 2608 quia,
1147 2572 1222 2599 cua.

406 2614 518 2658 966.
552 2618 713 2658 Seruius
751 2621 892 2659 auctus
930 2619 981 2657 ad
1010 2619 1209 2659 Aeneidos
1234 2619 1293 2658 VI
1320 2622 1341 2658 1
1379 2616 1404 2659 ‘.
1432 2650 1439 2658 .
1468 2651 1475 2658 .
1502 2619 1640 2659 classis
1677 2620 1823 2659 dicitur

214 2704 220 2709 .
286 2677 352 2716 uel
385 2678 490 2728 quod
520 2678 591 2717 fiat
622 2679 670 2717 de
701 2679 884 2719 fustibus.
947 2679 1057 2718 calas
1087 2673 1164 2733 (ita
1192 2678 1434 2729 Stephanus:
1470 2680 1574 2719 cales
1611 2681 1676 2720 uel
1711 2680 1822 2720 kales

285 2732 402 2791 codd)
441 2739 546 2776 enim
577 2738 761 2777 dicebant
793 2739 964 2778 maiores
1000 2740 1128 2778 nostri
1164 2740 1289 2778 fustes
1327 2752 1426 2790 quos
1463 2739 1682 2790 portabant
1717 2740 1823 2779 serui

287 2799 495 2847 sequentes
527 2797 708 2837 dominos
746 2798 797 2838 ad
832 2799 1046 2848 proelium3
1083 2798 1189 2838 unde
1227 2800 1348 2838 etiam
1385 2799 1543 2839 calones
1575 2799 1820 2839 dicebantur.

286 2870 380 2895 nam
411 2858 652 2897 consuetudo
685 2860 771 2897 erat
800 2858 942 2897 militis
973 2858 1155 2908 Romani,
1186 2859 1233 2897 ut
1262 2859 1348 2909 ipse
1381 2859 1457 2898 sibi
1489 2872 1600 2898 arma
1630 2860 1822 2910 portaret,

286 2917 371 2966 ipse
397 2917 561 2956 uallum.
611 2918 763 2956 uallum
790 2920 923 2957 autem
950 2918 1134 2957 dicebant
1159 2919 1305 2968 calam3
1331 2919 1433 2957 sicut
1451 2919 1630 2959 Lucilius
1656 2915 1821 2959 “scinde

287 2976 416 3015 calam
446 2978 492 3014 ut
522 2975 698 3026 caleas''‚
735 2978 777 3016 id
809 2979 869 3017 est
899 2974 955 3017 “o
986 2991 1102 3027 puer,
1138 2979 1278 3029 frange
1308 2978 1436 3018 fustes
1467 2981 1508 3018 et
1544 2979 1608 3018 fac
1645 2974 1821 3018 focum”.

285 3035 379 3076 inde
410 3048 503 3090 ergo
545 3037 712 3077 classem
748 3037 896 3076 dictam
934 3037 1082 3078 dicunt.
1145 3034 1230 3077 alii'
1257 3051 1288 3076 e.
1316 3051 1352 3090 q.
1379 3050 1408 3077 s.
1457 3039 1568 3079 Paul.
1595 3038 1699 3079 Fest.
1726 3039 1820 3090 epit.
