2060 3444
280 264 367 307 352
762 259 891 295 incert.
919 258 995 296 sed.
1021 270 1057 294 u.
1086 261 1332 294 1106—1109.

280 377 560 416 Archestratus
612 387 674 425 ap.
721 373 972 412 Athenaeum
1003 372 1059 411 IX
1097 384 1133 423 p.
1163 371 1296 411 384ss
1335 372 1431 425 (58,
1465 374 1485 410 1
1510 365 1695 424 Brandt.)
1750 367 1816 410 καὶ

275 433 547 488 Ἀρχέστρατος
584 432 627 474 ἐν
658 436 711 489 τῷ
745 431 1036 488 πολυθρυλήτῳ
1073 430 1264 483 ποιήματι
1301 427 1498 484 <οῢτ>ως·
1536 428 1602 469 καὶ
1641 435 1816 470 σιτευτοῦ

278 495 399 549 χηνὸς
448 493 548 547 ὁμοῦ
599 492 756 541 σκεύαζε
800 490 956 532 νεοττόν
1001 489 1120 531 ὀπτὸν
1164 489 1296 538 ἁπλῶς
1338 489 1404 530 καὶ
1446 490 1560 531 τόνδε
1603 491 1672 529 ubi
1712 492 1816 529 recte

278 554 527 595 Archestrati
583 554 752 593 editores
809 550 984 592 σιτευτόν
1043 564 1132 590 cum
1187 551 1250 589 W.
1288 550 1505 590 Ribbeckio
1561 551 1815 600 scripserunt.

280 616 475 655 Similiter
504 613 686 665 pthisicis
717 613 867 652 mederi
896 612 1024 650 tradit
1048 611 1149 650 Plin.
1174 612 1256 651 nat.
1282 611 1374 650 hist.
1399 610 1573 649 XXVIII
1600 611 1685 650 230
1719 606 1815 649 ‘suis

279 676 450 715 feminae
480 675 612 713 herbis
642 674 782 723 pastae
811 668 1012 712 laridum'.

404 729 544 774 1107.
571 734 753 773 Donatus
779 732 830 771 ad
855 731 1030 771 Terentii
1056 731 1294 770 Eunuchum
1319 730 1360 768 II
1387 731 1425 779 3,
1452 731 1506 768 45
1527 743 1565 780 p.
1587 730 1671 768 343
1685 729 1816 769 Wess-

280 795 366 834 neri
405 792 589 833 ‘Gemens
631 794 766 831 autem
809 792 858 831 ob
903 792 1134 831 continuam
1176 791 1328 830 tussim.
1379 790 1434 829 sic
1471 789 1647 829 Lucilius
1693 786 1817 828 “ante

280 856 384 894 fores
417 856 553 893 autem
585 855 625 892 et
655 853 823 892 triclinii
852 852 994 891 limina
1025 852 1179 900 quidem
1211 845 1394 904 (quidam
1420 851 1506 888 edit.
1525 846 1610 903 pr.)
1639 849 1817 899 perditus

280 916 418 953 tiresia
449 915 551 953 tussi
582 913 831 965 grandaeuus
863 907 1110 962 gemebat”.'
1159 913 1263 960 fores
1295 913 1330 949 et
1365 911 1503 948 limina
1539 908 1817 959 hendiadyoin.

282 974 531 1014 Describitur
561 973 790 1012 conuiuium
816 971 1035 1011 sordidum:
1068 972 1140 1021 qui
1164 971 1311 1021 excipit
1336 970 1525 1009 conuiuas
1551 969 1818 1018 aduenientes,

282 1046 418 1073 seruus
457 1035 544 1072 erat
580 1045 714 1082 senex,
751 1032 956 1081 deformis,
995 1032 1098 1071 tussi
1133 1030 1329 1081 perditus:
1374 1026 1470 1068 ‘iam
1507 1031 1666 1068 mortua
1701 1024 1818 1068 tussi’

283 1094 397 1133 Lucr.
422 1093 481 1132 IV
510 1094 635 1132 1167.
686 1091 765 1131 Cic.
791 1092 833 1129 in
860 1091 938 1131 Pis.
966 1092 1019 1130 67
1056 1088 1175 1129 ‘serui
1207 1089 1402 1130 sordidati
1438 1089 1686 1138 ministrant,
1722 1101 1817 1127 non-

282 1154 383 1192 nulli
428 1154 550 1192 etiam
593 1149 731 1192 senes'.
809 1151 929 1190 Libro
955 1150 993 1188 V
1037 1151 1248 1200 adscripsit
1283 1149 1561 1188 Lachmannus
1604 1149 1673 1187 ubi
1717 1148 1818 1187 alius

282 1225 418 1253 seruus
456 1214 698 1251 memoratur
722 1225 759 1249 u.
789 1212 871 1249 226
906 1210 1082 1250 Tiresiae
1120 1209 1315 1260 aequalis:
1352 1222 1479 1259 neque
1510 1210 1645 1247 tamen
1676 1207 1818 1258 proba-

282 1273 361 1311 bile
394 1275 453 1312 est
481 1274 522 1310 in
549 1272 687 1311 eadem
712 1273 848 1311 satura
875 1270 1011 1309 eodem
1036 1270 1124 1309 loco
1149 1270 1210 1309 bis
1236 1269 1385 1308 eisdem
1410 1281 1526 1307 usum
1551 1280 1633 1307 esse
1658 1269 1819 1318 poetam

283 1334 450 1372 facetiis.
501 1332 631 1379 Quare
663 1344 736 1382 ego
767 1331 860 1369 libri
884 1330 942 1368 VI
972 1342 1108 1369 uersus
1140 1342 1223 1369 esse
1248 1328 1482 1368 crediderim
1507 1328 1576 1366 ubi
1601 1329 1819 1367 cinerarius

282 1394 447 1432 claudus
490 1391 726 1431 describitur
758 1405 794 1429 ιι.
826 1391 929 1442 249„
972 1390 1141 1429 triclinii
1183 1392 1263 1428 tres
1307 1388 1465 1440 grabati
1509 1401 1532 1427 a
1575 1387 1818 1426 Deucalione

282 1452 452 1491 restibus
483 1451 586 1491 tenti
610 1465 647 1489 u.
676 1452 780 1489 251:
819 1451 911 1489 aute
943 1462 1060 1500 quem
1085 1463 1122 1488 u.
1148 1449 1324 1500 positum
1354 1449 1476 1487 fuisse
1508 1448 1583 1486 hoc
1620 1448 1818 1499 fragmen-

282 1514 370 1551 tum
400 1513 487 1551 iure
518 1511 740 1562 suspiceris.
787 1510 1042 1560 yramdaeuus
1073 1522 1094 1548 e
1125 1509 1332 1560 tragoedia
1362 1508 1529 1546 Pacuuii
1552 1507 1711 1546 uidetur
1736 1519 1819 1546 esse

288 1573 490 1622 sumptum
523 1571 591 1622 qui
622 1571 772 1621 primus
804 1569 948 1609 dixerit
974 1570 1258 1618 yrandaeuitas
1288 1562 1393 1622 (162
1408 1563 1474 1621 R).

406 1626 548 1671 1109.
585 1631 733 1670 Paulus
777 1643 825 1669 ex
860 1629 979 1668 Festo
1011 1643 1048 1679 p.
1077 1630 1160 1668 312
1208 1625 1428 1667 ‘Stlembus
1473 1628 1625 1679 grauis,
1668 1626 1819 1676 tardus,

284 1692 385 1731 sicut
417 1691 593 1730 Lucilius
624 1690 790 1740 pedibus
822 1689 1035 1729 stlembum
1066 1689 1168 1728 dixit
1199 1701 1344 1738 equum
1374 1688 1534 1739 pigrum
1566 1688 1607 1726 et
1630 1683 1819 1726 tardum’.

283 1752 424 1790 Festus
454 1765 492 1802 p.
522 1751 627 1800 313,
656 1752 710 1789 10
750 1746 761 1763 ‘
767 1779 1066 1788 ........
1100 1749 1252 1800 grauis,
1296 1749 1360 1787 tar
1391 1769 1603 1773 ‹e-fflw-
1635 1746 1821 1795 apuh‘dae

284 1825 332 1862 pe
416 1836 457 1838 --—
597 1822 685 1849 cum
716 1810 820 1848 refer
983 1831 1007 1834 ν
1032 1806 1085 1846 Β.
1135 1808 1256 1848 Recte
1294 1810 1446 1846 ueteres
1485 1805 1654 1846 editores
1694 1806 1822 1845 ueluti

286 1870 477 1920 Corpetus
517 1866 731 1920 ‘Apulidae
769 1868 935 1919 pedibus
973 1865 1159 1907 stlembi':
1199 1868 1301 1906 libro
1327 1867 1389 1905 III
1425 1866 1569 1905 tribuit
1604 1866 1819 1905 Muellerus

286 1930 540 1969 coniunctum
581 1942 670 1968 cum
706 1928 773 1966 lib.
799 1927 857 1966 IV
882 1942 920 1966 u.
949 1928 1031 1966 163
1059 1929 1196 1967 incert.
1228 1940 1267 1965 u.
1297 1928 1422 1965 1207.
1491 1926 1625 1976 Equos
1666 1925 1820 1976 Apulos

286 1991 480 2028 memorat
503 1989 632 2027 Varro
663 2001 736 2027 rer.
762 1989 859 2026 rust.
885 1987 927 2025 H
955 1988 992 2036 7,
1019 1987 1043 2024 6
1073 1984 1224 2036 ‘itaque
1251 1986 1299 2024 ab
1325 1986 1399 2025 hoc
1424 1986 1576 2024 nobiles
1603 1998 1626 2024 a
1650 1986 1819 2037 regioni-

286 2049 358 2087 bus
397 2048 599 2097 dicuntur,
636 2047 678 2084 in
717 2046 884 2085 Graecia
921 2045 1139 2084 Thessalici
1177 2046 1269 2095 equi
1296 2058 1315 2081 ιιι
1344 2058 1383 2094 *,
1421 2044 1562 2094 Apuli,
1605 2045 1654 2083 ab
1692 2045 1821 2084 Rosea

287 2105 472 2146 Roseani'
511 2106 704 2145 Horatius
736 2119 849 2145 serm.
874 2105 894 2143 I
922 2106 960 2155 6,
987 2105 1041 2144 59
1086 2102 1249 2144 ‘circum
1285 2117 1347 2143 me
1388 2103 1624 2143 Satureiano
1668 2105 1821 2143 uectari

286 2180 380 2206 rura
412 2164 580 2205 caballo'
617 2166 686 2204 ubi
716 2164 939 2216 Porphyrio
972 2161 1216 2204 eSatureiani
1251 2165 1410 2203 nomine
1447 2163 1562 2202 fundi
1597 2164 1639 2201 in
1670 2163 1820 2214 Apulia

287 2227 368 2266 illis
399 2225 643 2276 temporibus
675 2226 796 2264 fuisse
828 2225 1013 2263 dicuntur
1037 2226 1135 2264 satis
1161 2224 1286 2275 ampli
1311 2237 1357 2263 ac
1382 2223 1534 2263 nobiles
1555 2254 1562 2262 .
1584 2254 1592 2262 .
1615 2254 1622 2262 .
1643 2222 1820 2274 Apulum
1893 2251 1896 2254 -

289 2288 422 2325 autem
454 2299 600 2336 equum
631 2298 703 2335 pro
735 2285 885 2335 optimo
917 2285 1055 2335 utique
1088 2284 1263 2335 accipere
1295 2280 1507 2323 debemus'.
1568 2283 1820 2322 Vocabulum

288 2346 470 2384 stlembus
502 2345 608 2395 quod
639 2345 800 2383 uidetur
837 2357 884 2383 ex
921 2357 1139 2395 agasonum
1175 2344 1314 2395 lingua
1350 2356 1433 2383 esse
1470 2344 1674 2393 sumptum
1712 2342 1819 2382 solus

288 2405 466 2444 seruauit
507 2405 684 2444 Lucilius
726 2406 786 2442 rei
829 2405 1022 2454 equestris
1073 2403 1397 2443 studiosissimus.
1465 2403 1657 2443 Horatius
1682 2402 1708 2441 l.
1734 2415 1763 2442 s.
1790 2414 1818 2441 s.

289 2478 377 2504 cum
414 2465 523 2503 dicat
547 2479 584 2503 u.
612 2465 666 2503 56
682 2477 789 2514 seqq.
828 2460 1054 2515 ‘singultim
1090 2476 1220 2514 pauca
1256 2464 1410 2502 locutus
1531 2475 1610 2501 non
1647 2475 1721 2514 ego
1758 2474 1820 2500 me

289 2526 394 2563 claro
426 2526 566 2563 natum
596 2527 728 2574 patre,
766 2536 844 2562 non
876 2536 948 2575 ego
986 2525 1133 2562 circum
1169 2536 1231 2562 me
1264 2522 1499 2562 Satureiano
1537 2523 1690 2561 uectari
1725 2534 1820 2560 rura

221 2618 227 2622 .
290 2584 442 2623 caballo
480 2584 549 2622 sed
580 2584 685 2634 quod
717 2596 825 2622 eram
856 2579 990 2621 narro’
1021 2584 1061 2622 et
1090 2576 1234 2621 Lucilii
1266 2582 1403 2621 diuitis
1442 2583 1552 2621 cuius
1589 2582 1694 2621 infra
1732 2594 1820 2620 cen-

290 2657 377 2683 sum
408 2657 491 2683 sese
523 2656 606 2683 esse
636 2644 788 2683 fatetur
810 2642 852 2681 II
880 2645 916 2693 1,
946 2643 998 2681 75
1031 2644 1072 2681 et
1102 2655 1239 2682 uersus
1270 2643 1379 2680 illius
1411 2641 1572 2680 uidetur
1594 2641 1820 2680 meminisse

290 2703 400 2742 cuius
424 2704 754 2754 hepthemimeres
773 2702 799 2741 l.
825 2714 854 2741 s.
881 2704 1042 2742 seruata
1066 2704 1143 2741 est:
1169 2702 1338 2752 denique
1363 2702 1554 2740 Horatius
1579 2701 1820 2740 adiectiuum

288 2762 446 2812 Apulus
471 2763 642 2801 euitauit
667 2763 747 2801 alia
770 2763 925 2801 ratione
951 2764 1070 2812 atque
1094 2761 1282 2801 Lucilius.
1327 2760 1403 2807 Qui
1428 2761 1626 2812 Apulidae
1649 2761 1821 2799 formam

289 2824 336 2860 ut
354 2822 656 2861 Tusculidarum
682 2821 864 2861 adhibuit
887 2821 1025 2861 incert.
1043 2835 1081 2860 u.
1105 2822 1217 2860 1259
1245 2822 1431 2860 creticam
1450 2821 1627 2872 genetiui
1650 2821 1820 2859 formam

289 2883 336 2920 ut
389 2883 578 2921 euitaret:
632 2884 692 2921 ita
747 2881 958 2920 Prusiades
1009 2875 1141 2935 (Varr.
1180 2883 1253 2920 sat.
1292 2881 1465 2931 Menipp.
1499 2874 1605 2934 407)
1653 2879 1821 2928 Ennius,

292 2941 497 2991 Scipiadas
533 2941 710 2980 Lucilius
736 2941 873 2980 incert.
899 2955 937 2980 u.
966 2942 1097 2991 1139,
1140 2940 1403 2979 Memmiadae
1440 2942 1576 2979 nostro
1612 2939 1820 2978 Lucretius

290 3000 311 3038 I
337 3001 410 3050 26,
443 3000 642 3041 Stoicidae
674 3001 809 3040 quen.
829 3001 870 3039 II
891 3002 960 3051 65,
1004 3000 1239 3039 Romulidae
1277 3000 1363 3039 alii:
1396 3000 1490 3039 conf
1522 2999 1642 3038 dubia
1678 2999 1818 3050 fragm.
