2060 3444
292 233 349 276 96
869 231 926 267 ·V'1
950 243 987 268 u.
1013 235 1216 270 2492-254.

286 358 537 397 magnaeque
568 344 690 384 fuisse
723 358 814 384 eum
846 345 1099 385 auctoritatis
1129 346 1173 384 in
1209 345 1366 385 familia
1401 345 1554 385 urbana
1592 347 1730 385 auctor
1767 346 1828 386 est

289 406 437 445 Seneca
469 405 517 444 de
549 406 743 445 constant.
777 417 862 456 cap.
888 405 983 444 XIV
1011 408 1047 445 1.
1099 405 1281 445 Zonatim
1310 405 1550 445 uocabulum
1579 405 1715 457 posuit
1745 405 1825 444 Lu-

288 465 402 505 cilius
440 478 487 504 ex
525 466 707 516 equitum
743 466 789 503 ut
826 464 986 504 uidetur
1024 478 1202 505 sermone
1240 467 1443 516 sumptum
1473 478 1546 516 pro
1570 477 1647 514 per
1674 477 1826 516 qyram.

288 525 467 564 eludebat
495 524 602 564 idem
633 526 694 564 est
725 526 846 575 atque
878 525 1126 565 claudicabat
1157 538 1180 565 a
1205 526 1365 565 claudeo
1391 525 1613 564 deductum.
1659 525 1829 564 Ridetur

289 584 445 624 seruitii
488 584 621 624 sordes
664 585 850 635 idemque
893 597 1031 625 uersus
1074 585 1191 625 istius
1235 586 1296 624 est
1338 585 1541 624 character
1588 586 1708 635 atque
1759 585 1829 635 qui

287 645 477 696 leguntur
521 644 658 684 incert.
683 658 749 683 uu.
779 646 891 684 1107
914 657 993 696 seq.
1027 646 1067 684 et
1101 643 1178 684 Cic.
1204 646 1247 684 in
1271 644 1349 684 Pis.
1378 646 1430 684 67
1472 641 1592 684 ‘serui
1633 643 1829 684 sordidati
1911 681 1917 685 ,

288 704 532 754 ministrant,
563 717 643 743 non
674 704 778 743 nulli
809 705 931 744 etiam
963 701 1090 745 senes'
1118 718 1149 744 e.
1171 718 1207 756 q.
1228 717 1257 744 s.
1308 705 1430 744 Deest
1459 704 1502 743 in
1532 718 1569 743 u.
1595 703 1672 743 fine
1701 716 1827 743 unum

288 764 530 803 uocabulum
563 764 690 803 ueluti
722 776 851 816 aeger.

411 819 521 865 251.
552 824 707 863 Nonius
737 838 775 876 p.
805 825 902 874 181,
929 825 980 863 21
1013 821 1156 864 ‘Teuta
1182 823 1333 863 dictum
1357 837 1429 875 pro
1456 825 1626 863 extensa.
1661 854 1668 862 .
1691 854 1698 862 .
1721 822 1827 862 ‚Lu-

289 884 404 924 cilius
437 886 663 935 satyrarum
694 883 761 923 lib.
788 884 847 923 VI
879 881 991 923 “tres
1013 916 1020 922 .
1043 916 1050 923 .
1073 916 1079 923 .
1100 881 1263 923 tenti''.’
1326 883 1614 924 Describuntur
1643 884 1724 922 tres
1755 884 1828 922 tri-

290 945 402 983 clinii
433 943 527 983 lecti
551 945 752 983 uetustate
778 945 956 995 corrupti
981 946 1022 983 et
1046 943 1197 983 sordidi
1222 956 1320 994 quos
1347 957 1370 983 a
1389 943 1631 983 Deucalione
1655 942 1828 982 restibus

267 1005 421 1043 tentos
453 1015 537 1043 esse
572 1005 693 1054 poeta
729 1005 975 1054 pronuntiat.
1040 1003 1190 1042 Similis
1228 1004 1338 1043 iocus
1377 1005 1437 1042 est
1466 1002 1537 1042 ΑΡ
1560 1002 1617 1041 XI
1645 1003 1698 1041 67
1737 1016 1828 1056 τρυ-

289 1062 392 1117 φερὴ
413 1063 502 1102 Λαῒ
514 1063 771 1118 κορωνεκᾶβη
790 1063 978 1115 Σισύφου
998 1058 1028 1103 ὦ
1049 1063 1186 1116 μάμμη
1206 1061 1272 1102 καὶ
1286 1062 1561 1111 Δευκαλίωνος
1579 1060 1743 1114 ἀδελφή.
1761 1063 1826 1101 71.

288 1122 440 1176 1ἤκμασε
478 1122 681 1176 Νικονόη,
711 1121 819 1176 κάγὼ
861 1121 968 1177 λέγω.
1018 1122 1169 1176 ἤκμασε
1213 1118 1251 1162 δ’
1298 1121 1398 1174 αὐτή
1441 1119 1560 1175 ἡνίκα
1597 1121 1828 1161 Δευκαλίων

289 1181 457 1223 ἄπλετον
481 1178 584 1222 εἶδεν
611 1183 717 1237 ὕδωρ
742 1183 917 1222 Martial.
937 1184 972 1222 X
994 1184 1048 1223 39
1077 1180 1200 1222 ‘Nata
1226 1195 1278 1233 es,
1303 1182 1459 1233 Lesbia,
1484 1194 1578 1234 rege
1595 1180 1779 1221 NumaP.
1796 1213 1826 1220 ..

291 1242 356 1282 Sic
388 1256 546 1294 quoque
582 1244 774 1282 mentiris.
836 1243 1021 1293 Namque
1052 1245 1100 1282 ut
1135 1245 1205 1282 tua
1243 1243 1400 1282 saecula
1438 1242 1564 1291 noris,
1603 1241 1696 1281 ficta
1733 1240 1828 1280 Pro-

290 1303 446 1342 metheo
490 1302 632 1342 diceris
673 1314 758 1342 esse
800 1299 914 1342 luto’.
989 1301 1184 1342 Grabatos
1233 1302 1404 1342 restibus
1452 1303 1585 1341 tentos
1634 1301 1827 1340 Horatius

291 1363 402 1413 epod.
429 1363 507 1401 XII
535 1363 587 1401 12
622 1360 785 1402 ‘cubilia
813 1359 954 1412 tenta',
986 1361 1085 1402 Cato
1111 1362 1159 1401 de
1185 1362 1272 1413 agri
1298 1362 1391 1401 cult.
1421 1363 1488 1411 10,
1515 1362 1539 1400 5
1568 1358 1706 1400 ‘lectos
1731 1360 1827 1400 loris

291 1419 511 1462 subteutos'
558 1422 753 1473 appellat:
796 1422 893 1461 conf
925 1421 1117 1472 Porphyr.
1144 1422 1195 1460 ad
1221 1421 1315 1460 Hor.
1341 1421 1367 1460 1.
1394 1433 1422 1461 s.
1449 1433 1477 1460 s.
1513 1420 1680 1460 Grabati
1721 1421 1827 1459 recte

290 1483 399 1521 solus
424 1482 457 1520 L
477 1495 527 1520 m.
552 1484 589 1531 1,
610 1483 793 1531 yrabbali
817 1482 982 1532 reliqui:
1011 1482 1214 1520 Rhinthon
1240 1476 1400 1535 (fragm.
1430 1482 1482 1519 11
1499 1474 1691 1532 Kaibelii)
1717 1479 1827 1519 uide-

291 1544 358 1581 tur
382 1542 585 1593 scripsisse
610 1541 844 1595 κράββατος,
870 1540 1012 1580 Graeci
1036 1541 1163 1580 ueluti
1187 1541 1395 1592 Epictetus
1420 1540 1462 1579 in
1486 1539 1644 1579 Arrian.
1674 1539 1827 1578 dissert.

290 1602 311 1640 I
332 1603 400 1651 24,
422 1603 475 1640 14
504 1600 721 1640 Christiani
741 1597 881 1655 (Marc.
901 1601 943 1640 H
963 1596 1009 1655 4)
1035 1599 1251 1655 κράβαττος
1277 1613 1396 1651 quam
1422 1600 1659 1651 scripturam
1679 1599 1827 1638 testan-

291 1664 360 1700 tur
390 1661 481 1713 Dig.
501 1661 674 1700 XXXIII
702 1663 738 1711 7,
766 1662 834 1706 20,
862 1661 887 1699 8
921 1663 961 1700 et
993 1660 1082 1700 Son.
1109 1673 1168 1712 ep.
1191 1661 1259 1710 20,
1286 1661 1310 1699 9
1345 1659 1424 1699 Cic.
1450 1659 1498 1698 de
1524 1659 1647 1698 diuin.
1673 1658 1715 1698 Π
1743 1659 1826 1698 129

291 1721 476 1760 nonnulli
506 1720 601 1760 boni
631 1720 735 1760 libri.
797 1720 886 1760 Vox
916 1722 1005 1772 ipsa
1035 1733 1108 1772 pro
1139 1720 1242 1760 lecto
1273 1721 1438 1771 ponitur
1471 1732 1561 1759 cum
1599 1719 1829 1769 contemptu

291 1782 332 1820 et
367 1782 548 1820 irrisione
587 1782 632 1820 ut
666 1780 841 1819 Martial.
867 1780 926 1819 VI
952 1781 1021 1831 39,
1047 1782 1073 1819 4
1113 1777 1170 1819 ‘in
1207 1779 1385 1832 grabatis
1421 1778 1700 1831 tegetibusque
1737 1790 1828 1818 con-

292 1838 426 1892 cepti’‚
457 1841 548 1880 uide
579 1840 647 1880 lib.
673 1840 783 1880 XXX
807 1854 844 1879 u.
874 1841 999 1880 1060.

412 1896 523 1941 252.
547 1901 704 1940 Nonius
723 1913 760 1951 p.
783 1900 881 1950 540,
903 1900 957 1939 25
985 1897 1242 1950 ‘Amfytapae
1260 1900 1390 1938 uestes
1416 1898 1604 1938 dicuntur
1627 1898 1828 1948 utrimque

291 1961 482 2000 habentes
513 1960 643 2000 uillos.
678 1991 685 1998 .
708 1991 716 1998 .
739 1991 745 1998 .
765 1959 871 1998 idem
901 1959 969 1998 lib.
995 1959 1054 1999 VI
1086 1956 1259 2010 “pluma
1285 1990 1292 1997 .
1314 1990 1321 1997 .
1344 1990 1351 1997 .
1378 1954 1654 1997 deliciarum'’.
1698 1957 1827 1996 Varro

291 2021 426 2059 Manio
459 2015 564 2074 (253
578 2014 632 2074 B)
666 2016 870 2059 “alterum
899 2018 998 2058 bene
1029 2020 1235 2070 acceptum
1266 2017 1435 2057 dormire
1467 2029 1587 2068 super
1612 2014 1828 2065 “amfitabo

290 2079 390 2119 bene
421 2076 595 2118 molli''.’
646 2079 706 2118 De
732 2079 975 2131 amphitapis
1001 2079 1096 2118 conf
1117 2091 1219 2130 quae
1246 2077 1473 2130 scripsimus
1499 2077 1550 2116 ad
1574 2076 1640 2115 lib.
1660 2077 1681 2115 I
1699 2090 1736 2115 u.
1761 2077 1826 2115 13.

293 2139 483 2179 Sordidus
526 2139 596 2178 ille
639 2139 775 2178 horret
817 2151 973 2179 omnem
1016 2150 1135 2178 cenae
1179 2139 1419 2190 apparatum
1467 2136 1738 2188 elegantioris:
1789 2136 1828 2174 et

293 2199 515 2251 stragulam
525 2200 675 2239 uestem
686 2199 899 2238 delicatam
910 2200 951 2238 et
961 2198 1146 2238 culcitam
1155 2199 1357 2249 plumeam
1365 2192 1462 2252 (Cic.
1471 2197 1583 2236 Tusc.
1591 2196 1653 2235 [11
1663 2198 1685 2234 1
1692 2196 1730 2246 9,
1738 2189 1825 2249 46).

291 2259 494 2298 Pluralem
526 2271 614 2298 cum
649 2259 845 2311 singulari
883 2258 1128 2298 consociauit
1158 2257 1336 2297 Lucilius
1374 2259 1420 2296 ut
1449 2256 1521 2295 lib:
1542 2256 1651 2295 XXX
1676 2269 1713 2294 u.
1742 2255 1825 2295 978

292 2319 361 2358 ubi
392 2319 484 2358 uide
517 2331 618 2369 quae
651 2318 947 2358 adnotauimus:
981 2315 1041 2358 ‘ut
1071 2318 1209 2370 pluma
1234 2319 1354 2368 atque
1380 2316 1454 2368 pili
1479 2316 1652 2368 primum
1677 2315 1827 2354 saetae-

294 2391 370 2430 que
419 2375 619 2419 creantur’
669 2378 826 2418 Lucret.
858 2378 896 2416 V
931 2379 1025 2418 788.
1105 2377 1166 2417 De
1214 2377 1353 2428 pluma
1405 2376 1501 2415 conf
1550 2376 1720 2426 interpp.
1777 2374 1828 2413 ad

292 2439 429 2478 quen.
455 2439 515 2477 VI
540 2439 595 2478 88
622 2438 800 2489 Ptopert.
826 2438 889 2477 D]
916 2439 953 2487 7,
981 2438 1047 2478 50.

414 2493 526 2539 253.
557 2498 712 2538 Nonius
747 2512 786 2549 p.
815 2499 918 2547 212,
953 2499 1006 2537 12
1051 2510 1097 2536 ex
1140 2496 1401 2548 grammatico
1441 2492 1643 2534 ‘Latrinas
1685 2505 1828 2546 genere

294 2559 495 2598 feminino.
530 2589 537 2596 .
566 2589 572 2596 .
601 2589 608 2597 .
634 2559 775 2597 neutro
818 2557 1011 2597 Laberius
1039 2589 1046 2595 .
1074 2588 1082 2595 .
1109 2587 1117 2595 .
1145 2551 1228 2611 (hic
1264 2556 1455 2595 latrinum
1497 2555 1630 2593 uentri
1654 2549 1685 2606 †
1708 2553 1827 2598 finem

293 2619 427 2658 locum
463 2612 595 2673 dixit).
662 2617 842 2657 Lucilius
879 2617 947 2656 lib.
972 2616 1032 2655 VI
1069 2614 1159 2655 ‘hoc
1194 2617 1240 2655 tu
1281 2617 1373 2667 apte
1416 2613 1542 2654 credit
1585 2625 1827 2664 quemquam

292 2679 442 2717 latrina
466 2674 674 2728 petisse''.’
724 2677 901 2716 Lucilius
927 2678 968 2716 et
991 2676 1059 2715 lib.
1082 2675 1140 2714 XI
1164 2689 1202 2714 u.
1230 2676 1317 2715 400
1348 2675 1534 2714 latrinam
1566 2674 1606 2712 et
1635 2672 1709 2712 hoc
1739 2673 1826 2711 loco

293 2738 504 2788 pluraliter
539 2737 688 2777 latrina
722 2737 858 2788 posuit
893 2749 966 2788 pro
1005 2732 1181 2775 balaneas
1217 2737 1258 2774 et
1293 2734 1450 2774 bamma
1487 2745 1588 2784 quae
1630 2731 1826 2772 uocabula

294 2811 432 2836 uersus
464 2797 685 2848 dactylicus
716 2809 795 2835 non
827 2797 936 2847 capit
962 2797 1187 2841 immutata.
1239 2793 1437 2844 Carpebat
1461 2792 1719 2832 conuiuarum
1745 2803 1826 2830 sor-

235 2881 241 2885 ,
295 2857 478 2896 didorum
507 2857 583 2897 hoc
613 2869 732 2895 uersu
762 2855 1027 2895 imbalnitiem
1058 2868 1176 2906 quem
1206 2866 1366 2893 uersum
1396 2866 1459 2892 me
1489 2865 1569 2891 non
1597 2851 1826 2902 intellegere

295 2917 423 2956 fateor
447 2917 528 2969 nisi
550 2916 736 2955 scribitur
762 2913 842 2954 ‘hic
865 2917 913 2955 tu
938 2916 1031 2966 apte
1056 2914 1184 2954 credis
1207 2926 1449 2965 quemquam
1470 2911 1618 2951 latrina
1635 2911 1781 2962 petisse
1789 2906 1823 2947 θ’

416 2970 525 3015 254.
558 2975 779 3026 Porphyrio
820 2974 871 3014 ad
906 2973 1069 3014 Horatii
1111 2986 1334 3014 sermonum
1358 2972 1380 3011 I
1406 2973 1449 3022 3,
1483 2973 1505 3010 1
1553 2967 1615 3009 ‘In
1658 2969 1826 3008 eundem
