2060 3444
297 268 384 312 194
944 265 1028 304 XVI
1052 280 1091 308 u.
1116 270 1195 304 519.

292 383 423 421 neutri
453 382 628 421 Lucilius
659 381 726 420 lib.
755 381 894 420 XVII
921 376 1035 435 (XVI
1060 382 1131 421 alii
1162 376 1276 434 codd)
1313 378 1446 432 “leyat
1481 383 1594 421 uxori
1631 382 1821 422 mundum

294 455 409 481 omne
440 438 723 492 penumque”.'
786 441 832 479 In
864 441 958 480 libri
988 454 1150 480 numero
1182 441 1277 479 XVI
1306 444 1412 481 recte
1450 441 1619 481 editores
1652 441 1824 482 Gellium

294 503 419 540 secuti
451 503 554 551 sunt,
587 514 676 540 cum
706 502 748 539 in
780 501 903 539 Nonii
933 500 1046 540 libris
1071 501 1187 539 XVII
1218 503 1425 552 corruptus
1457 502 1509 540 sit
1539 503 1701 552 propter
1726 503 1826 551 ἱεραί

296 561 409 599 uerbi
434 562 530 599 item
558 562 734 611 corrupti
752 560 924 611 primam
949 560 1142 600 litteram:
1169 560 1274 611 quod
1299 561 1420 599 Nonii
1445 561 1544 600 codd
1570 557 1693 600 FH¹E
1718 564 1824 600 recte

295 621 487 670 praebent
511 620 616 669 XVI,
649 620 708 670 id,
746 633 988 670 quamquam
1024 633 1111 659 cum
1145 619 1273 659 Gellio
1310 621 1379 659 isti
1416 622 1684 670 consentiunt,
1721 634 1825 660 noua

294 682 444 719 factum
489 693 571 719 esse
610 680 780 718 arbitror
824 680 1050 731 corruptela
1092 681 1224 730 potius
1269 693 1389 730 quam
1431 680 1622 719 librorum
1664 681 1824 720 illorum

292 740 548 791 praestantia.
598 740 646 778 In
677 753 793 779 uersu
826 740 950 778 altero
977 752 1000 778 a
1027 738 1155 778 Gellio
1182 740 1305 778 allato
1334 742 1487 779 ueteres
1513 739 1639 779 Gellii
1656 740 1824 780 editores

292 800 457 838 meliora
494 799 679 838 exhibent
725 812 843 849 quam
887 801 1079 838 recentes:
1122 799 1203 838 fere
1246 801 1351 838 recte
1395 801 1500 838 enim
1543 799 1604 837 illi
1646 801 1825 839 inserunt

293 862 405 908 atque
429 872 579 908 penum
610 872 711 909 quae
749 858 965 898 exciderint
997 861 1089 909 post
1124 859 1314 898 mundum
1340 881 1396 885 -—
1423 872 1495 910 ego
1526 871 1653 908 penus
1691 860 1824 910 aptius
1840 906 1848 915 ·

269 931 375 958 esse
414 919 586 958 arbitror
611 941 669 945 —
693 932 820 968 neque
856 920 991 957 tamen
1029 932 1076 957 ea
1113 918 1246 957 omitti
1283 920 1457 969 potuisse
1500 918 1644 969 prioris
1686 931 1823 958 uersus

293 979 440 1018 clamat
478 980 616 1018 exitus.
686 977 762 1024 Qui
799 978 902 1028 quod
943 978 1048 1028 apud
1086 978 1257 1017 Gellium
1296 979 1390 1017 talis
1432 979 1581 1030 legitur
1619 975 1823 1017 ‘mundum

292 1051 406 1077 omne
432 1040 552 1088 atque
576 1035 830 1089 penumque',
855 1038 971 1076 facile
996 1040 1192 1090 purgatur
1215 1038 1337 1076 Nonii
1362 1051 1492 1088 opera.
1536 1038 1687 1077 Tamen
1711 1041 1824 1087 atque

293 1098 398 1148 quod
429 1098 503 1137 hac
533 1098 687 1136 ratione
719 1097 954 1147 extruditur,
985 1098 1054 1147 qui
1085 1099 1223 1136 natum
1255 1098 1387 1147 fuerit,
1419 1110 1535 1149 aegre
1564 1098 1823 1149 intellegitur,

291 1158 369 1196 nisi
394 1171 440 1196 ex
467 1158 591 1200 altero
617 1171 734 1197 uersu
758 1158 961 1207 irrepsisse
987 1158 1191 1196 statueris:
1224 1157 1328 1207 quod
1357 1157 1434 1195 nisi
1459 1157 1822 1207 probabilissimum

291 1219 405 1267 esset,
439 1217 712 1268 suppleremus
746 1213 857 1267 ‘quid
887 1213 1067 1269 <penus‘?
1104 1213 1229 1269 quid>
1259 1214 1492 1255 mundumP’
1520 1230 1551 1255 e.
1578 1230 1614 1266 q.
1641 1229 1670 1255 s.
1734 1216 1820 1255 Ola-

289 1277 487 1316 rissimam
528 1277 897 1316 iurisconsultorum
938 1277 1000 1315 his
1037 1290 1102 1315 uu.
1140 1277 1276 1327 tetigit
1311 1276 1487 1315 Lucilius
1531 1277 1822 1326 quaestionem:

291 1337 439 1375 similes
498 1338 748 1386 quaestiones
803 1337 999 1375 tractarat
1048 1335 1133 1374 Sex.
1168 1335 1305 1375 Aelius
1342 1335 1462 1375 Catus
1501 1348 1575 1375 cos.
1591 1374 1595 1377 ,
1610 1335 1693 1374 556
1698 1331 1720 1387 s
1725 1338 1744 1374 1
1754 1337 1820 1386 98,

289 1396 330 1434 Ρ.
364 1396 539 1434 Rutilius
582 1397 709 1434 Rufus
753 1408 829 1435 cos.
875 1391 1090 1448 649s105,
1141 1395 1185 1442 Q.
1216 1396 1370 1434 Mucius
1408 1395 1599 1434 Scaeuola
1638 1395 1821 1434 Pontifex

290 1467 365 1494 cos.
389 1456 472 1494 659
478 1452 497 1508 s
503 1456 556 1494 95
585 1457 744 1495 auctore
769 1455 897 1494 Gellio
916 1455 975 1492 IV
1001 1458 1037 1504 1,
1064 1456 1119 1494 20
1147 1452 1372 1494 ‘Praeterea
1397 1455 1444 1494 de
1469 1468 1573 1506 penu
1599 1454 1821 1493 adscriben-

290 1514 384 1553 dum
414 1515 488 1554 hoc
520 1516 641 1554 etiam
679 1515 839 1566 putaui,
878 1514 1059 1553 Seruium
1092 1514 1312 1564 Sulpicium
1349 1517 1391 1553 in
1427 1515 1674 1564 reprehensis
1706 1514 1820 1554 Scae-

290 1575 405 1613 uolae
437 1574 635 1625 capitibus
668 1575 869 1625 scripsisse
902 1573 1000 1613 Cato
1032 1574 1146 1613 Aelio
1183 1575 1381 1624 placuisse
1412 1587 1491 1612 non
1523 1587 1624 1624 quae
1662 1574 1742 1613 esui
1781 1577 1821 1612 et

289 1635 402 1684 potui
434 1635 581 1684 forent,
619 1634 686 1673 sed
717 1636 782 1673 tus
814 1646 969 1685 quoque
1001 1635 1041 1672 et
1071 1646 1201 1673 cereos
1233 1635 1272 1672 in
1305 1646 1410 1684 penu
1442 1646 1543 1683 esse,
1582 1633 1685 1684 quod
1719 1636 1821 1673 esset

288 1694 370 1733 eius
402 1695 524 1733 ferme
554 1695 612 1732 rei
643 1706 762 1733 causa
793 1690 1081 1744 comparatum’
1114 1693 1205 1745 Dig.
1231 1693 1403 1732 XXXIII
1430 1695 1467 1743 9,
1495 1694 1533 1743 3,
1560 1694 1584 1732 9
1613 1690 1756 1745 ‘Ligna
1781 1695 1821 1732 et

288 1753 475 1793 carbones
507 1756 727 1803 ceteraque,
764 1767 835 1803 per
867 1766 967 1803 quae
998 1765 1121 1803 penus
1153 1753 1419 1805 conficeretur,
1451 1765 1502 1791 an
1525 1754 1668 1801 penori
1698 1753 1819 1802 leqato

288 1814 582 1863 contineantur,
621 1813 825 1863 quaeritur
862 1815 902 1852 et
932 1812 976 1858 Q.
996 1812 1150 1852 Mucius
1188 1815 1228 1852 et
1259 1812 1399 1852 Ofilius
1436 1814 1701 1864 negauerunt:
1738 1825 1816 1851 non

286 1874 415 1924 magis
449 1886 567 1922 quam
597 1873 743 1922 molae,
779 1872 983 1923 inquiunt,
1021 1872 1282 1911 continentur.
1326 1872 1432 1911 idem
1464 1874 1503 1910 et
1533 1873 1597 1910 tus
1633 1874 1672 1910 et
1709 1883 1816 1911 ceras

287 1933 480 1971 contineri
510 1933 766 1983 negauerunt.
817 1932 884 1970 sed
910 1931 1084 1970 Rutilius
1117 1934 1156 1970 et
1180 1933 1291 1983 ligna
1317 1934 1356 1971 et
1381 1931 1580 1981 carbones,
1613 1943 1714 1982 quae
1739 1943 1818 1970 non

286 1991 486 2030 uendendi
516 2004 635 2030 causa
660 1993 803 2042 parata
829 1993 931 2041 sunt,
964 1991 1155 2030 contineri
1181 1992 1250 2029 ait.
1295 1991 1380 2030 Sex.
1408 1994 1540 2029 autem
1565 1987 1595 2042 †
1622 1990 1817 2030 Caecilius

287 2045 444 2104 (Aelius
461 2047 571 2090 'recte
595 2045 843 2104 Maiansz‘us)
875 2050 997 2089 etiam
1027 2052 1092 2089 tus
1124 2053 1164 2089 et
1194 2063 1324 2089 cereos
1349 2052 1391 2088 in
1418 2050 1676 2088 domesticum
1700 2062 1815 2088 usum

284 2113 446 2160 paratos
478 2111 672 2150 contineri
702 2111 835 2162 legato
868 2106 1031 2149 scribit’.
1081 2109 1145 2148 Ad
1177 2110 1319 2148 Rutilii
1344 2109 1434 2148 Rufi
1464 2110 1587 2157 libros
1616 2111 1656 2148 et
1681 2109 1815 2148 studia

285 2169 430 2208 Lucilii
448 2182 584 2209 uersus
604 2172 781 2220 spectare
802 2170 1021 2220 suspicetur
1041 2170 1197 2219 aliquis,
1224 2183 1339 2219 quem
1357 2168 1502 2210 Lucilii
1521 2169 1730 2219 aequalem
1743 2169 1768 2207 1.
1784 2181 1813 2207 s.

286 2229 483 2268 nominari
519 2231 604 2268 iure
649 2231 707 2269 ait
749 2229 957 2268 Bremerus
993 2229 1156 2280 Iurispr.
1195 2229 1397 2270 antehadr.
1423 2229 1444 2267 I
1467 2242 1505 2279 p.
1533 2229 1607 2277 44,
1649 2230 1815 2279 negauit

285 2288 549 2329 Mommsenus
588 2288 720 2338 Symb.
747 2289 901 2328 Bethm.
928 2288 1121 2340 Hollweg.
1149 2288 1268 2327 oblat.
1295 2302 1331 2339 p.
1361 2290 1426 2327 92.
1499 2287 1655 2326 Similia
1700 2289 1816 2338 quale

284 2347 461 2387 Lucilius
499 2349 634 2399 posuit
670 2348 848 2400 ambigui
886 2349 1064 2399 exempla
1100 2361 1265 2398 posuere
1302 2348 1373 2386 alii
1415 2347 1591 2386 rhetores
1636 2348 1676 2386 et
1718 2347 1815 2386 iuris

285 2409 472 2447 consulti:
505 2407 582 2447 Cic.
609 2410 712 2459 part.
738 2421 792 2447 or.
821 2409 903 2447 107
939 2405 1000 2447 ‘ut
1030 2421 1119 2448 cum
1151 2420 1196 2447 ex
1226 2409 1458 2447 testamentis
1488 2408 1582 2456 quid
1610 2408 1662 2445 sit
1686 2418 1814 2455 penus

285 2470 356 2506 aut
399 2480 488 2506 cum
532 2481 579 2506 ex
621 2469 707 2520 lege
747 2468 886 2518 praedi
918 2469 1122 2517 quaeritur
1164 2479 1266 2518 quae
1309 2467 1389 2506 sint
1427 2468 1519 2505 ruta
1562 2478 1694 2516 caesa,
1736 2478 1816 2505 non

284 2527 422 2578 scripti
447 2540 583 2578 genuS,
608 2528 678 2566 sed
699 2527 814 2566 uerbi
839 2527 1113 2578 interpretatio
1139 2528 1448 2566 controuersiam
1470 2523 1582 2564 facit'
1604 2521 1816 2580 (Scaeuola

285 2599 347 2636 ap.
373 2587 603 2626 Bremerum
627 2588 652 2627 1·.
679 2600 708 2626 s.
734 2600 763 2627 s.
789 2601 826 2637 p.
850 2588 946 2637 104,
974 2581 1018 2641 7)
1062 2586 1152 2639 Dig.
1172 2586 1323 2624 ΧΧΧΠ
1351 2587 1447 2634 100,
1474 2587 1498 2624 2
1534 2582 1672 2623 ‘onri
1703 2597 1813 2624 meae

283 2648 445 2696 uestem,
474 2646 666 2685 mundum
695 2647 935 2692 muhebrem,
968 2647 1201 2685 ornamenta
1232 2647 1381 2695 omnia,
1418 2657 1559 2683 aurum
1590 2646 1811 2696 argentum,

284 2706 389 2755 quod
438 2706 520 2745 eius
569 2718 689 2745 causa
742 2706 893 2745 factum
946 2707 1208 2756 paratumque
1264 2705 1405 2754 esset,'
1432 2717 1546 2743 omne
1602 2704 1651 2743 do
1706 2700 1810 2756 lego’

208 2790 214 2794 -
284 2765 453 2803 XXXIV
480 2767 518 2815 2,
545 2767 613 2815 32,
641 2768 663 2804 7
700 2763 824 2804 ‘Titia
852 2766 1043 2804 mumdum
1072 2765 1297 2804 muliebrem
1329 2763 1526 2814 Septiciae
1555 2763 1725 2815 legauit:
1766 2776 1811 2802 ea

283 2824 453 2874 putabat
483 2824 559 2863 sibi
589 2826 724 2877 legata
755 2827 794 2863 et
833 2826 1067 2864 ornamenta
1103 2826 1144 2863 et
1179 2824 1344 2863 monilia
1371 2855 1378 2862 .
1408 2854 1415 2861 .
1444 2854 1452 2861 .
1479 2823 1704 2873 quaesitum
1741 2825 1811 2872 est,

284 2896 335 2921 an
377 2884 473 2923 haec
511 2885 644 2923 omnia
682 2885 827 2923 mundo
866 2880 1144 2923 continentur'.
1190 2883 1294 2922 Conf
1315 2883 1366 2921 ad
1391 2883 1483 2921 Her.
1509 2882 1529 2920 I
1557 2883 1623 2932 12,
1650 2883 1705 2920 20
1732 2880 1810 2920 Cic.

284 2942 331 2980 de
356 2944 438 2981 inu.
462 2943 504 2981 II
531 2944 614 2982 116
642 2944 737 2994 Top.
768 2945 833 2982 13.
897 2943 1024 2982 Sicuti
1055 2943 1231 2982 Lucilius
1262 2944 1322 2981 ita
1359 2954 1518 2981 exorsus
1556 2943 1615 2980 est
1645 2940 1811 2980 Alfenus

283 3001 373 3052 Dig.
399 3002 572 3040 XXXIII
600 3004 636 3052 7,
665 3004 732 3052 16,
759 3005 782 3040 2
812 3000 996 3048 ‘Quidam
1021 3004 1135 3041 uxori
1159 3001 1338 3051 fundum,
1371 3003 1430 3039 uti
1453 3002 1671 3039 instructus
1697 3001 1810 3049 esset,

2045 2979 2060 2990 “.
2055 2956 2060 2967 .-
2050 2660 2060 2935 ..·.va..,»-1m=.——n..-.u.a
