2060 3444
389 286 414 307 ,
846 263 897 310 1X
921 275 958 300 u.
985 266 1187 302 377—881.
1709 262 1794 306 143

244 378 388 420 habuit
419 377 526 430 apud
556 377 736 428 Latinos,
769 390 889 429 quam
921 377 1029 430 apud
1059 378 1197 419 Aeolis
1229 378 1442 430 digamma.
1504 376 1621 418 Vnde
1652 390 1677 418 a
1712 377 1796 429 ple-

244 440 380 490 risque
411 438 448 479 ei
478 451 624 479 nomen
654 438 730 478 hoc
761 438 891 489 datur,
924 439 1030 490 quod
1061 438 1168 490 apud
1199 437 1336 478 Aeolis
1371 438 1514 478 habuit
1548 438 1646 478 olim
1675 439 1707 478 f
1738 438 1798 478 di-

245 498 418 552 gamma,
447 499 491 538 id
522 500 582 539 est
614 495 758 538 “nau''
793 498 843 538 ab
874 500 1001 550 ipsius
1032 511 1130 539 uoce
1160 499 1384 550 profectum
1414 500 1517 539 teste
1549 498 1731 539 Varrone
1758 500 1799 538 et

245 559 439 611 Didymo,
478 561 549 610 qui
578 558 622 598 id
653 560 691 598 ei
727 572 872 613 nomen
911 572 994 599 esse
1033 556 1276 599 ostendunt’.
1338 559 1486 599 Anecd.
1512 558 1672 598 Heluet.
1699 559 1800 598 VIII

245 633 283 671 p.
312 620 411 670 223,
438 620 493 659 26
529 616 695 672 ‘Figura
727 619 866 676 itaque
896 620 1007 659 illius
1036 619 1240 672 digamma
1264 621 1443 659 uocatur.
1494 619 1678 659 Potestas
1703 632 1798 658 uero

246 680 423 720 eiusdem
453 692 536 719 uau
567 680 809 731 nominatur,
842 693 964 731 quam
996 680 1237 731 accipientes
1262 679 1399 719 Latini
1431 682 1652 731 posuerunt
1682 693 1801 731 super

245 754 272 780 u
310 742 595 781 consonantem
633 742 674 780 et
710 741 810 780 facit
846 754 873 779 u
911 753 1133 780 consonans
1171 740 1278 791 apud
1316 752 1406 790 nos,
1452 740 1558 790 quod
1596 740 1800 792 digamma

247 801 355 852 apud
392 797 579 841 Graecos'
609 832 617 841 .
645 832 653 840 .
681 832 689 841 .
717 795 824 855 (Ter.
852 800 986 840 Scaur.
1012 800 1092 840 VH
1116 814 1155 852 p.
1184 802 1252 851 17,
1280 795 1338 854 5).
1406 800 1574 840 Accedit
1615 801 1798 840 alterum.

246 861 375 901 Varro
407 862 451 901 in
485 861 588 901 libro
627 861 676 900 de
714 862 959 912 antiquitate
996 861 1225 900 litterarum
1263 861 1314 900 ad
1345 861 1389 900 L.
1410 861 1578 901 Accium
1616 862 1801 912 exposuit

245 924 347 962 teste
373 922 563 974 Pompeio
590 921 657 961 GL
683 921 720 959 V
744 935 783 973 p.
811 923 879 972 98,
907 923 961 960 22
997 918 1110 961 ‘olim
1134 920 1232 966 XVI
1256 922 1392 972 fuisse,
1423 922 1564 973 postea
1590 934 1636 961 ex
1662 934 1799 972 super-

245 982 326 1022 fluo
352 982 510 1022 additas
537 983 638 1022 alias
663 982 821 1021 litteras
848 983 889 1021 et
913 982 1041 1022 factas
1066 978 1230 1021 XXHI’.
1277 975 1588 1036 (Wflmannsius
1615 982 1663 1021 de
1682 982 1798 1021 Varr.

245 1043 359 1082 libris
391 1055 559 1095 gramm.
583 1056 622 1094 p.
650 1036 768 1097 219.)
825 1041 932 1082 Conf
957 1042 1147 1082 Priscian.
1173 1042 1215 1081 H
1239 1056 1277 1093 p.
1307 1044 1344 1094 7,
1373 1044 1426 1082 27
1463 1040 1534 1082 ‘Et
1565 1044 1659 1082 sunt
1688 1042 1799 1082 inde-

246 1103 453 1143 clinabilia
494 1104 580 1143 tam
625 1102 732 1154 apud
772 1101 943 1142 Graecos
987 1103 1274 1142 elementorum
1317 1104 1483 1142 nomina
1525 1116 1647 1154 quam
1691 1102 1798 1153 apud

245 1163 427 1214 Latinos,
458 1164 543 1204 siue
570 1163 676 1214 quod
702 1176 726 1202 a
750 1162 932 1203 barbaris
956 1164 1124 1203 inuenta
1149 1163 1347 1214 dicuntur,
1381 1163 1487 1214 quod
1513 1176 1597 1203 esse
1623 1163 1800 1203 ostendit

246 1223 376 1264 Varro
407 1224 450 1262 in
473 1224 517 1263 H
547 1223 595 1263 de
627 1224 872 1274 antiquitate
904 1224 1133 1263 litterarum
1164 1224 1308 1263 docens
1339 1224 1479 1276 lingua
1506 1222 1799 1263 Chaldaeorum

248 1284 501 1336 singularum
530 1284 694 1324 nomina
724 1284 954 1324 litterarum
986 1284 1038 1323 ad
1064 1298 1199 1324 earum
1225 1285 1375 1323 formas
1402 1297 1486 1324 esse
1511 1281 1636 1324 facta'
1657 1298 1688 1324 e.
1710 1297 1747 1335 q.
1768 1297 1797 1324 s.

247 1344 347 1384 Cum
384 1346 555 1385 sciamus
593 1344 813 1384 Varronem
839 1344 956 1384 XVH
998 1345 1089 1384 illas
1126 1357 1208 1384 una
1249 1346 1458 1384 nominum
1499 1346 1656 1384 ratione
1695 1357 1798 1384 com-

246 1405 461 1456 prehensas
507 1405 666 1445 litteras
713 1405 918 1456 probasse,
965 1405 1038 1445 has
1072 1405 1168 1444 XVI
1205 1405 1356 1456 priscas
1400 1407 1486 1445 sine
1535 1405 1656 1445 dubio
1701 1405 1799 1445 dicit

247 1465 406 1505 easdem
430 1467 594 1516 excepta
619 1479 646 1518 g
670 1466 819 1516 littera,
851 1478 972 1516 quam
998 1465 1197 1505 addidisse
1225 1465 1291 1517 Sp.
1319 1465 1542 1505 Caruilium
1568 1465 1634 1517 Sp.
1660 1466 1687 1504 1.
1711 1466 1798 1516 ipse

246 1526 376 1566 Varro
409 1527 549 1565 auctor
580 1528 650 1566 est.
683 1520 810 1581 (Plut.
838 1539 902 1576 qu.
928 1526 1042 1565 Rom.
1070 1526 1138 1565 54.
1167 1521 1255 1580 59).
1305 1526 1410 1566 Dein
1438 1526 1481 1565 in
1505 1526 1577 1565 illo
1604 1526 1707 1565 libro
1733 1538 1797 1565 ex-

246 1586 418 1637 plicauit
449 1581 644 1641 (Pompei.
670 1587 696 1625 l.
723 1581 774 1641 s.)
808 1583 864 1626 ‘et
895 1599 966 1626 cur
994 1587 1058 1626 tot
1083 1586 1165 1625 sint
1189 1588 1230 1625 et
1256 1599 1377 1636 quare
1405 1599 1451 1626 eo
1477 1586 1616 1626 ordine
1640 1587 1797 1637 positae

248 1647 289 1686 et
332 1658 455 1697 quare
497 1646 626 1686 isdem
669 1646 896 1686 nominibus
941 1641 1182 1700 uocentur’).
1255 1646 1369 1685 Idem
1393 1660 1430 1697 p.
1460 1647 1564 1697 108,
1593 1648 1645 1686 13
1694 1644 1798 1686 ‘mic

247 1708 582 1746 commemoratur
619 1708 690 1757 qui
725 1707 841 1746 illam
870 1707 1050 1746 litteram
1081 1706 1194 1756 fecit,
1233 1707 1303 1756 qui
1338 1704 1481 1746 illam’.
1509 1728 1564 1734 --
1590 1707 1796 1746 Postremo

246 1768 505 1818 praeceptum
558 1766 753 1806 Varronis
808 1766 856 1805 de
905 1767 1133 1806 litterarum
1188 1766 1416 1806 nominibus
1473 1768 1678 1807 seruatum
1737 1769 1798 1806 est

248 1827 317 1866 sed
365 1827 631 1878 posteriorum
686 1829 912 1878 temporum
972 1827 1257 1871 additamentis
1310 1829 1475 1866 auctum
1530 1827 1638 1878 apud
1688 1823 1796 1880 [Ser-

248 1883 379 1940 gium]
403 1887 463 1926 IV
487 1901 526 1938 p.
554 1887 653 1938 520,
681 1888 735 1927 18
779 1887 842 1927 his
886 1887 1019 1927 uerbis
1058 1884 1202 1927 ‘Varro
1247 1887 1346 1926 dicit
1384 1889 1647 1927 consonantes
1685 1887 1736 1927 ab
1775 1901 1795 1926 e

248 1947 389 1987 debere
425 1948 601 1999 incipere
638 1960 740 1998 quae
777 1947 1035 1987 semiuocales
1073 1950 1167 1987 sunt
1205 1950 1245 1987 et
1286 1949 1329 1986 in
1370 1961 1390 1987 e
1433 1947 1573 1987 debere
1618 1948 1796 1988 desinere

248 2020 351 2059 quae
381 2009 518 2047 mutae
548 2009 654 2047 sunt.
702 2008 797 2047 Ideo
830 2008 925 2047 illae
958 2010 1053 2058 quia
1084 2021 1164 2048 non
1197 2008 1246 2047 ab
1273 2021 1294 2048 e
1324 2009 1525 2059 incipiunt
1552 2022 1681 2059 neque
1706 2010 1749 2048 in
1775 2021 1795 2047 e

248 2067 451 2118 desinunt,
482 2070 651 2119 possunt
681 2069 770 2119 pati
800 2068 1059 2119 calumniam,
1098 2070 1144 2108 ut
1174 2081 1246 2108 nec
1277 2069 1436 2108 litterae
1473 2068 1688 2108 uideantur
1725 2070 1797 2108 aut

248 2141 328 2167 non
359 2129 442 2168 sint
470 2129 716 2168 necessariae
747 2130 794 2168 ut
825 2131 919 2168 sunt
948 2130 991 2168 in
1024 2128 1330 2169 semiuocalibus
1355 2143 1380 2167 x
1407 2131 1447 2168 et
1473 2143 1503 2168 z.
1565 2130 1657 2169 Non
1689 2129 1795 2168 enim

239 2190 342 2228 >sunt
378 2190 643 2239 necessariae,
679 2202 774 2228 nam
812 2189 990 2240 duplices
1028 2191 1139 2238 sunt,
1177 2190 1273 2240 quia
1311 2202 1358 2228 ex
1395 2190 1487 2229 aliis
1524 2189 1671 2229 litteris
1709 2189 1797 2229 fieri

247 2251 426 2299 possunt.
500 2249 561 2287 Ex
603 2250 725 2289 mutis
769 2251 1026 2289 remouentur
1073 2251 1239 2301 propter
1287 2250 1401 2289 illam
1451 2262 1572 2300 quam
1623 2250 1794 2296 diximus

247 2310 446 2348 rationem
470 2309 498 2347 h
522 2310 550 2348 k
576 2323 620 2360 q:
650 2310 679 2348 h
710 2309 816 2361 quod
853 2305 1048 2361 aspiratio
1088 2311 1158 2361 sit,
1196 2322 1277 2349 non
1313 2309 1468 2349 littera:
1506 2311 1534 2348 k
1559 2312 1599 2349 et
1629 2323 1655 2361 q
1691 2310 1795 2360 ideo,

248 2369 356 2419 quod
374 2382 395 2408 c
413 2369 552 2409 littera
576 2369 720 2409 harum
744 2370 876 2410 locum
899 2371 1028 2422 possit
1051 2367 1246 2421 implere'.
1292 2369 1455 2409 Seruius
1473 2370 1533 2409 IV
1557 2384 1595 2421 p.
1618 2372 1717 2421 422,
1738 2371 1792 2410 15

249 2429 442 2469 Varronis
473 2430 632 2469 nomine
663 2431 809 2470 omisso
843 2427 1127 2470 ‘Semiuocales
1159 2431 1253 2470 sunt
1283 2432 1448 2481 septem,
1480 2443 1582 2480 quae
1613 2431 1673 2469 ita
1703 2443 1794 2481 pro-

248 2489 444 2540 feruntur,
475 2491 522 2529 ut
548 2490 737 2530 inchoent
761 2490 812 2530 ab
838 2504 859 2530 e
883 2491 1021 2530 littera
1048 2492 1088 2530 et
1113 2491 1297 2530 desinant
1321 2492 1364 2530 in
1389 2491 1615 2530 naturalem
1641 2503 1794 2541 sonum,

248 2550 295 2588 ut
326 2549 369 2587 ef
390 2549 427 2588 el
452 2563 515 2589 em
539 2563 588 2589 en
608 2563 651 2590 er
669 2563 710 2590 es
728 2552 769 2589 ix
789 2545 855 2605 (eat
874 2546 978 2605 cod).
1029 2550 1107 2590 Sed
1125 2565 1150 2589 x
1171 2550 1219 2590 ab
1239 2550 1254 2589 i
1271 2551 1436 2590 inchoat
1456 2552 1495 2589 et
1515 2550 1683 2590 duarum
1702 2563 1794 2590 con-

249 2609 477 2648 sonantium
513 2610 694 2662 fungitur
730 2608 833 2651 loco’
863 2642 871 2650 .
894 2642 902 2650 .
923 2643 931 2650 .
956 2610 1067 2651 Idem
1095 2612 1148 2650 32
1184 2608 1335 2650 ‘Mutae
1367 2612 1461 2651 sunt
1491 2624 1652 2661 nouem,
1691 2623 1794 2661 quae

250 2668 394 2708 debent
416 2670 603 2710 inchoare
635 2683 659 2710 a
690 2671 868 2710 naturali
892 2683 989 2710 sono
1016 2673 1056 2710 et
1079 2672 1122 2711 in
1147 2671 1328 2711 uocalem
1353 2685 1374 2710 e
1398 2671 1578 2711 litteram
1603 2671 1793 2720 desinere,

249 2730 296 2768 ut
325 2729 351 2768 b
376 2742 403 2780 g
428 2731 468 2769 et
497 2730 687 2781 reliquae.
743 2731 804 2769 Ex
836 2730 979 2781 quibus
1010 2732 1102 2782 tres,
1136 2731 1322 2782 quoniam
1358 2744 1437 2770 non
1469 2731 1656 2771 desinunt
1685 2732 1729 2770 in
1760 2744 1793 2780 e,

250 2790 534 2829 contumeliam
563 2791 792 2841 patiuntur,
822 2790 849 2828 h
874 2791 902 2829 k
927 2804 964 2842 q.
1013 2791 1053 2830 H
1079 2804 1102 2831 a
1132 2791 1335 2842 plerisque
1367 2791 1653 2842 adspirationis
1685 2793 1793 2841 nota,

251 2861 275 2888 a
305 2849 507 2900 plerisque
538 2862 758 2890 consonans
797 2850 977 2890 habetur.
1040 2850 1078 2890 K
1108 2863 1204 2891 uero
1236 2853 1276 2890 et
1307 2865 1333 2902 q
1365 2852 1484 2890 aliter
1520 2863 1591 2890 nos
1629 2852 1793 2901 utimur,

251 2909 370 2948 aliter
406 2910 470 2948 usi
506 2911 600 2949 sunt
636 2911 807 2950 maiores
844 2911 984 2949 nostri.
1050 2911 1235 2961 Namque
1275 2911 1339 2950 illi
1370 2912 1724 2962 quotienscumque
1768 2924 1793 2950 a

251 2969 502 3020 sequebatur,
528 2970 555 3008 k
587 2970 887 3021 praeponebant
916 2971 960 3009 in
991 2971 1101 3010 omni
1124 2972 1240 3021 parte
1272 2972 1483 3020 orationis,
1515 2972 1562 3010 ut
1594 2971 1723 3022 kaput
1753 2973 1793 3010 et

250 3030 417 3080 similia3
454 3041 525 3069 nos
556 3042 651 3070 uero
682 3042 762 3070 non
790 3043 1031 3081 usurpamus
1056 3031 1083 3068 k
1114 3031 1294 3070 litteram
1331 3032 1410 3070 nisi
1446 3032 1489 3069 in
1520 3031 1792 3070 Kalendarum
