2060 3444
279 267 305 309 8
913 267 930 302 1
954 279 989 302 u.
1019 271 1168 303 11—12.

276 380 344 420 lib.
370 379 471 419 VIII
494 393 532 419 u.
561 381 657 420 296.
708 380 794 431 Ego
825 381 1025 432 temptaui
1056 377 1220 421 ‘famam
1242 380 1495 421 inhonestam
1517 377 1704 434 (autem)
1726 382 1810 422 tur-

277 453 448 491 pemque
486 439 615 479 odisse
655 437 873 491 popinam’.
939 439 1096 480 Clamat
1133 440 1229 480 deus
1261 440 1368 491 apud
1397 441 1568 481 maiores
1604 441 1814 482 honestum

278 501 403 540 fuisse
435 499 563 539 odisse
595 500 746 539 famam
775 501 935 551 turpem
964 502 1200 551 turpemque
1230 500 1438 551 popinam:
1469 513 1575 540 nunc
1604 501 1647 540 in
1677 501 1814 541 lustris

280 562 320 599 et
350 561 487 612 ganeis
518 559 810 599 nobilissimum
841 573 1037 611 quemque
1068 560 1174 600 diem
1203 560 1379 612 perdere.

402 614 478 661 12.
509 620 666 659 Nonius
696 633 735 671 p.
763 620 862 670 536,
883 620 936 659 25
972 617 1140 660 ‘Tunica
1171 622 1232 660 est
1261 620 1544 660 uestimentum
1575 619 1659 660 sine
1689 619 1814 661 mani-
1868 626 1870 628 ’

279 681 346 721 cis.
368 709 376 719 .
398 712 405 720 .
428 710 436 718 .
455 679 634 719 Lucilius
654 682 884 731 satyrarum
902 680 970 719 lib.
984 680 1005 719 I
1031 676 1293 731 “praetextae
1312 709 1320 718 .
1343 710 1350 717 .
1374 710 1381 718 .
1401 680 1606 720 sordidum
1636 677 1812 720 omne''.’

279 739 492 780 Sordidum
522 741 755 789 corruptum
786 753 868 779 esse
901 741 942 779 et
971 740 1204 780 mendosum
1230 752 1311 779 non
1336 741 1397 779 est
1421 739 1528 790 quod
1553 752 1690 792 neges:
1723 741 1817 792 apte

278 800 525 839 sordidulum
555 799 585 837 I.
612 799 765 839 Dousa:
801 800 909 850 quod
940 800 1145 850 epitheton
1175 801 1311 840 tamen
1341 800 1523 850 ineptum
1553 801 1614 840 est
1644 799 1816 841 admissa

280 860 440 911 uulgari
475 860 814 909 interpunctione,
857 872 947 899 cum
983 859 1174 910 respicias
1211 860 1395 911 oporteat
1431 859 1616 910 Sapphus
1655 871 1815 900 uersum

281 913 422 973 (quem
453 920 704 970 comparauit
728 918 772 959 Ο.
791 919 1008 960 MueUerus
1034 919 1082 959 de
1107 920 1286 960 Etruscis
1310 913 1350 958 I'
1372 932 1410 970 p.
1439 919 1535 958 255.
1565 913 1670 973 246)
1697 918 1817 959 schol.

280 979 482 1030 Aristoph.
508 978 598 1018 Pac.
628 980 759 1019 1174:
785 978 922 1032 βάμμα
947 977 1235 1032 Σαρδιανικόν]
1263 979 1497 1032 διαφερουσι
1521 976 1595 1032 γὰρ
1620 978 1666 1018 αἱ
1686 977 1817 1019 Λυδι-

279 1037 346 1079 nal
376 1038 532 1091 βαφαί.
555 1070 563 1077 .
586 1039 774 1090 ,Σαπφώ
805 1034 946 1093 (19Β)
977 1036 1159 1090 πόδα<ς>
1190 1037 1233 1079 δέ
1263 1038 1441 1086 ποικίλος
1471 1035 1696 1091 μάσ[θ]λης
1725 1036 1816 1079 ἐκά-

254 1124 257 1127 -
280 1101 398 1139 λυπτε
430 1097 589 1139 Λύδιον
620 1097 742 1139 καλὸν
773 1098 889 1152 ἔργον
921 1093 1040 1153 (Poll.
1066 1099 1145 1139 VH
1172 1095 1259 1150 93).
1320 1099 1459 1149 Neque
1490 1098 1626 1138 hiatus
1663 1100 1708 1138 in
1737 1099 1818 1139 tra-

280 1159 377 1198 ditis
408 1158 654 1198 excusandus
691 1160 752 1199 est
789 1172 879 1199 cum
910 1159 1163 1199 Baehrensio.
1225 1158 1339 1198 Licet
1374 1159 1480 1198 enim
1517 1159 1558 1198 et
1590 1157 1819 1198 Priscianus

281 1218 350 1258 GL
374 1218 416 1258 H
446 1233 484 1270 p.
512 1218 613 1259 301(
644 1220 686 1258 et
709 1218 790 1258 Leo
814 1219 945 1259 Plaut.
971 1219 1130 1259 Forsch.
1162 1232 1199 1270 p.
1228 1219 1312 1258 305
1345 1217 1487 1257 doceat
1519 1218 1692 1257 Ennium
1716 1218 1760 1257 in
1783 1218 1820 1257 X

281 1279 485 1318 annalium
518 1278 642 1317 simili
673 1278 845 1319 admisso
876 1279 991 1319 hiatu
1023 1278 1224 1330 scripsisse
1258 1275 1464 1330 ‘insignita
1489 1278 1570 1317 fere
1596 1280 1683 1317 tum
1706 1277 1822 1317 milia

280 1339 457 1378 militum
488 1340 577 1378 octo
606 1336 710 1389 (332
720 1334 789 1393 V),
820 1351 891 1379 nos
917 1341 1054 1379 nostro
1084 1339 1171 1378 iure
1197 1338 1372 1378 dicemus
1397 1350 1476 1377 non
1502 1338 1632 1377 Ennio
1659 1338 1820 1378 auctore

281 1400 342 1438 uti
373 1400 691 1451 grammaticum,
722 1399 790 1439 sed
821 1399 996 1439 librariis
1028 1398 1275 1439 auctoribus:
1302 1411 1400 1450 quos
1431 1398 1582 1436 maiore
1612 1410 1704 1438 usos
1736 1410 1820 1438 esse

282 1459 493 1511 diligentia
523 1459 566 1497 in
593 1461 714 1510 poeta
737 1459 992 1499 describendo
1019 1472 1139 1510 quam
1164 1459 1301 1498 Plauti
1327 1458 1511 1498 librarios
1536 1470 1651 1497 nemo
1677 1457 1820 1497 credet.

282 1519 419 1559 Etiam
450 1517 650 1559 Ciceronis
682 1521 822 1559 auctor
852 1521 1136 1571 grammaticus
1162 1514 1247 1573 (Or.
1278 1515 1382 1572 152)
1414 1531 1502 1557 cum
1535 1519 1694 1557 censeat
1717 1517 1821 1557 Nae-

281 1580 394 1619 uium
424 1579 582 1618 hiatum
613 1579 856 1619 commisisse
886 1579 928 1618 in
959 1592 1076 1619 uersu
1109 1576 1196 1619 ‘uos
1228 1579 1298 1630 qui
1330 1577 1508 1618 accolitis
1539 1577 1723 1617 Histrum
1750 1576 1822 1616 flu-

282 1639 392 1678 uium
424 1640 545 1689 atque
578 1635 769 1690 algidam'
796 1634 937 1693 (TRF³
967 1653 1004 1690 p.
1034 1640 1086 1678 17
1114 1633 1265 1692 XIIR.)
1296 1651 1376 1678 non
1406 1638 1569 1677 meliore
1600 1637 1703 1677 libro
1728 1649 1822 1678 usus
1851 1666 1858 1670 -

279 1700 344 1739 'est
380 1711 501 1749 quam
539 1701 600 1738 est
636 1698 770 1738 Plauti
807 1699 1095 1739 Ambrosianus
1140 1700 1210 1749 qui
1247 1698 1346 1738 Rud.
1375 1698 1459 1737 538
1506 1696 1672 1748 praebet
1710 1693 1824 1748 ‘quiP

284 1760 355 1809 qui
386 1758 573 1798 auderem
603 1760 735 1798 tecum
760 1760 803 1798 in
828 1772 972 1798 nauem
998 1755 1236 1799 ascendere’.
1287 1757 1477 1804 Queritur
1507 1757 1603 1797 deus
1634 1769 1714 1797 non
1741 1756 1823 1796 iam

282 1820 453 1858 matrem
490 1818 666 1858 familias
704 1818 879 1859 deditam
918 1819 1034 1859 lanae
1071 1819 1175 1858 inter
1212 1818 1379 1858 ancillas
1416 1819 1458 1856 in
1495 1817 1626 1856 medio
1664 1816 1823 1856 aedium

283 1878 485 1919 sedentem
518 1875 653 1919 ‘simul
684 1879 867 1919 manibus
899 1879 1056 1918 trahere
1088 1880 1223 1919 lanam
1254 1891 1326 1918 nec
1349 1890 1429 1917 non
1458 1877 1579 1916 simul
1605 1877 1729 1916 oculis
1755 1877 1823 1916 ob-

283 1952 442 1978 seruare
492 1939 616 1978 ollam
664 1940 789 1990 pultis
839 1952 888 1978 ne
942 1936 1148 1979 aduratur'
1201 1934 1308 1992 (Liu.
1340 1938 1361 1977 I
1395 1939 1462 1987 57,
1490 1938 1514 1976 9
1565 1936 1693 1976 Varro
1749 1938 1822 1976 sat.

283 1999 458 2050 Menipp.
488 1993 633 2052 19ΟΒ)
671 2012 811 2050 neque*
837 1999 945 2038 domi
982 1999 1067 2039 fieri
1103 2000 1331 2050 praetextas
1362 1998 1403 2037 et
1435 1996 1610 2046 tunicas,
1647 1996 1716 2036 sed
1745 1995 1823 2048 Ly-

284 2058 426 2098 dorum
463 2058 648 2097 manibus
686 2060 727 2098 et
762 2070 860 2108 opus
896 2071 1008 2098 omne
1044 2054 1159 2113 (conf
1185 2058 1252 2097 lib.
1279 2057 1389 2096 XXX
1414 2070 1450 2095 u.
1480 2051 1584 2109 995)
1628 2057 1823 2097 matronis

283 2118 530 2157 sordidulum
565 2117 703 2157 uideri.
772 2117 901 2164 Quare
939 2117 1228 2170 segregandum
1269 2119 1330 2157 est
1365 2117 1570 2166 Lydorum
1613 2116 1822 2167 genetiuus

284 2178 334 2217 ab
375 2189 474 2227 opus
516 2189 627 2217 omne
669 2190 748 2229 quo
791 2179 907 2218 sicuti
947 2178 1015 2218 lib.
1041 2178 1151 2216 XXX
1176 2178 1201 2216 l.
1228 2190 1257 2217 s.
1301 2177 1515 2217 mulierum
1551 2176 1822 2215 Romanarum

283 2238 486 2278 indicatur
516 2238 746 2279 lanificium.
798 2237 903 2278 Conf
924 2237 1039 2278 Diod.
1066 2237 1256 2277 XXXVII
1283 2238 1322 2288 3,
1341 2238 1367 2275 4
1400 2234 1634 2283 ἀκολούθως
1665 2232 1708 2275 δὲ
1732 2234 1822 2275 τού-

284 2312 365 2346 τοις
396 2298 437 2337 οἷ
464 2295 547 2337 νέοι
577 2296 676 2337 κατὰ
706 2296 780 2349 τὴν
810 2296 960 2352 ἀγορὰν
990 2297 1167 2351 ἐφόρουν
1198 2295 1370 2349 ἐσθῆτας
1395 2293 1615 2348 διαφόρους
1641 2291 1712 2347 μὲν
1737 2298 1822 2344 ταῖς

285 2357 542 2410 μαλακότησι,
574 2357 781 2409 διαφανεῖς
813 2356 867 2407 δὲ,
892 2356 958 2398 καὶ
988 2356 1087 2397 κατὰ
1118 2356 1191 2409 τὴν
1225 2355 1436 2408 λεπτότητα
1466 2358 1552 2403 ταῖς
1581 2354 1823 2408 γυναικείαις

284 2420 557 2470 παρεμφερεῖς.
606 2417 810 2469 Lydorum
840 2418 1052 2458 mollitiem
1082 2419 1124 2456 in
1156 2417 1332 2457 uestibus
1364 2416 1537 2467 castigat
1560 2415 1824 2466 Xenophanes

286 2490 348 2529 ap.
381 2477 526 2516 Athen.
552 2477 630 2516 XII
660 2491 697 2528 p.
726 2477 856 2517 526A
892 2476 1118 2531 ἁβροσύνας
1148 2474 1191 2516 δὲ
1229 2475 1427 2528 μαθόντες
1457 2472 1685 2526 ἀνωφελέας
1718 2472 1825 2527 παρὰ

286 2536 438 2577 Λυδῶν
459 2566 468 2576 .
488 2567 497 2576 .
518 2568 527 2576 .
547 2535 670 2594 ᾔεσαν
700 2536 757 2585 εἰς
787 2535 938 2591 ἀγορὴν
971 2534 1247 2591 παναλουργέα
1283 2530 1394 2589 φάρε’
1427 2533 1580 2588 ἔχοντες
1603 2534 1824 2585 Aeschylus

286 2597 331 2636 E.
351 2597 403 2636 Μ.
434 2610 473 2648 p.
502 2598 599 2647 191,
627 2598 652 2636 5
696 2595 875 2651 λέγονται
917 2596 1112 2650 βασσάραι
1154 2602 1311 2650 χιτῶνες
1336 2626 1344 2634 .
1371 2625 1381 2634 .
1408 2626 1416 2634 .
1442 2593 1640 2647 Αἴσχυλος
1684 2589 1824 2647 (TGF'

287 2671 325 2708 p.
352 2658 421 2707 21,
443 2651 530 2711 59).
589 2654 710 2705 Ἣστις
752 2662 918 2710 χιτῶνας
959 2656 1162 2710 βασσάρας
1203 2670 1242 2696 τε
1285 2654 1445 2704 Λυδίας
1487 2652 1563 2707 ἕχει
1605 2650 1822 2707 ποδήρεις’;

287 2717 526 2757 Aristaenet.
553 2718 667 2768 epist.
693 2717 714 2756 I
742 2718 795 2757 15
827 2731 865 2768 p.
895 2718 978 2756 147
993 2717 1136 2757 Herch.
1163 2714 1319 2764 Λύδιός
1343 2729 1382 2754 τε
1405 2713 1472 2755 καὶ
1495 2712 1677 2767 ποδήρης
1706 2713 1823 2766 χιτών

286 2779 364 2816 κτλ.
396 2778 604 2828 comparat
634 2777 779 2817 Dousa.
829 2777 1134 2816 Deminutiuum
1165 2789 1282 2815 suum
1311 2776 1442 2815 locum
1473 2773 1595 2813 habet
1625 2774 1710 2825 hac,
1734 2773 1825 2813 sede

287 2849 425 2876 uersus
457 2830 544 2890 (lib.
570 2835 613 2875 H
642 2851 680 2875 u.
708 2837 764 2876 84
798 2834 1028 2877 ‘tesserulae
1059 2830 1250 2889 omes’),
1286 2847 1446 2874 uersum
1475 2834 1551 2872 hoc
1581 2833 1698 2873 modo
1732 2845 1823 2884 sup-

288 2897 417 2946 pleas:
450 2893 649 2935 ‘manibus
676 2897 868 2936 texuntur
891 2897 1080 2936 honestae
1105 2896 1336 2947 praetextae
1361 2896 1402 2934 et
1425 2893 1584 2934 tunicae
1608 2891 1824 2943 Lydorum,

204 2990 210 2994 .
289 2967 387 3007 opus
418 2954 665 2995 sordidulum
701 2952 843 2996 omne'.
892 2956 1093 3009 Togarum
1123 2955 1333 3003 luxuriam,
1351 2955 1395 2994 in
1426 2954 1630 3004 Torquato
1665 2952 1826 2992 notauit

290 3014 467 3055 Lucilius
497 3016 635 3055 incert.
660 3030 697 3055 u.
728 3016 854 3056 1144.
