2060 3444
299 297 386 340 292
827 291 832 296 ’
863 294 980 330 XXIX
1006 306 1041 330 u.
1070 297 1268 331 848-854.

301 408 624 448 antecedentibus
656 409 742 446 erat
772 408 1021 446 nominatum
1053 410 1124 446 aut
1154 408 1195 447 in
1229 408 1495 458 sequentibus.
1556 408 1726 448 Albinus
1757 409 1834 448 iste

300 471 359 508 est
390 469 493 508 certe
523 468 751 507 Postumius
783 467 964 518 quidam,
1000 481 1128 518 neque
1165 469 1299 507 tamen
1335 461 1463 507 idem⁹
1478 468 1638 508 uidetur
1668 480 1751 508 esse
1782 468 1833 507 ad

300 541 416 579 quem
455 528 550 578 quid
587 527 641 567 sit
677 529 805 566 uirtus
841 528 979 578 postea
1017 529 1198 578 exposuit
1229 527 1406 567 Lucilius
1447 541 1495 568 ea
1530 530 1684 578 satura,
1721 529 1832 568 cuius

299 590 410 627 extat
439 588 709 639 fragmentum
740 588 877 626 incert.
903 601 941 625 u.
971 588 1082 626 1326
1111 599 1218 638 seqq.
1269 586 1480 627 Consulem
1512 588 1607 627 anni
1634 583 1828 641 603l151

300 648 345 686 A.
365 647 613 686 Postumium
637 647 882 696 historicum,
908 648 977 697 qui
1002 646 1214 686 admodum
1240 659 1356 687 senex
1382 649 1485 687 esset
1509 660 1613 687 anno
1635 643 1834 700 624s130‚

299 707 363 746 uel
414 707 520 757 quod
572 707 700 758 magis
744 707 876 757 placet
919 707 1118 746 consulem
1163 708 1258 746 anni
1304 703 1501 759 6061148
1547 707 1612 759 Sp.
1645 706 1833 746 Albinum

300 769 498 806 oratorem
523 761 622 820 (Cic.
642 766 754 805 Brut.
777 762 851 821 94)
878 766 952 805 hoc
975 766 1062 805 loco
1087 769 1206 817 poeta
1230 764 1390 806 uidetur
1409 767 1621 818 appellare.
1672 766 1833 805 Vtrum-

301 839 376 877 que
407 826 598 865 Albinum
635 827 780 865 infesto
819 826 950 865 animo
983 827 1162 876 appellat
1192 827 1232 865 ll.
1253 839 1301 866 ss.
1328 826 1506 866 Lucilius
1536 839 1663 877 neque
1695 826 1835 865 fauent

270 882 390 925 ¹huic
439 886 619 925 familiae
664 885 860 936 Scipionis
911 886 1029 925 amici
1070 887 1112 924 in
1156 886 1300 937 quibus
1350 887 1410 926 est
1451 886 1642 936 Polybius
1686 881 1774 940 (XL
1809 887 1832 923 6

301 941 485 998 [ΧΧΧΙΧ
514 940 619 998 12]).
670 945 913 984 Postumiam
933 945 1039 996 quod
1059 945 1211 985 dimisit
1229 958 1348 998 gener
1367 946 1435 985 ille
1458 946 1606 995 Albini,
1625 940 1834 997 suspiceris

300 1006 450 1044 factum
482 1017 564 1044 esse
596 1005 770 1044 moribus
802 1005 979 1045 mulieris
1010 1005 1146 1055 prauis
1177 1008 1217 1044 et
1248 1007 1462 1056 corruptis:
1499 1005 1680 1045 bibosam
1711 1017 1833 1055 quan-

300 1065 392 1103 dam
423 1064 667 1104 Postumiam
706 1067 988 1104 commemorat
1020 1064 1200 1104 Catullus
1232 1065 1383 1104 XXVII
1411 1067 1454 1104 3:
1492 1065 1584 1104 uide
1616 1065 1665 1104 ad
1698 1066 1833 1103 incert.

299 1138 336 1163 u.
367 1125 491 1164 1326.

421 1298 531 1342 851.
556 1303 709 1342 Nonius
735 1317 772 1354 p.
790 1304 887 1354 238,
910 1306 959 1342 11
991 1301 1231 1343 ‘Adtendere
1251 1305 1311 1343 est
1333 1303 1546 1343 intendere.
1658 1303 1836 1343 Lucilius

302 1363 368 1402 lib.
389 1363 582 1402 XXVIIII
614 1360 852 1414 “praeterea
882 1365 928 1402 ut
957 1367 1109 1402 nostros
1129 1396 1136 1404 .
1160 1396 1166 1402 .
1189 1395 1195 1402 .
1223 1363 1436 1403 adtendere
1473 1364 1520 1402 de
1550 1376 1593 1402 rc
1623 1363 1741 1418 dictis
1768 1394 1774 1401 .
1796 1394 1804 1402 .
1828 1394 1834 1401 .

301 1420 461 1462 uelis’'.’
518 1423 565 1462 de
588 1434 631 1461 re
655 1425 746 1474 post
777 1424 977 1462 attendere
1002 1422 1151 1462 deleuit
1175 1423 1268 1462 edit.
1295 1425 1431 1474 princ„
1462 1425 1605 1462 νοεῖν-13
1630 1423 1834 1462 Bentinus.

305 1505 357 1509 —
391 1484 542 1522 animos
573 1482 740 1533 pluralis
770 1482 1057 1522 memorabilis:
1090 1484 1231 1532 templa
1255 1485 1358 1532 freta
1383 1484 1520 1522 limina
1546 1483 1645 1522 alibi
1669 1482 1836 1534 legitur:

301 1541 350 1581 σὺ
388 1539 430 1581 δὲ
466 1547 588 1582 ταῦτα
625 1540 718 1594 μετὰ
756 1540 870 1595 φρεσὶ
906 1541 1044 1594 βάλλεο
1083 1547 1199 1598 σῇσιν
1237 1545 1277 1582 et
1314 1543 1462 1581 similia
1504 1542 1645 1582 Graeci
1682 1544 1834 1593 poetae.

302 1601 420 1641 Color
468 1614 605 1640 uersus
654 1601 759 1640 idem
809 1605 868 1641 est
918 1604 1037 1652 atque
1087 1602 1154 1641 lib.
1186 1602 1338 1641 XXVII
1371 1616 1408 1641 u.
1437 1603 1521 1641 693
1571 1602 1639 1641 ubi
1689 1602 1838 1653 legitur

301 1663 478 1700 animum
503 1662 702 1701 adtendas.
754 1661 958 1701 adtendere
977 1664 1090 1710 atque
1109 1662 1289 1701 adhibere
1307 1661 1591 1712 hendiadyoin:
1620 1658 1836 1701 ‘enimuero

301 1722 376 1760 huc
408 1734 521 1760 aures
553 1722 681 1774 magis
713 1723 805 1760 sunt
836 1721 1081 1760 adhibendae
1113 1718 1227 1760 mihi’
1254 1722 1381 1760 Plaut.
1410 1720 1496 1761 Oas.
1524 1722 1621 1760 475.

422 1775 532 1821 853.
564 1780 718 1820 Nonius
761 1795 798 1832 p.
827 1782 931 1830 383,
966 1782 1018 1820 13
1066 1778 1253 1831 moyam,
1302 1782 1521 1821 instituere.
1660 1781 1836 1820 Lucilius

303 1841 366 1879 lib.
384 1840 565 1880 XXVII
582 1837 822 1880 “consilium
844 1871 875 1879 ..
893 1872 899 1879 .
918 1844 1103 1890 proyatov·
1122 1835 1297 1895 (royator
1316 1836 1637 1895 Geneuensis)''.’
1683 1840 1836 1880 Nonius

302 1902 336 1940 si
374 1900 587 1940 secundum
625 1900 802 1939 ordinem
841 1913 958 1950 quem
995 1902 1096 1939 solet
1133 1913 1291 1939 seruare
1328 1901 1432 1941 hunc
1469 1913 1628 1940 uersum
1669 1901 1839 1951 protulit

302 1972 381 1999 non
431 1961 564 2011 potest
613 1972 694 1999 esse
744 1959 836 1998 libri
869 1959 1020 1998 XXVII
1070 1962 1134 1999 cui
1183 1972 1284 1999 unus
1307 1960 1514 2002 ,attribuit
1555 1960 1838 1999 Baehreusius:
1915 1984 1922 1990 ·

304 2020 555 2058 Antecedunt
591 2019 683 2058 libri
708 2019 839 2057 XXVI
869 2033 934 2058 uu.
957 2019 1052 2058 684.
1088 2020 1191 2069 685,
1230 2022 1417 2059 secuntur
1447 2020 1541 2058 libri
1572 2019 1701 2058 XXIX
1732 2020 1836 2071 frag·

302 2080 437 2118 menta
468 2079 544 2117 duo
575 2092 640 2117 uu.
669 2079 903 2118 848-850
935 2081 975 2117 et
1007 2080 1103 2117 846.
1138 2079 1234 2117 847.
1296 2079 1437 2129 Itaque
1473 2079 1837 2130 probabilissimum

304 2139 379 2177 erit
421 2138 628 2177 restituere
671 2138 764 2177 libri
807 2151 1012 2177 numerum
1044 2138 1183 2177 XXIX.
1255 2139 1399 2190 Agitur
1441 2139 1505 2177 dev
1528 2139 1616 2178 uiro
1653 2139 1837 2189 princeps

305 2198 483 2237 ciuitatis
510 2198 578 2247 qui
603 2197 739 2236 fuerit:
766 2197 844 2236 Cic.
871 2198 918 2237 de
945 2200 1043 2237 orat.
1069 2198 1131 2236 HI
1158 2198 1211 2236 63
1241 2195 1303 2237 ‘ea
1327 2198 1579 2249 philosophia
1606 2229 1613 2236 .
1635 2230 1642 2236 .
1665 2229 1671 2236 .
1698 2198 1836 2249 procul

306 2257 419 2296 abest
461 2258 594 2295 tamen
638 2257 687 2296 ab
732 2270 776 2296 eo
820 2257 926 2307 uiro,
971 2264 1106 2308 quern⁴
1131 2257 1356 2309 quaerimus
1400 2260 1440 2296 et
1483 2271 1600 2308 quem
1638 2260 1837 2297 auctorem

303 2316 453 2367 publici
491 2316 646 2356 consilii
683 2319 723 2355 et
759 2317 954 2368 regendae
992 2318 1169 2356 ciuitatis
1208 2317 1344 2356 ducem
1383 2320 1423 2357 et
1459 2319 1679 2357 sententiae
1716 2319 1838 2368 atque

304 2376 553 2426 eloquentiae
590 2377 810 2426 principem
847 2377 890 2415 in
928 2379 1085 2426 senatu,
1128 2378 1172 2415 in
1208 2378 1374 2427 populo,
1417 2378 1459 2415 in
1497 2377 1627 2417 causis
1667 2376 1837 2427 publicis

305 2448 388 2474 esse
414 2432 633 2486 uolumus'3
657 2436 677 2474 I
698 2437 780 2474 211
811 2432 930 2475 ‘hunc
954 2436 1194 2487 reipublicae
1219 2438 1412 2476 rectorem
1439 2438 1478 2476 et
1509 2437 1663 2476 consilii
1687 2436 1838 2488 publici

305 2497 506 2534 auctorem
537 2507 620 2534 esse
647 2495 877 2543 *habendum
914 2496 1262 2547 praedicaremque
1293 2496 1335 2534 P.
1362 2496 1576 2535 Lentulum
1616 2497 1836 2546 principem
1885 2521 1887 2523 ·

304 2555 418 2593 illum
446 2586 452 2593 .
474 2586 482 2594 .
504 2586 511 2593 .
539 2557 579 2593 et
608 2555 650 2595 P.
671 2555 903 2594 Africanum
935 2557 975 2594 et
1007 2553 1263 2595 G.Lae1ium'
1291 2569 1323 2594 e.
1344 2569 1379 2606 q.
1401 2568 1430 2594 s.
1486 2556 1549 2594 Ad
1580 2556 1683 2596 hunc
1715 2556 1836 2595 talem

305 2614 435 2652 uirum
461 2616 580 2664 poeta
604 2615 706 2653 hanc
731 2616 907 2653 saturam
933 2616 1060 2655 misit:
1086 2615 1205 2655 sicuti
1230 2629 1276 2654 ex
1302 2615 1481 2655 uersibus
1504 2615 1572 2666 qui
1598 2614 1838 2654 antecedunt

305 2673 583 2723 intelleximus,
608 2674 711 2712 hunc
737 2674 873 2713 eodem
897 2675 1014 2713 modo
1040 2675 1219 2725 appellat
1243 2688 1321 2725 quo
1342 2674 1567 2725 Scipionem
1586 2674 1653 2713 lib.
1673 2671 1835 2713 XXVII.

426 2727 535 2773 854.
566 2733 720 2772 Nonius
746 2747 783 2783 p.
805 2734 948 2783 36,.25
979 2731 1150 2773 ‘Collare
1176 2735 1236 2773 est
1260 2734 1412 2773 uinculi
1431 2747 1566 2786 genus,
1591 2746 1670 2785 quo
1690 2733 1836 2773 collum

307 2791 581 2843 adstringitur.
659 2792 834 2832 Lucilius
883 2793 951 2831 lib.
983 2794 1177 2832 XXVIIII
1228 2791 1348 2832 “cum
1386 2825 1395 2833 .
1423 2824 1431 2832 .
1458 2824 1465 2831 .
1504 2794 1718 2843 collareque
1755 2824 1763 2833 .
1790 2823 1799 2832 .
1827 2823 1834 2830 .

307 2848 572 2901 deportem”.'
634 2851 784 2891 Paulus
815 2852 919 2891 Fest.
946 2854 1039 2903 epit.
1066 2867 1103 2903 p.
1125 2854 1180 2892 45
1202 2854 1243 2892 M
1276 2850 1457 2892 ‘Catulus
1489 2865 1612 2905 genus
1638 2853 1835 2903 quoddam

306 2910 467 2958 uinculi,
494 2912 563 2960 qui
588 2910 784 2949 interdum
812 2913 919 2951 canis
945 2909 1186 2962 appellatur'
1208 2907 1358 2966 (Plaut.
1381 2912 1466 2952 Cas.
1488 2913 1572 2951 389
1595 2909 1656 2951 ‘ut
1675 2912 1836 2963 quidem

307 2971 353 3006 tu
383 2969 499 3007 hodie
531 2982 667 3008 canem
694 2973 733 3008 et
758 2971 911 3009 furcam
940 2967 1092 3025 feras').
1150 2971 1306 3011 Collare
1333 2974 1575 3011 memoratur
1598 2973 1642 3010 in
1666 2965 1836 3011 uinculis

308 3027 436 3065 Plaut.
465 3027 576 3078 Capt.
606 3030 708 3077 357,
758 3030 874 3073 nihil,
900 3031 977 3068 huc
1015 3032 1187 3080 pertinet
1231 3031 1383 3070 collare·
1419 3030 1545 3071 Musei
1587 3031 1836 3070 Kircheriani
