2060 3444
847 283 899 319 m
922 296 958 320 u.
988 286 1188 320 132-134.
1733 282 1792 326 65

241 400 283 439 et
311 397 596 439 Archestratus
628 396 853 451 πελωριάδα
885 399 1092 450 appellant
1126 411 1189 450 ap.
1216 397 1361 437 Athen.
1387 397 1451 437 III
1481 412 1519 449 p.
1549 398 1602 437 92
1615 397 1664 448 D,
1702 410 1794 438 cum

240 461 450 500 enumerat
491 459 557 498 hic
600 456 754 513 ὄστρεια
798 453 835 498 δ’
876 455 1050 511 Ἄβυδος
1082 490 1090 498 .
1124 490 1132 498 .
1167 490 1174 498 .
1207 457 1409 515 Μεσσήνῃ
1454 456 1496 498 δὲ
1545 457 1793 511 πελωριάδας

241 518 549 574 στενοπορθμίδι
580 518 726 573 κόγχας
759 550 766 558 .
795 550 802 558 .
830 550 838 559 .
870 518 964 568 τοὺς
996 518 1174 573 κήρυκας
1210 513 1254 574 (1.
1282 532 1313 558 0.
1346 519 1492 558 bucina
1522 514 1713 574 murices)
1753 514 1791 558 δ’

240 579 447 635 ἐπιτρίψαι
484 577 505 620 ὅ
543 578 646 628 Ζεὺς
671 593 704 619 0.
731 593 767 631 q.
795 593 824 620 s.
860 579 998 621 Ostrea
1034 580 1099 620 hic
1135 581 1183 619 ut
1219 580 1363 619 ostrias
1399 579 1532 618 Plaut.
1564 579 1666 618 Rud.
1696 580 1795 629 297,

239 644 367 681 ostrea
403 641 536 679 neutri
573 640 729 693 generis
773 643 815 680 et
855 641 1069 692 pluraliter
1114 640 1276 692 scripsit
1312 641 1434 692 poeta
1463 639 1531 679 lib.
1557 640 1616 679 IX
1641 654 1679 679 u.
1708 640 1793 679 328

239 701 341 741 XIII
364 715 403 741 u.
431 702 518 742 440
550 702 689 741 incert.
714 715 752 740 u.
783 702 910 741 1201.

364 756 473 802 133.
507 760 710 802 Charisius
751 760 819 801 GL
844 762 866 801 I
897 775 935 813 p.
965 763 1033 812 72,
1061 761 1136 801 6K
1180 758 1370 813 ‘Lignum
1413 761 1673 814 singulariter
1716 760 1797 800 dici

239 835 395 875 semper
420 821 537 862 debet
561 823 604 862 in
626 822 897 861 multitudine.
945 821 1044 862 Cato
1065 821 1266 874 originum
1284 822 1306 861 I
1326 818 1512 861 “uelites'’
1534 821 1594 861 ait
1615 817 1796 873 “ligni’';

239 885 347 923 sicut
383 884 423 922 et
460 883 587 923 fasces
625 883 814 922 dicuntur
850 883 1057 934 asparagi,
1102 883 1288 934 quamuis
1327 895 1545 934 asparagos
1583 882 1797 933 pluraliter

239 943 430 994 dicamus,
456 945 503 983 ut
521 943 700 983 Lucilius
719 943 783 982 ΙΠ
810 940 1033 995 “asparagi
1056 940 1220 983 nulli”.'
1254 943 1356 982 Plin.
1377 944 1459 982 nat.
1479 942 1572 982 hist.
1592 942 1687 981 XIX
1710 942 1793 981 145

241 1001 446 1043 ‘Omnium
489 1004 532 1042 in
574 1004 702 1050 hortis
745 1016 880 1044 rerum
922 1004 1152 1044 lautissima
1196 1017 1292 1043 cura
1342 999 1566 1055 asparagis’
1596 1034 1603 1042 .
1632 1034 1639 1042 .
1667 1034 1675 1042 .
1710 1004 1794 1041 147

241 1062 370 1104 ‘Nihil
401 1065 634 1117 diligentius
667 1065 968 1115 comprehendit
1000 1063 1100 1104 Cato
1133 1058 1201 1119 (de
1234 1065 1322 1117 agri
1353 1065 1448 1103 cult.
1478 1058 1596 1118 161),
1627 1063 1796 1103 nouissi-

238 1138 429 1176 mumque
452 1125 549 1164 libri
574 1126 646 1176 est,
672 1127 718 1164 ut
743 1126 939 1177 appareat
963 1121 1103 1178 (rem)
1121 1127 1328 1176 repentem
1354 1138 1400 1164 ac
1418 1124 1622 1164 nouiciam
1641 1121 1792 1164 fuisse'.

238 1185 320 1238 Agi
351 1199 417 1224 uu.
447 1186 681 1225 131—135
715 1185 764 1225 de
796 1199 894 1225 cena
926 1185 1088 1225 sordida
1122 1187 1165 1224 in
1196 1185 1399 1225 Lucaniae
1436 1185 1668 1237 regionibus
1705 1185 1796 1224 hor-

237 1246 339 1285 ridis
371 1248 412 1286 et
441 1247 606 1286 incultis
638 1248 850 1286 commissa
878 1247 1046 1297 planum
1072 1248 1149 1286 est:
1183 1245 1329 1286 Strabo
1354 1246 1414 1285 VI
1444 1260 1482 1298 p.
1512 1246 1596 1285 252
1625 1246 1673 1284 de
1699 1258 1797 1297 agro

238 1306 402 1346 Velino:
442 1338 450 1345 .
482 1338 489 1346 .
521 1338 528 1346 .
560 1306 760 1360 κρείττους
804 1304 986 1364 ἀπῄεσαν
1028 1307 1169 1362 καίπερ
1208 1304 1446 1361 ἐνδεέστεροι
1482 1304 1550 1345 καὶ
1587 1305 1694 1361 χώρᾳ
1730 1303 1798 1345 καὶ

238 1366 388 1419 πλήθει
419 1366 613 1419 σωμάτων
645 1364 767 1416 ὄντες.
807 1365 1098 1421 ἀναγκάζονται
1128 1372 1229 1421 γοῦν
1261 1366 1329 1407 διὰ
1358 1367 1433 1420 τὴν
1465 1366 1690 1420 λυπρότητα
1726 1371 1798 1419 τῆς

239 1432 313 1481 γῆς
344 1425 391 1467 τὰ
422 1426 546 1467 πολλὰ
580 1430 893 1481 θαλαττουργεῖν
931 1426 999 1468 καὶ
1035 1427 1232 1482 ταριχείας
1269 1428 1537 1468 συνίστασθαι
1574 1425 1641 1466 καὶ
1678 1423 1798 1475 ἄλλας

239 1486 423 1536 τοιαύτας
454 1486 638 1542 ἐργασίας
665 1520 673 1528 .
694 1521 702 1529 .
725 1520 733 1528 .
760 1487 856 1541 μετὰ
888 1485 931 1528 δὲ
961 1488 1111 1541 ταύτην
1142 1486 1393 1543 ἀκρωτήριον
1425 1487 1695 1541 Παλίνουρος,
1727 1487 1799 1526 ubi

240 1561 380 1588 cenam
410 1550 525 1588 illam
557 1562 680 1600 quam
710 1550 986 1589 stomachatur
1011 1549 1192 1589 Lucilius
1225 1549 1383 1589 sordide
1409 1550 1650 1600 apparatam
1674 1548 1799 1587 fuisse

241 1609 501 1661 suspicamur.
562 1608 697 1649 Senec.
730 1610 779 1649 de
810 1611 942 1663 tranq.
976 1623 1038 1649 an.
1068 1612 1106 1660 2,
1135 1611 1188 1649 13
1224 1607 1356 1648 ‘Nunc
1391 1608 1655 1660 Campaniam
1685 1609 1798 1659 peta-

239 1682 340 1708 mus.
402 1669 491 1708 Iam
522 1669 695 1709 delicata
726 1670 892 1710 fastidio
925 1671 1036 1710 sunt:
1073 1671 1229 1709 inculta
1267 1670 1500 1719 uideantur,
1537 1670 1721 1708 Bruttios
1759 1670 1800 1708 et

241 1729 446 1769 Lucaniae
471 1731 598 1770 saltus
622 1742 922 1781 persequamur.
967 1730 1136 1781 Aliquid
1160 1732 1297 1770 tamen
1321 1731 1428 1769 inter
1454 1730 1612 1769 deserta
1639 1730 1800 1769 amoeni

240 1790 471 1841 requiritur,
502 1792 545 1829 in
577 1804 657 1841 quo
689 1791 884 1830 luxuriosi
917 1791 1023 1830 oculi
1053 1792 1174 1843 longo
1200 1792 1380 1830 locorum
1404 1791 1655 1830 horrentium
1681 1802 1799 1841 squa-

241 1851 325 1890 lore
356 1848 615 1890 releuentur’.

366 1905 474 1951 134.
509 1910 759 1952 Scholiastae
785 1911 838 1950 ad
861 1911 1025 1951 Horatii
1050 1923 1165 1951 serm.
1191 1912 1212 1951 I
1240 1913 1279 1962 3,
1307 1912 1362 1951 56
1391 1913 1590 1951 sincerum
1615 1912 1798 1962 cupimus

241 1983 314 2010 uas
345 1968 588 2024 incrustare]
623 1969 855 2011 ‘incrustari
886 1973 1023 2011 autem
1053 1985 1127 2012 uas
1159 1972 1321 2023 dicitur,
1357 1985 1446 2011 cum
1480 1973 1617 2023 aliquo
1649 1972 1798 2011 uitioso

242 2044 337 2071 suco
385 2032 573 2071 inlinitur
623 2034 744 2083 atque
790 2034 1048 2083 inquinatur,
1104 2033 1322 2072 secundum
1373 2032 1480 2083 quod
1530 2034 1571 2071 et
1620 2031 1799 2072 Lucilius

241 2093 285 2131 in
309 2092 373 2131 ΙΠ
411 2084 490 2147 (ita
527 2092 770 2144 Porphyrio:
814 2096 952 2141 quarto
992 2089 1200 2147 [Acronis]
1245 2087 1418 2148 codices)
1461 2094 1691 2144 satyrarum
1724 2093 1799 2132 ait:

244 2149 354 2192 ‘nam
381 2146 470 2192 ‘mel
503 2185 509 2191 .
539 2185 546 2192 .
575 2185 582 2192 .
615 2154 719 2192 calix
755 2156 849 2193 ruta
892 2148 972 2208 (ita
1013 2154 1115 2193 codd
1151 2153 1459 2205 Porphyrionis,
1502 2155 1612 2193 rutia
1656 2149 1799 2206 [Acro-

242 2209 324 2266 nis]
382 2208 557 2268 codices)
615 2214 741 2253 caulis
797 2213 969 2253 habetur
1025 2209 1172 2267 (caulis
1232 2215 1405 2259 habetur
1466 2226 1529 2253 om
1589 2210 1798 2266 [Acrom's]

243 2268 422 2328 codd)”.'
474 2273 715 2313 Genetiuum
746 2274 789 2312 in
820 2276 863 2313 ai
894 2274 1142 2314 desinentem
1172 2276 1280 2314 recte
1305 2274 1587 2314 Lachmannus
1614 2276 1799 2327 agnouit;

241 2335 352 2373 rutai
383 2334 507 2374 caulis
539 2335 656 2385 quasi
685 2347 810 2373 unum
837 2337 898 2374 est
924 2335 1162 2374 uocabulum
1190 2336 1311 2375 sicuti
1335 2338 1449 2375 rutae
1473 2335 1614 2384 folium
1639 2336 1682 2373 in
1708 2341 1799 2386 pro-

243 2393 382 2433 uerbio
431 2395 643 2435 tritissimo
695 2391 753 2434 ‘in
808 2396 922 2434 rutae
979 2396 1123 2435 folium
1179 2392 1372 2435 conicere'
1426 2390 1604 2451 (Petron.
1639 2396 1707 2435 37.
1743 2396 1798 2434 58

243 2454 421 2493 Martial.
447 2455 505 2494 XI
532 2457 601 2505 31,
629 2449 704 2509 17)
744 2467 900 2506 semper
936 2455 1012 2495 hoc
1053 2455 1191 2495 ordine
1229 2456 1453 2495 dicebatur:
1498 2455 1576 2494 duo
1619 2456 1800 2507 genetiui

244 2526 325 2553 non
355 2515 485 2567 magis
517 2515 724 2556 offendunt
750 2528 872 2566 quam
896 2516 966 2555 lib.
991 2516 1131 2555 XVIII
1155 2530 1192 2555 11.
1221 2517 1319 2555 555.
1370 2516 1486 2555 Dixit
1509 2516 1637 2568 igitur
1662 2517 1799 2567 poeta:

247 2571 358 2613 ‘nam
389 2575 555 2615 deliciae
589 2575 787 2615 habentur
823 2577 905 2615 illis
942 2576 1174 2628 regionibus
1212 2576 1369 2616 catinus
1406 2577 1523 2615 rutae
1562 2577 1687 2615 caulis
1724 2577 1799 2615 im-

245 2634 427 2674 mundus.
491 2635 727 2686 Genetiuus,
765 2638 812 2675 ut
849 2637 958 2688 apud
993 2637 1211 2677 Horatium
1249 2649 1363 2676 serm.
1389 2637 1411 2675 I
1438 2637 1475 2686 6,
1506 2637 1590 2675 115
1633 2633 1711 2675 ‘me
1748 2636 1799 2675 ad

245 2696 356 2745 porri
387 2697 428 2735 et
452 2697 590 2736 ciceris
614 2697 743 2736 refero
772 2697 990 2748 laganique
1016 2694 1223 2748 catinum’3
1255 2698 1359 2737 calix
1383 2697 1477 2736 uilis
1504 2697 1710 2747 suppellex
1736 2709 1798 2747 ap.

248 2753 365 2794 Ouid.
391 2755 482 2795 fast.
508 2756 546 2793 V
574 2757 658 2796 509
703 2753 829 2796 ‘stant
871 2757 1034 2808 calices,
1076 2759 1210 2797 minor
1251 2758 1344 2797 inde
1388 2757 1520 2807 fabas,
1564 2757 1652 2796 olus
1697 2757 1802 2795 alter

246 2812 448 2854 habebat'.
476 2837 532 2843 —
558 2818 824 2866 incrustatus,
855 2817 881 2855 i.
915 2830 946 2856 e.
979 2817 1129 2857 oblitus
1167 2818 1352 2869 deinceps
1390 2818 1572 2867 reliquiis
1611 2829 1800 2856 cenarum

247 2875 443 2925 priorum:
476 2877 595 2915 aliter
625 2877 732 2927 apud
757 2876 971 2916 Horatium
996 2878 1021 2916 1.
1049 2890 1077 2917 s.
1106 2877 1358 2918 Scribonium
1388 2878 1566 2929 Largum
1597 2890 1683 2928 cap.
1712 2878 1797 2916 135

250 2932 409 2975 ‘calices
441 2948 601 2987 quoque
633 2938 689 2976 eis
720 2937 991 2977 incrustentur
1024 2969 1061 2977 ..
1084 2969 1091 2976 .
1125 2951 1172 2977 ex
1185 2988 1187 2990 q
1202 2938 1264 2977 his
1298 2938 1369 2989 qui
1405 2938 1546 2977 uinum
1578 2968 1586 2976 .
1615 2968 1653 2976 ..
1684 2950 1798 2989 prae-

247 2992 409 3035 biberit'
437 3009 469 3036 e.
496 3010 533 3047 q.
560 3009 589 3036 8.
651 2996 874 3037 Varronem
904 3011 979 3037 rer.
1011 3001 1110 3038 rust.
1135 2998 1199 3038 III
1227 2999 1294 3048 14,
1322 2999 1347 3037 5
1384 2994 1446 3036 ‘ut
1483 2998 1605 3037 ollam
1639 3029 1646 3036 .
1670 3029 1677 3036 .
1699 3029 1707 3036 .
1738 2999 1799 3037 in-

250 3058 428 3096 crustent
458 3070 557 3108 sapa
588 3059 629 3097 et
659 3054 786 3097 farri'.
849 3058 990 3109 Neque
1023 3059 1129 3098 enim
1159 3058 1407 3099 incrustatus
1440 3070 1524 3098 esse
1556 3059 1659 3097 calix
1686 3059 1800 3098 caule

321 3129 438 3157 Lucilii
455 3131 522 3157 rell.
542 3131 588 3158 ed.
608 3131 718 3158 Max.
747 3132 790 3158 11.
1489 3128 1510 3160 5
