2060 3444
850 277 884 318 11
908 293 944 318 u.
973 279 1125 317 60—64.
1692 273 1747 321 31

205 397 486 452 pronuntient,
525 394 621 437 dum
652 394 737 449 ipse
769 397 900 448 capite
932 396 1123 436 obuoluto
1155 394 1339 447 profugit
1369 395 1479 434 ueste
1518 394 1559 433 et
1595 393 1755 433 nomine

206 461 374 501 mutato.
425 457 512 505 Quo
543 458 673 510 magis
703 457 746 496 id
772 458 956 497 credatur
981 470 1120 496 uerum
1146 468 1242 505 esse,
1275 456 1399 494 alium
1424 456 1626 494 hominem
1651 467 1754 493 mor-

204 522 320 561 tuum
364 520 558 559 exornant
601 520 641 558 et
684 519 727 556 in
771 519 874 558 lecto
919 518 1119 557 collocant
1161 516 1276 567 quasi
1320 517 1373 555 sit
1413 517 1529 566 pater
1566 514 1755 554 familias.

205 581 362 630 Fletur,
406 580 594 619 cantatur
629 578 767 628 nenia,
810 590 953 629 corpus
997 577 1159 616 effertur
1202 578 1243 615 et
1285 577 1327 614 in
1371 576 1515 626 capulo
1559 574 1755 614 conditur.

205 641 375 681 Interim
406 652 543 678 rumor
573 639 608 678 it
638 638 819 678 fraudem
852 650 935 677 esse
967 638 1117 677 factam
1148 649 1173 675 a
1204 636 1460 688 propinquis:
1498 635 1755 675 subditicium

207 703 249 740 et
278 700 425 740 falsum
454 699 572 738 funus
606 711 690 738 esse
722 698 884 738 factum.
947 697 1025 737 Res
1057 697 1236 736 defertur
1266 696 1317 734 ad
1348 695 1650 748 magistratum:
1686 696 1757 746 qui

206 760 423 801 Hortensio
462 759 622 799 cuidam
660 760 700 798 et
724 758 945 804 ,Postumio
982 760 1028 797 ut
1065 757 1113 796 de
1153 757 1228 796 hac
1272 769 1314 795 re
1359 755 1520 795 arbitris
1565 754 1756 795 adhibitis

211 825 429 873 quaeratur
459 820 641 871 imperat.
703 818 782 865 Qui
813 831 903 858 cum
934 818 1124 869 capulum
1155 816 1274 856 effodi
1311 817 1538 865 iussissent,
1573 816 1757 855 effossum

207 880 438 921 recludunt:
476 879 619 919 arbitri
651 879 718 929 qui
757 879 972 930 profugum
1009 878 1126 917 illum
1163 877 1263 916 bene
1302 879 1448 916 norant
1482 875 1663 915 fraudem
1700 876 1758 914 fa-

208 943 315 981 ctam
347 953 431 980 esse
463 941 696 992 agnoscunt.
758 939 840 991 Agi
878 941 952 978 aut
989 938 1037 978 de
1075 939 1236 978 homine
1273 937 1419 976 humili
1455 937 1543 975 loco
1582 937 1678 975 nato
1719 938 1759 975 et

213 1013 389 1053 paupere
421 1003 492 1040 aut
522 1000 571 1039 de
602 1013 645 1038 re
677 1002 789 1039 extra
819 999 983 1038 Italiam
1020 1000 1134 1051 gesta
1170 997 1264 1037 inde
1301 999 1432 1048 patet,
1471 996 1578 1047 quod
1615 994 1758 1047 corpus

210 1062 296 1101 eius
332 1074 414 1101 non
451 1060 702 1101 combustum
743 1059 811 1098 sed
851 1059 1053 1110 sepultum
1097 1070 1182 1098 esse
1225 1058 1397 1098 refertur
1437 1052 1759 1112 (Marquardtius

208 1121 367 1161 Manius
398 1121 447 1160 de
478 1121 566 1160 uita
596 1121 698 1172 priu.
724 1133 762 1171 p.
789 1119 835 1158 R.
868 1133 905 1171 p.
934 1117 1051 1171 376).

330 1177 408 1221 62.
441 1180 596 1220 Nonius
628 1194 666 1231 p.
696 1181 792 1226 102,
823 1181 845 1218 7
881 1176 1119 1219 ‘Excantare
1146 1178 1347 1230 significat
1373 1178 1590 1217 excludere.
1641 1177 1760 1216 Plau-

209 1243 275 1281 tus
306 1241 573 1281 Bacchidibus
605 1234 703 1294 (34)
738 1237 883 1289 “nam,
914 1240 1050 1290 credo,
1082 1239 1209 1280 cuiuis
1241 1241 1452 1278 excantare
1483 1251 1551 1278 cor
1581 1235 1758 1289 potest’'.

209 1301 390 1341 Lucilius
421 1302 650 1352 satyrarum
681 1300 750 1339 lib.
775 1300 818 1339 Π
849 1297 985 1351 “quae
1018 1313 1090 1352 ego
1115 1311 1222 1339 nunc
1245 1298 1414 1339 Aemilio
1448 1331 1454 1337 .
1478 1331 1485 1337 .
1508 1330 1515 1336 .
1549 1295 1759 1338 excanto‘'.

210 1362 341 1402 Varro
367 1360 654 1400 Eumenidibus
687 1355 792 1415 (151
806 1354 860 1415 B)
894 1358 997 1399 “ubi
1033 1360 1174 1399 uident
1211 1373 1251 1400 se
1284 1359 1483 1399 cantando
1516 1372 1563 1398 ex
1594 1372 1665 1398 ara
1697 1372 1760 1398 ex-

210 1423 374 1463 cantare
404 1434 486 1461 non
516 1433 650 1472 posse,
689 1422 869 1472 deripere
900 1418 1161 1472 incipiunt’'.'
1225 1418 1373 1459 Orator
1406 1420 1564 1459 monuit
1599 1419 1761 1469 iudices,

211 1484 258 1522 ut
289 1484 444 1522 attente
476 1481 646 1521 audiant
677 1494 741 1531 ea,
780 1494 883 1532 quae
920 1494 1003 1521 sese
1041 1481 1141 1520 dicit
1178 1482 1479 1520 occentaturum
1516 1481 1612 1520 testi
1647 1492 1760 1531 prae-

212 1543 318 1583 senti
348 1542 524 1582 Aemilio
556 1544 677 1592 atque
709 1555 756 1581 ea
788 1554 891 1593 quae
916 1543 963 1581 ut
987 1541 1123 1580 debita
1147 1553 1338 1592 responsa
1363 1543 1595 1580 exacturum
1621 1553 1641 1578 e
1667 1540 1763 1579 testi

214 1597 315 1656 (Cic.
347 1602 396 1642 de
427 1603 530 1654 legg.
557 1602 578 1641 I
607 1604 643 1652 1,
670 1596 717 1657 4)
750 1603 790 1640 et
822 1603 1128 1642 excantaturum
1160 1614 1243 1641 esse
1275 1614 1317 1640 se
1348 1601 1572 1651 pollicetur.
1619 1600 1762 1651 Itaque

213 1662 392 1702 Lucilius
425 1663 637 1702 excantare
667 1664 838 1713 usurpat
867 1662 942 1701 hoc
973 1663 1061 1700 loco
1094 1662 1141 1700 dc
1174 1661 1291 1701 dictis
1323 1673 1426 1711 quae
1458 1674 1505 1699 ex
1543 1674 1610 1700 ore
1646 1662 1762 1700 testis

214 1723 476 1762 extrahantur
505 1723 553 1761 ut
583 1734 650 1762 aes
682 1722 862 1761 debitum
894 1735 983 1761 cum
1014 1721 1144 1760 Varro
1170 1722 1195 1760 1.
1222 1734 1252 1760 s.
1284 1722 1326 1760 et
1349 1721 1529 1772 Propert.
1555 1721 1618 1760 III
1645 1722 1684 1771 3,
1705 1721 1760 1760 49

216 1780 278 1821 ‘ut
307 1795 380 1833 per
416 1784 456 1821 te
495 1783 649 1822 clausas
688 1783 791 1822 sciat
826 1783 1037 1821 excantare
1074 1779 1243 1833 puellas'
1283 1781 1446 1820 uerbum
1487 1781 1678 1820 adhibeat
1715 1780 1764 1819 de

214 1844 395 1894 personis
428 1843 498 1893 qui
529 1844 789 1882 emoueantur
826 1856 847 1881 e
884 1843 971 1882 loco
1010 1842 1196 1893 quodam.
1258 1842 1313 1880 Et
1349 1842 1585 1892 praecantat
1622 1843 1663 1880 et
1700 1854 1763 1880 ex-

215 1905 354 1942 cantat
385 1905 532 1953 orator,
563 1902 659 1953 quia
688 1903 833 1942 testem
858 1904 904 1941 ut
927 1903 1101 1946 inuicem
1125 1902 1366 1952 respondeat
1391 1902 1523 1941 uerbis
1549 1902 1632 1941 suis
1658 1914 1764 1941 com-

217 1975 378 2002 mouere
409 1964 542 2013 potest
572 1964 780 2014 tamquam
812 1964 934 2002 cantu
964 1963 1148 2015 magico..
1188 1962 1248 2001 De
1279 1964 1496 2013 praecauto
1528 1961 1651 2001 uerbo
1677 1974 1765 2000 uer-

216 2035 282 2063 sus
313 2023 390 2062 fine
422 2023 585 2062 discisso
617 2024 713 2062 conf
739 2023 857 2063 indic.
891 2035 1058 2075 gramm.
1085 2035 1115 2062 s.
1141 2036 1178 2061 u.
1205 2024 1354 2062 tmesis.

339 2078 418 2124 64.
455 2082 611 2123 Nonius
649 2097 687 2134 p.
715 2084 814 2133 261,
842 2084 895 2122 26
945 2080 1223 2122 ‘Circumferre
1267 2085 1328 2122 est
1370 2084 1531 2134 proprie
1582 2083 1765 2121 lustrare.

217 2143 397 2182 Lucilius
422 2145 661 2194 satyrarum
692 2143 760 2183 lib.
786 2143 829 2182 H
861 2138 982 2182 “tum
1022 2144 1125 2192 facto
1162 2145 1295 2182 o‘mm'a
1331 2147 1424 2182 sunt
1463 2140 1766 2183 circumlatus''.

217 2203 385 2243 Plautus
421 2205 464 2242 in
503 2202 754 2255 Amfitryone
792 2198 921 2259 (775)
961 2201 1085 2242 “iube
1129 2204 1250 2243 istam
1293 2216 1366 2254 pro
1410 2205 1556 2243 cerrita
1599 2204 1765 2242 circum-

217 2261 358 2303 ferri’'.
407 2263 611 2315 Vergilius
642 2264 710 2302 lib.
736 2264 795 2303 VI
826 2258 954 2318 (229)
989 2261 1110 2303 ‘idem
1141 2266 1205 2303 ter
1235 2264 1362 2303 socios
1393 2277 1496 2314 pura
1521 2264 1767 2304 circumtulit

218 2320 386 2363 unda’'.’
438 2323 524 2370 Quo
556 2324 643 2363 loco
675 2324 844 2363 adnotat
875 2323 1056 2364 Seruius:
1090 2320 1370 2377 ‘circumtulit]
1399 2325 1603 2376 purgauit.
1648 2323 1766 2363 Anti-

220 2397 342 2435 quum
373 2383 539 2422 uerbum
571 2386 642 2424 est.
691 2384 859 2424 Plautus
893 2381 997 2435 “pro
1029 2385 1187 2423 laruato
1218 2386 1259 2423 te
1285 2380 1607 2435 circumferam'',
1639 2385 1681 2423 id
1707 2386 1767 2423 est

218 2441 427 2495 purgabo?
480 2443 679 2491 Quattuor
708 2444 771 2484 his
798 2445 895 2484 locis
922 2445 991 2484 ubi
1015 2444 1258 2483 uocabulum
1284 2446 1534 2494 circumferre
1556 2445 1766 2483 inuentum

220 2505 293 2554 est,
323 2503 514 2553 homines,
545 2516 624 2543 non
655 2516 718 2544 res
749 2505 941 2544 lustratos
973 2517 1056 2544 esse
1087 2504 1279 2543 traditur:
1311 2517 1435 2555 quare
1465 2507 1572 2544 recte
1598 2504 1700 2544 codd
1723 2506 1767 2543 in

221 2577 258 2602 u.
290 2562 439 2603 Lucilii
475 2565 743 2610 circumlatus,
787 2577 876 2604 cum
919 2568 1012 2604 swnt
1053 2567 1285 2616 corruptum
1329 2564 1399 2604 sit:
1443 2565 1595 2604 accedit
1631 2578 1668 2603 u.
1709 2565 1764 2603 65

223 2621 432 2663 ‘lustratus
477 2621 625 2677 piatus’
673 2626 743 2675 qui
785 2626 844 2664 ita
886 2627 933 2663 ut
976 2625 1195 2665 iudicemus
1239 2637 1310 2664 nos
1351 2625 1568 2675 compellit.
1639 2624 1767 2664 Facta

222 2685 367 2730 omnia,
397 2684 644 2735 scripsimus:
682 2684 870 2724 similiter
899 2686 982 2724 iam
1011 2684 1233 2724 Beckerum
1264 2684 1383 2724 uideo
1415 2684 1559 2724 Philol.
1586 2684 1622 2722 V
1651 2685 1766 2724 1850

223 2757 260 2794 p.
290 2744 374 2782 735
413 2744 633 2796 scripsisse,
677 2757 767 2784 cum
805 2758 869 2783 uu.
905 2745 972 2783 64.
1006 2746 1061 2784 65
1106 2746 1149 2784 111
1192 2759 1315 2783 unum
1359 2746 1464 2784 male
1508 2745 1769 2784 confunderet

224 2800 348 2842 ‘facta
379 2803 482 2842 Tum
513 2804 665 2853 omnia,
703 2817 790 2843 sum
821 2804 1095 2855 circumlatus,
1131 2805 1326 2844 lustratus
1363 2803 1525 2855 piatus'.
1588 2804 1767 2843 Verbum

223 2862 518 2902 substantiuum
550 2865 741 2903 omissum
773 2867 834 2903 est
868 2867 913 2903 ut
950 2877 1089 2915 saepe:
1126 2865 1194 2904 lib.
1221 2865 1278 2903 XI
1302 2879 1340 2903 u.
1368 2866 1454 2903 424
1495 2862 1551 2903 ‘et
1588 2865 1768 2904 damnati

224 2923 297 2962 alii
327 2921 489 2962 omnes'.
540 2922 626 2962 Lib.
651 2924 804 2963 XXVII
830 2938 866 2963 u.
896 2925 979 2964 713
1015 2922 1185 2964 ‘summa
1216 2926 1351 2964 omnia
1376 2922 1551 2964 fecerim'
1580 2925 1651 2964 ubi
1675 2925 1767 2963 uide

216 2983 401 3022 adnotat.
453 2981 598 3022 Catull.
629 2985 695 3034 75,
715 2986 741 3022 4
775 2981 926 3023 ‘omnia
957 2986 991 3024 si
1022 2982 1175 3024 facias'.
1225 2984 1399 3024 Martial.
1427 2985 1467 3023 Π
1497 2986 1564 3034 14,
1588 2987 1640 3024 14
1669 2982 1769 3024 ‘om-

224 3044 293 3082 nia
324 3055 414 3082 cum
445 3043 558 3094 fecit,
595 3043 662 3084 sed
696 3046 887 3084 renuente
919 3041 1008 3084 deo’
1030 3062 1086 3076 =
1107 3045 1174 3083 VI*
1193 3046 1262 3095 93,
1290 3046 1357 3084 12.
1418 3045 1530 3084 Idem
1561 3046 1617 3084 IX
1645 3046 1713 3097 38,
1742 3047 1765 3085 9
