2060 3444
812 248 897 284 VIII
922 260 957 283 u.
986 250 1186 283 313—315.
1717 244 1801 286 119

251 364 557 414 κατοκλάζεσθαι
595 364 742 420 ῥᾳδίως
771 396 777 402 .
807 395 813 402 .
843 395 849 402 .
877 356 1010 417 (extr.)
1043 358 1212 402 ἐοικέναι
1253 357 1295 400 δὲ
1334 363 1416 408 τοῖς
1449 361 1694 412 Παρθικοῖς·
1735 356 1803 398 καὶ

251 423 325 479 γὰρ
362 428 486 478 ταχεῖς
522 419 625 465 εἶναι
664 422 729 463 καὶ
773 422 994 476 εὐδρόμους
1038 423 1184 474 μᾶλλον
1227 426 1307 460 τῶν
1350 417 1490 459 ἄλλων.
1554 419 1692 472 Veget.
1722 420 1796 459 art.

250 487 376 526 ueter.
396 485 453 525 IV
475 486 499 525 6
529 482 735 525 ‘Curribus
763 482 1045 535 Cappadocum
1073 481 1248 534 gloriosa
1273 480 1474 521 nobilitas.
1527 480 1799 531 Hispanorum

251 555 326 597 par
369 546 434 585 uel
477 547 659 596 proxima
702 544 745 583 in
789 544 893 584 circo
937 542 1112 582 creditur
1151 542 1288 593 palma
1323 573 1330 579 .
1359 572 1365 579 .
1396 572 1402 579 .
1437 540 1623 591 quamuis
1664 539 1802 579 Africa

253 606 425 657 Hispani
463 607 670 657 sanguinis
709 603 980 644 uelocissimos
1019 603 1225 654 praestare
1264 597 1542 640 consueuerit’.
1606 599 1707 639 Vide
1750 600 1802 639 ad

252 666 347 706 XIV
366 680 403 705 u.
426 667 509 705 476
531 666 606 705 XV
626 680 662 704 u.
686 666 770 705 506
784 678 892 715 seqq.
927 661 1057 704 ‘omne
1076 662 1155 701 iter
1174 658 1327 701 euadit'
1342 660 1494 712 Vergil.
1508 660 1608 699 Aen.
1622 660 1699 700 XII
1716 661 1800 700 906

255 723 356 766 ‘tum
387 726 491 777 lapis
523 726 608 777 ipse
640 726 717 765 uiri
740 734 759 764 ‘.
789 757 796 764 .
825 756 831 764 .
864 736 936 764 nec
974 722 1150 774 spatium
1189 722 1320 761 euasit
1355 722 1488 760 totum
1526 734 1598 760 nec
1635 720 1804 771 pertulit

250 783 403 827 ictum'.
466 786 507 826 II
535 787 620 826 730
654 783 906 836 ‘omnemque
937 783 1104 823 uidebar
1135 781 1308 822 euasisse
1345 778 1483 820 uiam'.

374 841 486 888 314.
518 846 672 886 Nonius
705 860 742 896 p.
770 847 816 895 4,
845 846 897 884 12
939 841 1133 884 ‘Tolutim
1174 842 1322 882 dicitur
1363 841 1478 892 quasi
1522 841 1693 880 uolutim
1737 841 1802 879 uel

254 907 497 947 uolubiliter.
520 939 528 946 .
551 939 558 946 .
581 939 588 946 .
608 906 714 946 idem
745 904 924 945 Lucilius
956 906 1186 955 satyrarum
1217 902 1285 941 lib.
1311 901 1411 940 VIII
1433 933 1440 940 .
1463 933 1470 940 .
1494 934 1500 940 .
1527 901 1630 940 idem
1667 898 1802 940 “uelle

253 966 418 1008 tolutim
462 967 527 1006 hic
570 979 725 1018 semper
767 967 994 1014 incepturus
1037 959 1258 1002 uidetur'’.'
1336 962 1526 1001 Eiusdem
1575 960 1668 1000 libri
1719 973 1802 1000 esse

253 1029 523 1080 fragmentum
549 1027 716 1079 colligas
743 1023 986 1076 comparatis
1011 1024 1135 1063 Nonii
1159 1022 1401 1063 testimoniis
1422 1022 1471 1061 ad
1491 1022 1559 1060 lib.
1579 1021 1636 1060 IX
1655 1035 1693 1060 u.
1716 1022 1797 1061 341

252 1087 385 1127 XXVI
409 1101 446 1127 u.
476 1088 580 1127 677:
613 1087 719 1138 quod
749 1088 842 1137 post
866 1085 969 1124 illud
994 1085 1266 1136 fragmentum
1290 1096 1328 1122 u.
1357 1083 1441 1122 313
1470 1082 1577 1133 quod
1603 1081 1804 1121 antecedit

251 1149 394 1200 posuit
424 1147 701 1187 Baehrensius.
764 1146 824 1185 De
857 1145 994 1185 ordine
1026 1146 1162 1184 tamen
1194 1144 1309 1183 caute
1342 1155 1414 1182 nos
1447 1142 1590 1182 debere
1625 1141 1802 1182 iudicare

253 1208 425 1248 efficitur
469 1208 571 1247 Non.
603 1221 641 1258 p.
670 1207 753 1246 346
776 1208 872 1245 extr.
926 1203 1062 1244 ‘molle
1113 1205 1402 1255 opportunum,
1454 1202 1659 1254 Vergilius
1703 1202 1802 1240 Aen.

252 1268 320 1307 lib.
347 1268 430 1307 1111
455 1262 583 1321 (423)
617 1264 718 1307 ‘sola
749 1266 828 1306 uiri
864 1262 1020 1305 molles'
1049 1278 1080 1303 e.
1109 1278 1144 1315 q.
1172 1277 1201 1304 s.
1243 1265 1343 1303 idem
1381 1257 1585 1317 (sequitur
1610 1262 1668 1300 IV
1695 1257 1802 1315 293)

254 1325 312 1368 ‘et
349 1340 451 1379 quae
482 1327 718 1368 mollissima
754 1326 866 1366 fandi
903 1322 1113 1377 tempora'.
1175 1324 1290 1364 Adde
1329 1323 1436 1374 quod
1474 1323 1570 1362 ordo
1611 1322 1803 1362 librorum

253 1387 400 1428 Lucilii
419 1388 461 1428 in
486 1388 563 1427 hac
586 1390 702 1438 parte
720 1386 843 1426 Nonii
867 1387 1051 1426 inuersus
1071 1387 1131 1425 est
1150 1380 1266 1439 (conf
1280 1384 1458 1435 prolegg.
1478 1397 1516 1434 p.
1537 1378 1802 1436 LXXXVIII)

254 1461 382 1500 neque
413 1450 549 1488 tamen
581 1448 628 1487 de
655 1448 793 1487 ordine
818 1447 978 1486 inuerso
1005 1446 1254 1498 singulorum
1281 1444 1458 1483 eiusdem
1483 1443 1577 1482 libri
1602 1444 1803 1495 fragmen-

253 1511 387 1549 torum
424 1508 516 1548 inde
554 1508 768 1559 quicquam
805 1506 955 1558 poterit
993 1506 1096 1546 effici
1134 1505 1242 1555 ideo,
1285 1504 1390 1555 quod
1429 1504 1531 1543 solet
1568 1503 1724 1542 Nonius
1762 1503 1804 1541 in

256 1569 467 1608 afferendis
492 1568 605 1608 libris
625 1567 820 1607 I———XXII
842 1566 1000 1616 Lucilii,
1026 1578 1118 1605 cum
1144 1565 1191 1604 de
1218 1564 1356 1605 eadem
1381 1577 1478 1603 uoce
1505 1564 1629 1603 alium
1655 1562 1802 1602 librum

255 1629 386 1668 adfert
416 1628 645 1680 praemissis
676 1627 809 1667 uerbis
843 1628 946 1666 idem
984 1627 1099 1671 libro,
1138 1637 1217 1664 non
1256 1623 1534 1664 antecedentes
1572 1623 1696 1662 libros
1734 1623 1801 1662 ad-

258 1691 380 1739 ferre,
412 1688 480 1728 sed
512 1690 723 1738 sequentes
757 1683 872 1741 (conf
891 1687 1069 1738 prolegg.
1096 1699 1133 1736 p.
1160 1679 1357 1738 LXXIX).
1419 1684 1563 1734 Itaque
1596 1682 1730 1722 omnia
1760 1684 1803 1721 in

258 1750 334 1788 hac
366 1749 599 1800 quaestione
631 1750 725 1787 sunt
755 1747 919 1786 incerta.
950 1767 1000 1774 —-
1031 1749 1065 1785 ct
1094 1747 1319 1794 incepturus
1351 1743 1652 1784 Bouterwekius
1685 1756 1803 1794 quem

255 1810 360 1848 male
410 1808 592 1859 sequitur
634 1808 849 1848 Muellerus
901 1808 941 1846 et
983 1805 1269 1854 Baehrensius‚
1315 1806 1388 1844 iter
1432 1807 1636 1853 coepturus
1677 1803 1801 1843 Lach-

256 1882 439 1919 mannus,
471 1868 541 1919 qui
571 1867 737 1907 uerbum
768 1868 811 1906 in
843 1868 942 1906 artis
972 1865 1170 1906 uocabulo
1203 1865 1321 1916 quale
1354 1866 1414 1904 est
1448 1865 1597 1903 tolutim
1635 1863 1803 1903 adnotat

256 1929 374 1969 facile
404 1941 521 1980 posse
553 1928 698 1968 omitti.
748 1927 835 1978 Ego
866 1928 910 1966 in
941 1927 1028 1966 loco
1061 1928 1248 1976 corrupto
1280 1925 1529 1976 probabilius
1561 1923 1603 1962 id
1635 1923 1801 1962 uerbum

256 1988 520 2041 supplendum
552 2001 634 2028 esse
666 1988 767 2027 duco
799 1990 840 2027 et
871 1988 936 2036 aqi
970 1986 1130 2026 inserui.
1193 1986 1292 2024 uelle
1328 1986 1486 2024 uidetur
1523 1986 1570 2023 ut
1602 1983 1802 2036 Vergilius

259 2050 357 2089 Aen.
383 2049 462 2098 XII
490 2050 573 2089 909
609 2045 867 2099 ‘nequiquam
899 2047 1039 2086 auidos
1065 2045 1274 2086 extendere
1301 2057 1438 2084 cursus
1463 2044 1567 2083 uelle
1593 2041 1803 2083 uidemur'.

255 2109 335 2161 Agi
367 2109 414 2148 de
447 2122 548 2160 equo
573 2108 755 2159 Hispano
786 2107 981 2159 probatur
1011 2107 1097 2146 loco
1123 2105 1245 2145 Plinii
1270 2107 1352 2145 nat.
1378 2105 1471 2144 hist.
1497 2104 1598 2143 VIII
1626 2105 1709 2143 166
1745 2101 1802 2142 ‘in

257 2170 394 2210 eadem
425 2169 625 2220 Hispania
657 2168 840 2208 Gallaica
871 2180 969 2219 gens
1000 2169 1062 2207 est
1092 2168 1132 2206 et
1162 2166 1351 2205 Asturica
1383 2165 1519 2216 equini
1551 2165 1719 2216 generis.
1760 2164 1801 2203 hi

257 2232 352 2271 sunt
383 2242 482 2280 quos
513 2229 696 2268 celdones
727 2241 934 2277 uocamus‚
968 2228 1121 2266 minore
1153 2227 1284 2265 forma
1315 2226 1540 2276 appellatos
1572 2226 1802 2264 asturcones

256 2291 448 2342 gignunt3
480 2288 625 2340 quibus
657 2301 736 2328 non
767 2287 950 2339 uulgaris
979 2287 1023 2326 in
1055 2299 1171 2326 cursu
1201 2285 1359 2338 gradus,
1393 2285 1460 2324 sed
1486 2285 1620 2324 mollis
1646 2285 1802 2324 alterno

258 2363 417 2390 crurum
449 2348 650 2399 explicatu
681 2349 932 2401 glomerati0‚
963 2347 1069 2387 unde
1101 2345 1212 2398 equis
1242 2346 1406 2385 tolutim
1431 2358 1573 2396 capere
1598 2345 1802 2384 incursum

258 2409 435 2449 traditur
466 2405 580 2448 arte'.

379 2463 490 2509 315.
522 2469 678 2509 Nonius
709 2482 747 2519 p.
775 2469 879 2518 533,
913 2469 966 2506 27
1008 2464 1218 2516 ‘Ocrcyrus
1262 2465 1377 2505 nauis
1423 2467 1482 2505 est
1520 2465 1672 2504 Asiana
1714 2478 1797 2515 per-

259 2529 432 2581 grandis.
461 2561 468 2567 .
490 2561 497 2568 .
519 2559 527 2567 .
553 2529 732 2568 Lucilius
757 2530 984 2579 satyrarum
1010 2527 1078 2566 lib.
1098 2526 1199 2566 VIII
1225 2523 1397 2565 “uerum
1421 2525 1568 2564 flumen
1594 2525 1655 2563 uti
1682 2527 1802 2575 atque

259 2590 346 2640 ipso
383 2590 551 2629 diuortio
587 2590 711 2638 iynct's
747 2587 914 2640 pedibus
951 2599 1150 2637 cyreerurn
1193 2588 1393 2626 concurret
1436 2581 1603 2634 cquis”.’
1673 2584 1802 2623 Locus

259 2661 498 2701 magnopere
524 2650 733 2699 corruptus
759 2650 800 2688 et
827 2648 1094 2699 perturbatus.
1141 2646 1332 2686 Cercurus
1361 2646 1476 2685 nauis
1507 2657 1652 2684 nomen
1682 2643 1804 2682 habet

260 2709 486 2748 Herodotus
511 2708 590 2748 VH
618 2710 671 2748 97
704 2706 971 2761 τριηκόντεροι
1002 2704 1045 2747 δὲ
1076 2704 1143 2746 καὶ
1173 2704 1476 2758 πεντηκόντεροι
1504 2702 1570 2744 καὶ
1595 2702 1803 2755 κέρκουροι

260 2766 327 2808 καὶ
357 2766 567 2821 ἱππαγωγὰ
596 2770 715 2807 πλοῖα
747 2766 895 2820 μακρά,
930 2767 1166 2806 adhibuerat
1196 2766 1421 2805 Dinarchus
1455 2766 1614 2804 auctore
1646 2764 1801 2814 Harpo-

262 2829 438 2868 cratione
457 2841 496 2878 p.
519 2829 616 2876 109,
638 2828 691 2867 28
706 2827 740 2866 Β
760 2824 974 2879 κέρκουρος
996 2821 1102 2874 εἶδός
1128 2841 1164 2865 τι
1188 2825 1302 2873 νεώς·
1325 2825 1540 2877 Δείναρχος
1564 2825 1801 2877 Τυρρηνικῷ.

263 2887 392 2934 Quare
418 2887 683 2927 Baehrensius
702 2887 746 2926 L.
766 2886 980 2926 Muellerus
1007 2888 1047 2925 et
1071 2886 1178 2936 apud
1202 2886 1402 2925 Lucilium
1429 2886 1470 2923 et
1495 2883 1601 2934 apud
1626 2883 1801 2922 Nonium

262 2959 460 2997 cercyrum
479 2947 721 2998 scripserint,
746 2958 826 2985 non
845 2944 973 2998 magis
992 2946 1183 2996 intellego
1210 2957 1330 2996 quam
1356 2943 1462 2995 quod
1481 2943 1605 2982 Plinii
1631 2943 1802 2982 editores

262 3009 343 3046 nat.
369 3007 461 3047 hist.
487 3006 566 3046 VII
587 3007 671 3047 208
699 3006 864 3046 eandem
890 3007 1105 3045 seruamnt
1130 3001 1308 3045 codicum
1334 3005 1573 3055 scripturam
1604 3004 1674 3054 qui
1705 3003 1803 3042 haec
