2060 3444
270 284 326 327 38
901 283 935 318 Π
959 295 993 318 u.
1022 286 1172 319 81-84.

267 399 422 436 numeri
447 396 616 436 suadent
639 398 786 435 rectius
811 395 1008 436 iudicasse
1026 395 1342 437 Lachmannum:
1369 398 1521 439 accedit
1545 399 1799 450 quod-ueteri

267 458 408 508 poetae
439 458 582 495 merito
612 456 766 496 tribuas
804 457 1066 495 uetustiorem
1099 456 1270 496 formam
1308 454 1408 497 ‘iure
1444 456 1622 509 peritus’.
1684 458 1798 498 Dice-

266 517 366 556 bant
395 517 500 555 enim
524 515 671 555 Lucilii
701 517 877 567 tempore
910 518 950 554 61
982 513 1095 555 ‘iuris
1125 513 1292 566 peritus’
1322 519 1362 556 et
1394 514 1495 556 ‘iure
1519 515 1699 568 peritus':
1729 531 1798 558 uo—

267 576 418 616 cabulis
462 575 615 615 duobus
651 577 694 614 in
731 589 854 614 unum
891 575 1199 616 coalescentibus
1238 577 1288 615 -is
1331 579 1530 616 mutatum
1573 580 1633 617 est
1674 579 1717 617 in
1761 591 1799 617 -e

268 636 385 676 sicuti
404 637 509 686 potis
539 637 666 686 magis
689 638 810 675 uteris
836 637 983 675 similia
1008 631 1124 690 (conf
1140 635 1372 675 Skutschius
1390 636 1666 678 Vollmoellers
1685 638 1798 677 Rom.

267 695 566 734 Jahresberieht
589 695 647 734 IV
676 695 789 735 1898
821 708 858 746 p.
885 695 905 734 Ι
932 689 1008 748 81)
1046 695 1087 734 61
1124 695 1297 735 Titinius
1334 708 1423 735 cum
1466 697 1643 737 fabulam
1687 709 1801 736 suam

268 756 430 795 uocaret
460 755 748 806 Iurisperitam,
779 756 854 794 hoc
885 755 1123 794 uocabulum
1155 755 1227 794 illo
1256 756 1434 806 tempore
1465 757 1652 796 sollemne
1680 756 1801 797 fuisse

268 815 524 855 statuendum
562 816 632 864 est,
664 827 743 854 non
774 814 874 853 illud
905 816 991 854 iure
1022 815 1235 860 consultus.
1292 813 1406 860 Quod
1436 814 1626 855 Laberius
1663 812 1802 867 postea

267 875 427 914 uidetur
459 874 684 914 adhibuisse
714 869 811 928 (Cic.
839 875 951 925 epist.
978 874 1057 912 VII
1085 876 1152 924 11,
1180 868 1225 928 2)
1257 875 1487 925 factumque
1518 877 1578 914 est
1607 875 1726 915 huius
1750 875 1802 916 ad

269 934 570 974 similitudinem
600 933 813 973 locutionis
843 931 943 973 ‘iure
967 931 1134 985 peritus’
1162 946 1242 985 qua
1266 935 1426 984 praeter
1449 934 1648 974 Lucilium
1675 935 1804 975 utitur

271 994 347 1034 Cic.
383 994 535 1033 Cluent.
565 995 661 1033 107.
723 993 964 1044 Appellatur
993 995 1068 1033 hoc
1098 993 1291 1035 uocabulo
1324 993 1534 1034 Scaeuola:
1571 995 1662 1034 uide
1701 1008 1803 1046 quae

269 1055 541 1107 enarrauimus
573 1053 624 1092 ad
655 1067 692 1092 u.
722 1055 787 1092 74.

389 1109 467 1154 82.
499 1114 653 1152 Νο111118
678 1126 723 1164 ρ.4
746 1114 813 1162 10,
841 1113 895 1152 15
925 1110 1050 1152 ‘Inlex
1076 1115 1116 1152 et
1140 1114 1249 1152 exlex
1275 1115 1336 1152 est
1360 1115 1429 1164 qui
1455 1115 1539 1153 81116
1564 1115 1650 1166 lege
1677 1113 1801 1154 uiuat.

270 1204 308 1212 ..
329 1206 337 1214 .
369 1173 546 1212 Lucilius
583 1174 810 1224 satyrarum
844 1172 911 1211 lib.
937 1172 978 1210 Π
1012 1169 1123 1211 “non
1156 1202 1194 1211 ..
1215 1202 1223 1211 .
1256 1169 1428 1212 exlex’'.'
1490 1173 1623 1213 Facile
1662 1175 1704 1212 in
1740 1174 1804 1213 his

268 1233 399 1272 uerbis
430 1232 564 1280 πάθος
595 1234 766 1272 01610118
798 1233 1027 1284 agnoscitur
1055 1232 1295 1272 accusantis:
1327 1233 1422 1272 conf
1443 1228 1645 1285 [Antiph]
1671 1233 1802 1272 tetral.

267 1292 333 1345 Αβ
361 1295 383 1333 9
417 1290 486 1331 ἐὰν
518 1289 559 1331 δὲ
592 1298 667 1331 νῦν
698 1289 970 1343 καταληφθεὶς
993 1289 1204 1344 ἀποθάνω,
1235 1289 1377 1332 ἀνόσια
1402 1289 1536 1344 ὀνείδη
1562 1295 1643 1340 τοῖς
1668 1291 1804 1332 παισὶν

269 1351 492 1403 ὑπολείψω,
533 1349 559 1404 ἢ
597 1349 738 1404 φυγὼν
775 1349 900 1404 γέρων
937 1349 1003 1390 καὶ
1040 1348 1179 1400 ἄπολις
1216 1348 1272 1391 ὢν
1309 1349 1373 1391 ἐπὶ
1410 1351 1539 1399 ξενίας
1581 1351 1802 1405 πτωχεύσω.

270 1412 402 1452 Senec.
429 1411 530 1451 Med.
559 1414 615 1452 20
648 1408 788 1451 ‘uiuat
822 1423 893 1460 per
923 1411 1039 1451 urbes
1071 1412 1177 1450 erret
1205 1412 1363 1463 ignotas
1395 1424 1514 1463 egens
1540 1413 1629 1451 exul
1653 1424 1803 1463 pauens

268 1473 422 1511 inuisus
460 1472 601 1511 incerti
641 1468 764 1511 laris'.
833 1471 1087 1511 Franckenus
1125 1471 1271 1510 adtulit
1309 1469 1388 1510 Cic.
1425 1485 1498 1522 pro
1537 1471 1689 1511 01116111.
1719 1469 1802 1511 175

270 1530 386 1570 ‘Cum
416 1544 543 1583 uagus
575 1533 616 1571 et
647 1532 755 1570 exsul
781 1532 931 1570 erraret
956 1533 1077 1581 atque
1103 1531 1278 1581 undique
1304 1528 1509 1570 exclusus’.
1569 1528 1673 1571 ‘Non
1699 1527 1801 1570 dico’

268 1591 385 1631 initio
414 1592 634 1630 sententiae
659 1591 834 1642 positum
860 1592 920 1630 est
944 1590 1062 1630 sicuti
1087 1590 1138 1628 ad
1163 1589 1256 1628 Her.
1282 1590 1340 1628 IV
1367 1591 1434 1640 27,
1462 1591 1516 1630 37
1549 1591 1666 1631 initio
1699 1587 1805 1630 ‘Non

269 1651 356 1691 dico
382 1652 422 1690 te
449 1649 498 1690 ab
525 1651 640 1690 sociis
666 1652 853 1700 pecunias
879 1650 1040 1701 cepisse,
1065 1662 1143 1689 non
1169 1662 1255 1689 sum
1280 1650 1321 1688 in
1348 1662 1393 1689 60
1414 1647 1642 1701 occupatus'
1665 1663 1696 1690 6.
1717 1664 1753 1702 q.
1774 1662 1803 1690 8.

269 1712 323 1750 Ε1
353 1712 474 1762 paulo
512 1713 622 1749 ante:
662 1707 830 1750 ‘Horum
861 1710 962 1749 nihil
1000 1710 1104 1748 dico:
1142 1711 1321 1749 reuertor
1358 1710 1408 1748 ad
1445 1706 1560 1749 illud'
1587 1724 1619 1748 e.
1641 1723 1676 1760 q.
1698 1723 1725 1750 s.
1751 1731 1801 1736 —

269 1769 422 1821 uincat]
455 1770 636 1810 absolute
667 1770 838 1822 positum
867 1772 913 1808 ut
939 1769 1016 1809 Cic.
1043 1770 1085 1808 in
1111 1769 1222 1808 Verr.
1249 1769 1310 1808 111
1337 1770 1393 1808 40
1420 1799 1426 1806 .
1449 1801 1456 1809 .
1480 1801 1486 1807 .
1515 1767 1592 1808 ‘sui
1619 1771 1807 1820 quaestus

270 1843 390 1870 causa
422 1831 674 1870 constituisse
706 1827 879 1868 uincam’
915 1842 988 1880 pro
1021 1828 1173 1868 Cluent.
1203 1829 1278 1878 643
1310 1828 1360 1868 ad
1391 1828 1483 1868 Her.
1509 1829 1567 1868 IV
1595 1830 1633 1879 5,
1661 1831 1684 1868 7
1717 1830 1804 1868 init.

271 1888 486 1930 ‘uincerem
517 1891 635 1929 unius
667 1887 876 1941 oportere'.
909 1911 956 1916 —
988 1887 1133 1928 Orator
1163 1889 1289 1940 igitur
1313 1888 1522 1939 profitetur
1547 1901 1587 1928 se
1612 1902 1691 1928 non
1717 1901 1806 1928 eum

270 1963 353 1990 esse
386 1952 455 2000 qui
486 1950 610 1990 dicat:
642 1951 736 1989 licet
767 1950 904 1988 uincat
934 1961 1025 1988 reus
1053 1961 1138 1988 sese
1161 1943 1349 1999 pecunias
1373 1961 1452 1987 non
1478 1948 1639 1999 cepisse,
1670 1950 1806 1988 tamen

271 2011 388 2049 exilio
414 2011 620 2058 multetur,
645 2009 713 2048 sed
738 2010 872 2048 omnia
897 2021 984 2048 sese
1005 2008 1368 2050 demonstraturum
1394 2020 1476 2047 esse
1503 2009 1668 2047 crimina
1689 2009 1806 2058 polli-

271 2071 391 2108 cetur.
459 2069 516 2107 Et
557 2068 854 2108 aduersatiuum
897 2069 958 2107 est
999 2080 1078 2119 quo
1122 2068 1187 2107 de·
1214 2067 1309 2107 conf
1344 2067 1540 2119 Draegeri.
1575 2068 1678 2118 synt.
1710 2068 1736 2106 1.
1761 2067 1805 2106 L.

270 2129 361 2169 hist.
387 2123 448 2167 ΠΒ
477 2142 515 2179 p.
544 2130 610 2167 22.
660 2128 794 2167 Verba
825 2139 908 2167 esse
933 2127 1094 2166 Albucii
1126 2127 1366 2167 accusatoris
1395 2128 1525 2177 patet:
1557 2127 1675 2166 exilio
1700 2127 1806 2166 enim

271 2190 492 2239 puniuntur
520 2190 579 2227 rei
609 2187 936 2238 repetundarum:
967 2188 1063 2226 conf
1089 2187 1265 2239 prolegg.
1298 2200 1335 2237 p.
1361 2185 1504 2225 XLIII.

392 2243 594 2288 84-86.
638 2247 773 2287 Cicero
805 2247 854 2287 de
897 2248 1053 2287 oratore
1078 2246 1140 2286 ΙΠ
1166 2247 1235 2295 43,
1264 2247 1344 2285 171
1393 2243 1703 2285 ‘Conlocationis
1747 2247 1807 2285 est

272 2321 504 2359 componere
536 2309 577 2346 et
607 2310 757 2346 struere
788 2307 910 2346 uerba
941 2306 1015 2356 sic,
1051 2308 1098 2345 ut
1133 2319 1233 2346 neue
1271 2319 1386 2356 asper
1422 2318 1558 2349 eorum
1594 2317 1806 2345 concursus

272 2381 372 2407 neue
402 2368 558 2406 hiulcus
595 2367 664 2417 sit,
705 2367 773 2406 sed
810 2366 983 2418 quodam
1020 2366 1137 2406 modo
1175 2366 1478 2418 coagmentatus
1514 2367 1554 2404 et
1592 2366 1711 2405 leuis..
1764 2364 1806 2403 in

273 2441 351 2479 quo
382 2427 513 2479 lepide
545 2427 669 2466 soceri
699 2427 779 2465 mei
809 2438 977 2478 persona
1001 2427 1098 2466 lusit
1122 2426 1169 2475 is,
1200 2426 1270 2476 qui
1295 2423 1587 2477 elegantissime
1611 2425 1652 2463 id
1678 2425 1807 2464 facere

272 2487 421 2537 potuit,
458 2486 653 2526 Lucilius:
696 2483 849 2537 “quam
885 2485 1016 2536 lepide
1046 2485 1143 2525 lexis
1179 2479 1244 2539 (ex
1281 2486 1315 2524 is
1352 2484 1425 2524 cod
1454 2482 1741 2524 Abrincensisz‘
1763 2485 1807 2523 in

273 2547 366 2586 aliis
397 2546 510 2586 aliter
541 2540 732 2600 erratum)
765 2547 992 2597 compostae
1024 2539 1143 2599 (codd
1173 2545 1255 2583 fere
1281 2538 1529 2597 compositae)
1562 2575 1570 2584 .
1593 2574 1600 2581 .
1623 2575 1630 2582 .
1662 2544 1804 2583 11611111-

274 2603 451 2646 6111610”.
503 2619 605 2656 quae
638 2618 726 2644 cum
755 2605 921 2644 dixisset
944 2605 986 2643 in
1012 2604 1225 2644 Albucium
1256 2603 1455 2653 inludens,
1492 2616 1541 2643 ne
1572 2616 1596 2642 a
1626 2616 1688 2642 me
1721 2604 1806 2654 qui-

273 2666 361 2705 dem
394 2665 606 2705 abstinuit:
645 2662 863 2704 “Crassum
898 2696 904 2703 .
934 2696 940 2703 .
969 2695 976 2702 .
1010 2665 1318 2704 rhetoricoterus
1348 2665 1392 2701 tu
1424 2663 1499 2703 seis
1531 2657 1735 2717 (rhetorIco
1772 2665 1807 2701 t'e

273 2729 407 2765 rastas
433 2727 488 2764 eis
510 2725 582 2764 cod
602 2724 873 2764 Abrincensis:
899 2725 939 2763 in
961 2725 1051 2764 aliis
1071 2723 1152 2763 6116
1172 2718 1353 2777 uitia)”.'
1398 2723 1552 2762 Nonius
1571 2736 1608 2773 p.
1632 2723 1729 2771 188,
1750 2723 1805 2761 24

276 2782 593 2824 ‘Vermiculatim
625 2797 697 2834 pro
728 2785 894 2824 minuto.
947 2783 1081 2824 Cicero
1112 2785 1155 2822 im
1183 2784 1339 2823 oratore
1363 2782 1430 2821 lib.
1455 2782 1540 2821 ΠΠ
1566 2778 1695 2821 “lexis
1721 2793 1806 2820 con-

267 2845 388 2894 posui
412 2847 447 2883 et
470 2846 514 2883 ut
537 2844 752 2883 tessurulae
772 2875 779 2882 .
802 2875 808 2882 .
832 2875 838 2882 .
859 2840 1180 2883 uermiculato''.’
1226 2841 1361 2882 Cicero
1385 2842 1428 2881 in
1453 2844 1610 2880 oratore
1631 2841 1700 2890 44,
1722 2841 1803 2879 149

239 2946 245 2950 ,
276 2901 301 2942 ‘.
329 2935 336 2942 .
365 2935 371 2941 .
405 2903 510 2955 quod
554 2904 661 2955 apud
702 2903 902 2943 Lucilium
946 2904 1043 2943 scite
1087 2903 1266 2955 exagitat
1306 2902 1349 2941 in
1388 2900 1559 2940 Albucio
1604 2900 1807 2950 Scaeuola,

277 2960 430 3013 “quam
450 2994 458 3002 .
481 2994 488 3002 .
509 2993 518 3002 .
539 2964 781 3015 compositae
802 2994 809 3001 .
832 2995 839 3001 .
862 2994 869 3001 .
888 2959 1211 3002 uermiculato”.'
1261 2961 1372 3001 Idem
1401 2962 1444 3000 in
1475 2960 1604 3000 Bruto
1632 2960 1699 3009 79,
1720 2960 1805 2998 274

278 3020 447 3062 ‘nullum
478 3024 557 3063 nisi
586 3024 673 3062 loco
704 3023 878 3074 positum
898 3024 952 3061 ·et
978 3024 1184 3072 tamquam
1208 3022 1250 3060 in
1275 3020 1535 3060 uermiculato
1561 3020 1805 3068 emblemate,
