2060 3444
275 263 334 306 22
910 261 928 296 1
951 273 990 298 u.
1013 264 1169 298 41—45.

276 371 379 428 uim]
411 387 499 414 cum
532 374 641 414 dicat
670 375 807 424 poeta,
845 373 938 413 deos
974 373 1016 412 in
1048 372 1220 425 Olympo
1256 375 1389 414 monte
1427 373 1637 414 concilium
1667 373 1811 413 habere

277 436 408 485 docet,
448 433 507 474 ὅτι
538 431 821 481 Μακεδονικὸς
840 429 1044 485 Ὄλυμπος
1080 436 1189 473 θεῶν
1227 433 1466 486 οἰκητήριον·
1507 431 1533 485 ἡ
1563 431 1639 486 γὰρ
1671 432 1813 486 Πιερία
1897 481 1906 488 “

277 494 421 534 τούτου
459 491 651 547 ἀκρώρεια
689 491 755 532 καὶ
789 487 966 544 Ἠμαθία
1003 491 1046 532 τὸ
1077 492 1267 546 πρότερον
1303 490 1329 544 ἡ
1367 492 1605 533 Μακεδονία
1641 490 1812 533 ἐκαλεῖτο

278 555 398 594 801101.
425 554 564 593 Venet.
599 555 637 592 A
675 553 725 591 ad
762 553 878 592 Hom.
912 549 950 595 Ξ
975 553 1071 593 226.
1151 547 1348 604 Ἠμάθιος
1396 553 1638 592 adiectiuum
1687 553 1813 592 metro

278 615 405 654 coacti
455 612 596 652 Graeci
645 614 786 663 poetae
837 612 981 652 aetatis
1023 612 1170 652 Lucilii
1219 625 1410 663 usurpare
1459 612 1640 652 solebant
1687 613 1815 651 ueluti

278 673 479 714 Nicander
524 672 729 724 Georgicis
764 674 837 721 74,
871 674 923 711 12
964 671 1080 712 Schn.
1119 671 1261 724 Μίδης
1297 671 1397 725 ἅπερ
1430 704 1437 711 .
1466 704 1504 711 ..
1531 670 1574 711 ἐν
1610 670 1815 725 κλήροισιν

279 731 493 786 ἀνέτρεφεν
513 728 771 784 Ἠμαθίοισιν
795 732 966 772 Alcaeus
991 732 1207 772 Messenius
1233 745 1296 782 ap.
1315 732 1419 771 Plut.
1440 732 1518 772 Tit.
1539 733 1577 782 9,
1598 733 1635 770 2.
1664 753 1710 759 —-
1745 732 1814 771 42.

278 796 445 832 uentum
476 793 640 843 inquam
665 787 805 844 tollas]
831 792 1032 832 schemata
1057 793 1235 842 loquitur
1260 791 1355 831 deus
1381 793 1421 831 et
1446 793 1585 831 auctor
1609 791 1816 832 turbarum

278 855 304 892 1.
326 866 357 892 0.
383 853 522 904 Lupus
553 854 600 891 ut
630 852 798 891 tollatur
835 865 881 890 ex
913 851 1008 890 urbe
1039 852 1186 891 iterum
1215 852 1439 902 iterumque
1470 851 1547 897 sibi
1576 851 1817 890 hortandum

280 926 364 953 esse
397 914 573 952 ostentat
602 912 676 951 hac
708 912 988 963 epanalempsi.
1028 933 1083 939 —
1122 914 1209 951 tum
1240 923 1269 950 0.
1292 925 1327 962 q.
1347 913 1372 950 1.
1393 909 1436 962 1.]
1478 923 1636 950 uersum
1666 911 1710 950 in
1739 910 1817 950 fine

279 973 528 1012 laborantem
561 973 629 1023 qui
661 972 816 1022 explere
849 972 980 1010 conati
1012 972 1117 1021 sunt,
1147 972 1214 1010 uix
1240 971 1451 1022 profecisse
1477 970 1679 1010 uidentur:
1711 969 1817 1021 quod

263 1033 311 1087 ΔΙ.
343 1032 542 1071 Beckerus
586 1032 611 1069 l.
644 1044 672 1070 s.
705 1044 734 1071 s.
790 1031 999 1082 proposuit
1048 1028 1108 1070 ‘tu
1162 1031 1321 1084 culpam
1377 1043 1496 1082 quam
1544 1030 1646 1069 illiu’
1692 1025 1816 1070 laxes’

281 1092 324 1132 L.
345 1092 559 1131 Muellerus
587 1088 646 1130 ‘tu
673 1091 840 1131 crimina
864 1103 985 1142 quam
1009 1092 1089 1130 ista
1112 1087 1294 1139 leuabis'‚
1319 1093 1532 1141 utrumque
1557 1091 1666 1129 caret
1685 1102 1818 1130 sensu:

281 1164 354 1203 ego
385 1151 583 1202 temptaui
616 1148 717 1190 ‘tum
749 1151 861 1190 cedet
891 1163 993 1201 quae
1024 1152 1087 1189 ira
1117 1147 1297 1190 lacunis'.

401 1206 480 1251 43.
518 1210 694 1250 Isidorus
740 1210 787 1249 de
832 1210 1066 1250 differentiis
1102 1211 1314 1250 uerborum
1350 1210 1417 1248 lib.
1437 1210 1458 1248 I
1484 1208 1527 1260 §t
1567 1210 1650 1248 589
1684 1209 1762 1249 uol.
1782 1209 1819 1247 V

281 1286 319 1323 p.
343 1272 397 1310 74
439 1271 557 1310 Areu.
597 1265 652 1323 (V
691 1285 728 1322 p.
757 1271 811 1309 68
850 1270 891 1309 111
928 1270 1123 1322 patrolog.
1156 1270 1244 1309 Lat.
1276 1270 1355 1309 uol.
1390 1270 1444 1309 83
1483 1269 1633 1322 Mignei
1671 1268 1820 1310 Sueten

283 1346 320 1382 p.
344 1331 448 1380 295,
483 1332 538 1370 10
577 1330 665 1370 adn.
693 1325 957 1383 Reiffersch.):
997 1327 1150 1369 ‘Facies
1195 1331 1256 1369 est
1297 1329 1494 1369 naturalis
1538 1329 1617 1369 oris
1658 1328 1820 1368 habitus

281 1390 556 1439 immutabilis,
588 1390 725 1429 uultus
756 1403 850 1429 uero
881 1403 954 1440 pro
985 1402 1117 1429 rerum
1143 1403 1188 1429 ac
1213 1391 1438 1440 temporum
1465 1389 1661 1439 qualitate
1685 1389 1821 1428 uarius

281 1453 322 1490 et
364 1450 571 1490 mutabilis
715 1451 852 1500 itaque
902 1450 1078 1489 Lucilius
1136 1449 1233 1488 haec
1283 1450 1398 1500 quasi
1447 1448 1696 1500 distinguens
1746 1448 1820 1488 ait:

283 1508 426 1556 “Quae
446 1541 453 1548 .
471 1541 476 1547 .
494 1541 500 1547 .
522 1506 669 1548 uiro’'.’
723 1509 828 1549 Satis
854 1509 1114 1560 probabiliter
1138 1509 1213 1549 hoc
1238 1509 1324 1548 loco
1346 1509 1449 1549 hanc
1467 1509 1821 1560 interrogationem

281 1571 417 1621 posuit
447 1571 599 1622 primus
630 1569 671 1608 ni
703 1569 823 1608 fallor
859 1569 1058 1608 Lucianus
1090 1569 1313 1608 Muellerus.
1376 1569 1624 1619 Responsum
1657 1568 1821 1608 alterius

282 1630 347 1669 dei
379 1630 605 1669 continetur
636 1643 672 1668 u.
695 1630 763 1668 44.
796 1651 849 1656 --
884 1627 991 1680 uiro]
1018 1627 1150 1668 Aliter
1176 1629 1273 1668 Enn.
1301 1629 1431 1668 annal.
1456 1628 1539 1667 285
1560 1627 1607 1666 V.
1639 1624 1820 1668 ‘densan-

283 1692 350 1729 tur
381 1690 532 1740 campis
563 1689 767 1728 horrentia
797 1689 879 1728 1018
909 1685 1103 1728 uirorum'
1136 1688 1250 1727 Lucr.
1271 1688 1308 1726 V
1335 1689 1420 1727 622
1455 1685 1691 1728 ‘Democriti
1716 1687 1824 1738 quod

283 1751 422 1789 sancta
453 1750 532 1788 uiri
563 1749 762 1788 sententia
799 1745 941 1800 ponit',
979 1748 1050 1787 ubi
1085 1748 1191 1788 idem
1223 1749 1283 1787 est
1313 1749 1434 1799 atque
1466 1749 1529 1786 uir
1560 1747 1674 1787 fortis
1707 1741 1821 1801 (Hor.

283 1823 396 1849 serm.
416 1810 436 1848 I
463 1810 508 1858 4,
541 1811 577 1848 2.
614 1810 686 1858 10,
715 1803 800 1862 16).
862 1808 1038 1848 Lucilius
1085 1808 1266 1847 datiuum
1311 1809 1345 1847 ei
1388 1808 1482 1847 dum
1525 1808 1632 1846 uitat
1674 1807 1823 1858 passim

283 1870 418 1921 posuit
447 1870 595 1908 homini
625 1870 713 1907 uiro
738 1868 857 1908 sicuti
882 1869 955 1907 hoc
980 1869 1067 1907 loco
1094 1868 1205 1907 fecit:
1237 1868 1332 1907 conf
1352 1867 1469 1907 indic.
1497 1866 1709 1906 uerborum
1734 1879 1763 1906 s.
1785 1880 1821 1905 u.

283 1931 392 1969 homo
424 1930 466 1968 et
496 1930 571 1967 uir.

403 1983 501 2033 44..
526 1988 680 2028 Nonius
716 2002 754 2038 p.
776 1988 881 2037 426,
915 1988 969 2027 33
997 1983 1171 2033 &Vultus
1215 1988 1256 2026 et
1297 1987 1418 2027 facies
1462 1987 1536 2026 hoc
1581 1986 1821 2026 distant...

284 2048 460 2088 Lucilius
491 2050 719 2099 satyrarum
744 2047 811 2086 lib.
831 2047 852 2087 I
879 2044 1047 2086 “uultus
1071 2047 1169 2086 item
1194 2048 1240 2085 ut
1265 2046 1386 2086 facies
1415 2059 1522 2086 mors
1547 2048 1639 2086 citer
1663 2045 1823 2085 morbus

283 2104 541 2147 uenenum''.'
605 2107 832 2158 Respondet
868 2107 941 2146 deo
978 2106 1074 2146 deus
1106 2106 1313 2157 quaerenti
1346 2119 1425 2157 qua
1455 2107 1510 2146 sit
1539 2107 1640 2145 facie
1672 2107 1713 2144 et
1744 2118 1823 2156 quo

283 2169 399 2207 uultu
430 2167 566 2219 Lupus
592 2167 661 2207 ille
686 2180 854 2218 eumque
880 2166 1068 2207 describit
1092 2167 1138 2205 ut
1162 2178 1294 2205 senem
1320 2166 1565 2217 decrepitum
1590 2167 1631 2204 et
1655 2165 1823 2215 laruam,

285 2228 352 2279 qui
379 2228 551 2276 morbus,
577 2239 694 2276 mors,
719 2240 916 2266 uenenum
942 2227 1027 2266 iure
1052 2226 1294 2277 appelletur:
1327 2220 1440 2280 (conf
1461 2226 1624 2276 interpr.
1651 2225 1702 2264 ad
1727 2225 1822 2264 Hor.

285 2301 397 2327 serm.
424 2288 444 2326 I
473 2289 510 2336 7,
540 2282 601 2340 1):
634 2287 806 2326 Martial.
831 2287 887 2326 XI
909 2288 976 2335 92,
998 2287 1021 2324 2
1057 2283 1152 2324 ‘non
1183 2286 1352 2325 uitiosus
1384 2286 1501 2325 homo
1534 2298 1574 2325 es
1611 2285 1731 2334 Zoile,
1756 2284 1824 2324 sed

284 2344 457 2387 uitium'.
526 2347 643 2386 Plato
687 2348 859 2386 comicus
905 2345 1057 2392 CARI
1087 2359 1127 2396 p.
1148 2346 1253 2394 652,
1288 2346 1370 2384 185
1398 2345 1435 2384 Κ
1486 2343 1620 2397 βόσκει
1662 2342 1822 2395 δυσώδη

284 2405 493 2457 Κέφαλον,
536 2405 738 2458 αἰσχίστην
779 2406 900 2446 νόσον
938 2418 1055 2456 quem
1092 2417 1248 2444 uersum
1294 2405 1345 2443 ad
1389 2405 1524 2455 Eurip.
1552 2404 1618 2444 Or.
1651 2405 1706 2443 10
1743 2416 1826 2444 esse

286 2466 497 2506 confictum
546 2465 741 2505 adnotant
789 2465 969 2505 editores.
1052 2462 1188 2504 ‘Teter
1235 2461 1410 2504 morbus’
1464 2464 1570 2515 quod
1617 2465 1826 2515 proposuit

285 2526 533 2566 Passeratius
564 2526 770 2565 confirmes
802 2525 946 2564 Catull.
969 2526 1044 2574 76,
1069 2526 1123 2563 25
1159 2521 1324 2564 ‘tetrum
1359 2525 1464 2563 hunc
1495 2524 1689 2575 deponere
1721 2534 1824 2563 mor-

285 2583 414 2625 bum’:
454 2589 582 2625 cetera
625 2586 790 2637 scripsi,
826 2584 964 2625 eadem
1004 2585 1230 2635 corruptela
1268 2597 1330 2635 ap.
1350 2584 1526 2623 Nonium
1566 2597 1604 2634 p.
1628 2585 1732 2632 162,
1769 2583 1823 2622 23

286 2646 354 2684 ubi
385 2659 458 2696 pro
492 2642 550 2684 ‘in
587 2647 717 2685 cetero
755 2642 880 2684 cultu'
912 2643 1086 2684 traditur
1124 2641 1294 2683 ‘inciter
1311 2640 1504 2693 occultu’3
1535 2642 1582 2682 de
1614 2642 1850 2682 uerborum.

287 2706 548 2745 collocatione
585 2705 680 2749 conf
711 2705 883 2745 indicem
914 2704 1221 2757 grammaticum
1251 2716 1279 2743 s.
1300 2717 1337 2743 u.
1371 2704 1579 2743 collocatio
1610 2702 1824 2742 uerborum

287 2767 330 2805 et
359 2766 497 2805 incert.
517 2778 555 2803 u.
581 2766 705 2804 1228.

366 2835 370 2839 ’
408 2819 486 2864 45.
517 2825 672 2863 Nonius
698 2838 735 2874 p.
759 2825 856 2874 262,
883 2825 909 2863 8
937 2821 1202 2863 ‘Confidentia
1225 2836 1382 2862 rursum
1404 2821 1620 2871 temeritas,
1645 2820 1824 2860 audacia.

288 2884 486 2923 Pacuuius
510 2884 554 2922 in
578 2883 773 2923 Atalanta
804 2879 880 2938 (48
902 2878 955 2938 R)
989 2880 1186 2935 “gradere
1217 2884 1339 2933 atque
1372 2883 1546 2921 atrocem
1571 2894 1705 2920 coerce
1735 2893 1826 2920 con-

213 2947 218 2951 '
288 2940 525 2984 fidentiam'’
546 2940 578 2995 †
601 2943 708 2983 idem
731 2943 800 2982 lib.
819 2943 855 2982 X
882 2940 1116 2994 “inprobus,
1141 2942 1340 2982 confidens
1368 2954 1551 2992 nequam,
1576 2941 1704 2980 malus
1729 2936 1826 2992 (αἱ)

288 3000 533 3043 uideatur”.’
609 3003 754 3043 Lucilii
803 3016 963 3042 uersum
1011 3003 1155 3042 lacuna
1197 3002 1361 3053 periisse
1403 3001 1570 3041 adnotat
1610 3000 1825 3040 Mercerus:
