2060 3444
867 246 900 285 11
925 260 960 286 u.
987 248 1140 286 67—21.
1705 242 1764 288 33

221 378 301 407 non
345 377 525 415 occasus,
568 362 637 404 sed
681 376 867 414 praesens
910 362 1187 404 tantummodo
1231 361 1291 401 sol
1334 360 1478 402 obduci
1521 361 1655 412 potest
1694 360 1766 399 aut

222 428 394 480 caligine
426 426 497 465 aut
527 424 718 464 tenebris:
756 426 843 464 tum
874 425 1159 476 grammaticus
1197 422 1417 462 ablatiuum
1458 420 1695 470 addidisset,
1731 420 1765 459 si

222 499 268 528 eo
299 498 398 538 opus
426 486 560 525 fuerat
590 484 642 524 ad
672 485 912 524 sententiam
945 483 1191 535 explendam.
1240 482 1388 534 Agitur
1418 481 1466 521 de
1492 482 1611 521 furtis
1637 482 1678 520 et
1701 492 1764 519 ra-

220 548 326 600 pinis
357 546 461 588 clam
492 547 613 585 noctu
643 558 667 584 a
692 545 824 585 Mucio
855 544 897 583 in
928 545 1136 595 prouincia
1162 543 1290 583 factis.
1341 541 1593 581 Structuram
1625 541 1765 580 duram

222 609 263 648 et
298 606 390 646 inde
429 620 452 645 a
486 605 664 645 Caesaris
702 608 880 656 tempore
915 604 1169 656 repudiatam
1205 604 1283 642 sole
1319 614 1452 642 occaso
1490 602 1635 652 quarto
1674 602 1767 651 post

222 666 423 707 Christum
461 666 617 706 saeculo
657 665 763 716 apud
802 664 1017 704 Paulinum
1053 663 1257 703 Nolanum
1294 675 1414 702 carm.
1440 661 1534 700 XIX
1563 662 1647 701 160
1682 658 1765 700 ‘no-

221 727 331 767 mina
361 726 472 766 mille
503 726 667 765 deorum
697 738 799 776 quae
823 727 959 764 tamen
984 737 1031 763 ex
1056 723 1176 764 obitis
1214 721 1451 762 mortalibus
1483 723 1524 761 et
1555 721 1631 761 sibi
1662 734 1766 761 sum-

221 784 317 838 psit'
350 785 503 826 XXVII
529 786 614 825 568
649 782 758 838 ‘ergo
796 784 968 836 probant
999 783 1099 824 obiti
1132 783 1237 834 quod
1281 783 1520 823 damnauere
1564 778 1764 833 magistri'

223 847 359 888 docuit
402 845 446 885 L.
473 846 689 886 Muellerus
721 845 758 885 d.
789 859 819 885 r.
851 839 924 884 ιιι.2
960 858 997 895 p.
1025 845 1122 883 432.
1197 843 1285 883 Sole
1334 854 1468 882 occaso
1518 855 1565 881 ex
1611 840 1766 881 Lucilio

225 907 396 960 sumpsit
427 906 564 946 Claud.
598 905 788 957 Quadrig.
822 917 884 956 ap.
917 903 1017 944 Gell.
1043 904 1160 943 XVII
1188 905 1226 954 2,
1255 906 1309 943 10
1340 904 1483 954 fragm.
1511 901 1695 941 3Peteri.

342 962 421 1007 69.
448 966 601 1006 Nonius
620 979 658 1018 p.
682 966 779 1016 102,
800 966 856 1006 20
884 962 1121 1016 ‘Exculpere
1147 965 1208 1005 est
1233 965 1477 1014 extorquere.
1499 994 1507 1001 .
1530 993 1537 1001 .
1560 993 1567 1000 .
1588 961 1766 1002 Lucilius

223 1029 449 1079 satyrarum
480 1027 548 1066 lib.
572 1026 593 1065 Ι
649 1023 786 1065 “nunc
815 1036 956 1065 nomen
986 1027 1144 1074 iamque
1178 1037 1225 1064 ex
1261 1024 1430 1063 testibus
1467 1024 1553 1074 ipse
1590 1022 1769 1074 rogando

224 1088 389 1139 exculpo
419 1087 519 1127 haec
547 1082 737 1127 dicam''.’
787 1084 1043 1125 Accusatoris
1068 1084 1193 1124 uerba
1217 1086 1312 1124 sunt
1337 1084 1407 1135 qui
1432 1085 1554 1124 testes
1580 1095 1621 1123 se
1645 1084 1769 1122 inter-

222 1150 458 1200 rogaturum
501 1159 584 1187 esse
627 1145 882 1198 pronuntiat:
924 1146 1020 1186 conf
1055 1144 1133 1185 Cic.
1171 1144 1220 1184 de
1258 1146 1358 1184 orat.
1383 1143 1426 1182 II
1452 1144 1538 1182 244
1578 1140 1769 1182 ‘Pusillus

222 1207 338 1248 testis
361 1208 566 1260 processit.
612 1203 768 1256 “Licet,
792 1206 937 1256 inquit,
962 1218 1104 1258 rogare
1112 1202 1163 1245 ⁴?''
1213 1204 1436 1256 Philippus.
1482 1203 1587 1243 Tum
1613 1204 1769 1254 quaesi-

160 1314 165 1318 ,
222 1269 287 1309 tor
317 1262 416 1323 (quo
448 1267 497 1307 de
528 1267 624 1306 conf
650 1266 887 1306 Mommseni
918 1265 967 1305 de
1000 1267 1087 1305 iure
1118 1265 1227 1316 publ.
1253 1279 1291 1316 p.
1318 1264 1364 1303 R.
1390 1264 1433 1304 ΙΙ
1461 1259 1506 1303 1³
1535 1277 1573 1314 p.
1603 1264 1702 1314 223,
1722 1257 1768 1317 4)

223 1340 459 1380 properans:
505 1324 656 1367 “Modo
697 1323 917 1366 breuiter''.
987 1326 1065 1366 Hic
1100 1326 1186 1366 ille:
1232 1322 1356 1365 “Non
1394 1324 1608 1365 accusabis.
1677 1323 1770 1363 Per-

223 1388 415 1440 pusillum
451 1383 662 1440 rogabo’':'
708 1387 805 1426 conf
836 1388 879 1426 in
909 1386 1022 1426 Verr.
1048 1386 1087 1425 V
1113 1386 1182 1437 59,
1210 1386 1294 1425 155
1334 1398 1407 1436 pro
1438 1385 1568 1424 Flacc.
1598 1386 1671 1434 10,
1702 1384 1770 1423 23.

224 1448 362 1489 Testes
399 1460 490 1489 cum
527 1447 575 1487 de
611 1447 791 1499 pecuniis
828 1446 1059 1498 repetundis
1102 1446 1341 1497 respondere
1386 1446 1587 1496 oporteat,
1630 1455 1771 1484 nomen

224 1508 465 1550 uocabulum
496 1507 548 1547 ad
578 1507 771 1559 pecuniae
801 1519 947 1547 nomen
977 1508 1021 1546 in
1051 1507 1211 1547 tabulas
1241 1505 1424 1558 publicas
1455 1506 1629 1545 relatum
1667 1503 1771 1544 arbi-

224 1570 355 1610 tratus
391 1580 480 1608 sum
514 1569 714 1620 pertinere
753 1580 834 1618 qua
869 1567 919 1607 de
955 1581 998 1607 re
1035 1566 1333 1618 disputauimus
1373 1566 1552 1618 prolegg.
1584 1579 1622 1616 p.
1648 1563 1769 1603 XLII.

225 1628 516 1669 Nomentanum
550 1641 669 1679 quem
705 1629 746 1667 et
781 1628 856 1667 hoc
893 1627 980 1667 loco
1019 1629 1059 1666 et
1089 1640 1127 1665 u.
1155 1627 1209 1666 56
1250 1625 1541 1677 deprehendere
1580 1624 1656 1664 sibi
1692 1624 1772 1664 uisi

227 1691 321 1730 sunt
352 1690 393 1728 et
422 1687 584 1728 Horatii
614 1690 657 1727 in
688 1687 835 1728 saturis
867 1688 937 1737 qui
967 1687 1160 1737 laeditur,
1197 1687 1366 1726 eundem
1397 1687 1521 1725 etiam
1559 1699 1583 1726 a
1613 1684 1771 1724 Lucilio

226 1750 412 1790 notatum
443 1760 527 1788 esse
558 1760 675 1787 nemo
706 1747 836 1787 adhuc
864 1748 1000 1797 potuit
1024 1747 1306 1786 demonstrare.
1327 1767 1384 1774 -—
1405 1759 1506 1797 quae
1532 1758 1579 1784 ex
1602 1744 1772 1785 testibus

228 1839 237 1849 .
260 1840 268 1848 .
290 1839 298 1848 .
324 1803 510 1862 exculpo]
541 1810 699 1848 secutus
731 1809 791 1847 est
814 1805 993 1847 Lucilius
1019 1807 1251 1846 Terentium
1276 1807 1347 1858 qui
1371 1806 1532 1857 scripsit
1556 1805 1657 1844 Eun.
1686 1806 1770 1845 712

230 1866 457 1921 ‘possumne
489 1880 562 1920 ego
586 1867 703 1908 hodie
735 1880 781 1907 ex
811 1868 852 1908 te
884 1867 1089 1919 exculpere
1120 1864 1300 1906 uerumP'
1347 1866 1558 1906 Terentius
1581 1865 1774 1906 Plautum

229 1928 324 1970 Oist.
353 1930 436 1968 541
478 1925 537 1967 ‘in
574 1928 817 1979 quaestione.
860 1927 930 1967 uix
967 1927 1144 1978 exculpsi
1181 1929 1229 1966 ut
1265 1924 1443 1977 diceret',
1485 1939 1605 1978 quem
1641 1926 1774 1966 locum

228 1988 385 2029 Nonius
410 1988 435 2028 1.
461 2001 490 2029 s.
517 2001 546 2028 s.
579 1989 839 2040 comparauit.
868 2009 924 2015 -—
949 1990 1140 2028 mmciam
1169 1987 1409 2039 trisyllabon
1441 1986 1551 2038 quod
1582 1987 1642 2025 est
1668 1986 1773 2038 apud

229 2049 402 2090 comicos
456 2049 578 2100 poeta
632 2049 853 2100 separauit:
910 2048 1006 2088 conf
1056 2047 1212 2087 Birtius
1261 2047 1361 2087 Mus.
1400 2046 1525 2087 Rhen.
1563 2045 1618 2084 L1
1658 2047 1771 2086 1896

229 2123 267 2161 p.
295 2109 351 2149 88
363 2120 470 2160 seqq.
502 2109 546 2148 im
577 2107 732 2149 addidi:
764 2109 876 2148 cuius
906 2121 1001 2149 usus
1033 2108 1214 2159 exempla
1246 2107 1435 2147 adferunt
1458 2107 1698 2158 interpretes
1723 2106 1776 2146 ad

231 2168 310 2210 Cic.
336 2169 449 2209 Brut.
478 2170 574 2208 160.
603 2169 700 2207 164.
732 2189 792 2196 ——
821 2169 906 2208 iam
937 2168 1077 2218 Quinte
1107 2170 1228 2208 autea
1258 2169 1452 2219 proposui
1485 2166 1591 2218 quod
1622 2167 1776 2219 placuit

229 2228 447 2281 Lindsayio
478 2241 541 2280 ap.
572 2228 750 2268 Nonium
774 2228 799 2268 l.
826 2240 856 2268 s.
882 2240 912 2268 s.

353 2284 431 2331 71.
461 2288 618 2328 Nouius
647 2302 686 2339 p.
714 2289 814 2339 539,
841 2291 894 2343 17
936 2285 1054 2328 ’Βὶοα
1084 2290 1145 2328 est
1182 2287 1290 2338 quod
1327 2299 1399 2326 nos
1437 2287 1644 2331 sudarium
1679 2286 1775 2326 dici-

231 2361 320 2390 mus
353 2380 391 2389 ..
414 2380 421 2387 .
452 2348 630 2389 Lucilius
671 2350 900 2400 satyrarum
935 2348 1004 2388 lib.
1030 2348 1072 2387 II
1116 2344 1310 2398 “hrodyty
1356 2348 1489 2387 aurati
1531 2349 1777 2388 cieeetoracia

231 2406 436 2449 mitrae'’.’
501 2409 798 2448 Enumerantur
827 2410 960 2448 uestes
990 2408 1223 2451 muliebres:
1254 2407 1393 2447 eodem
1423 2408 1466 2447 in
1497 2408 1621 2448 simili
1651 2408 1778 2448 nomi-

232 2483 329 2508 num
354 2469 536 2520 congerie
562 2469 757 2509 uocabulo
782 2470 926 2508 mitrae
952 2469 1034 2508 exit
1057 2480 1197 2507 uersus
1222 2467 1337 2507 Lucr.
1362 2467 1422 2507 IV
1449 2468 1562 2507 1129
1599 2465 1655 2508 ‘ct
1679 2467 1777 2508 bene

233 2530 351 2581 parta
386 2531 548 2580 patrum
585 2528 688 2569 fiunt
724 2528 980 2579 anademata,
1019 2525 1177 2568 mitrae’
1210 2528 1362 2580 Vergil.
1387 2527 1486 2566 Aen.
1512 2527 1569 2566 IX
1596 2528 1681 2567 616
1722 2525 1779 2567 ‘et

233 2589 393 2634 tunicae
422 2589 598 2629 manicas
630 2591 671 2628 et
699 2589 850 2629 habent
879 2589 1116 2628 redimicula
1147 2586 1319 2628 mitrae'.
1369 2587 1592 2628 Manicatas
1619 2588 1777 2627 tunicas

234 2649 308 2689 hoc
338 2649 426 2690 loco
456 2651 563 2690 recte
595 2649 763 2701 agnouit
792 2649 1094 2689 Bouterwekius
1127 2650 1278 2699 quaest.
1311 2647 1437 2687 Lucil.
1468 2661 1506 2699 p.
1536 2649 1559 2686 7
1592 2647 1777 2698 idemque

235 2710 380 2749 statuit
416 2708 611 2749 Graecum
647 2708 885 2749 uocabulum
923 2707 1147 2762 χειριδωτός
1182 2710 1307 2748 latere
1343 2709 1385 2747 in
1423 2708 1571 2747 litteris
1613 2708 1778 2759 hrodyty

236 2769 451 2821 corruptis:
494 2769 600 2820 quod
636 2768 876 2808 uocabulum
913 2770 1079 2809 mutatis
1114 2768 1284 2808 barbare
1328 2767 1575 2818 syllabarum
1619 2768 1777 2818 quanti-

236 2829 387 2869 tatibus
432 2829 657 2869 adhibuisse
700 2828 900 2868 Lucilium
944 2828 1172 2868 arbitratur.
1246 2828 1304 2867 At
1351 2829 1560 2868 mutarunt
1607 2827 1778 2868 Romani

236 2887 383 2928 Lucilii
414 2890 546 2928 aetate
571 2901 651 2928 non
683 2888 928 2940 syllabarum
960 2890 1243 2939 quantitatem,
1274 2888 1343 2928 sed
1370 2889 1501 2927 totum
1525 2887 1775 2927 uocabulum.

236 2948 343 2988 Nam
366 2948 522 2988 Nouius
547 2942 688 3003 (GRF³
710 2962 749 2999 p.
771 2949 855 2988 322
883 2948 942 2987 IV
954 2943 1008 3003 R)
1040 2960 1130 2988 cum
1161 2948 1365 2999 scripserit
1387 2949 1490 2988 teste
1514 2947 1648 2987 Nonio
1667 2949 1692 2987 l.
1707 2960 1777 2988 s.s.

240 3003 501 3048 ‘mollicinam
537 3003 738 3048 crocotam
776 3004 1021 3049 cheridotam
1056 3008 1181 3048 ricam
1218 3005 1403 3048 ricinum'
1441 3009 1621 3048 tunicam
1662 3009 1779 3048 chiri—

310 3082 426 3110 Lucilii
443 3082 510 3110 roll.
529 3082 575 3110 ed.
594 3081 704 3109 MAux.
733 3082 772 3108 ΙΙ.
1470 3078 1492 3112 3
