2060 3444
79 1122 117 1170 §.b

804 235 934 272 incert.
962 235 1037 270 sed.
1065 247 1100 271 u.
1132 239 1233 271 1312.
1710 236 1798 279 419

376 343 516 390 1312.
545 347 681 388 Cicero
707 349 755 388 de
782 351 926 388 natura
952 348 1115 388 deorum
1140 350 1160 388 I
1189 350 1256 400 23,
1278 350 1331 388 63
1361 347 1481 396 ‘Quid
1508 350 1556 390 de
1581 351 1798 403 sacrilegis,

254 408 350 459 quid
374 408 423 448 de
449 408 583 460 impiis
608 408 859 460 periurisque
885 408 1088 448 dicemus?
1122 406 1334 449 “Tubulus
1360 412 1394 448 si
1420 410 1566 450 Lucius
1597 424 1799 461 umquam,

253 469 288 507 si
318 467 457 519 Lupus
489 469 563 507 aut
594 467 722 507 Carbo
755 470 827 507 aut
851 469 1030 519 Neptuni
1061 466 1213 519 fllius’'‚
1245 471 1290 508 ut
1316 470 1374 508 ait
1399 468 1591 521 Lucilius,
1616 473 1799 521 putasset

254 540 337 568 esse
369 528 473 578 deos,
504 530 590 567 tam
621 530 804 579 periurus
837 530 908 567 aut
932 530 1017 567 tam
1042 530 1222 580 impurus
1249 527 1432 569 fuisset'P'
1476 530 1696 572 Enumerat
1720 531 1798 570 Lu-

254 587 369 628 cilius
400 590 481 628 tres
513 588 692 628 homines
718 589 863 639 impios
896 589 965 640 qui
997 589 1090 628 deos
1122 602 1202 628 non
1234 590 1482 639 curauerint,
1521 590 1633 629 addit
1670 591 1798 630 facete

254 650 441 699 quartum
473 648 537 688 dei
567 648 694 687 filium
723 648 915 700 Cyclopa:
947 651 1019 700 qui
1045 649 1292 701 Scaligerum
1324 651 1450 690 secuti
1480 650 1581 690 illud
1612 654 1681 690 aut
1706 653 1799 691 ante

252 708 432 759 Neptuni
463 708 568 749 filius
595 709 854 759 sustulerunt,
886 710 1138 749 sustulerunt
1162 710 1192 748 ii
1219 710 1378 760 quidem
1405 724 1486 750 una
1511 711 1799 763 elegantissimi

251 770 394 819 poetae
426 768 592 808 facetias
631 769 701 820 qui
737 783 808 820 per
846 771 1025 809 saturam
1063 770 1267 810 miscuerit
1303 771 1480 810 humana
1521 771 1688 820 diuinis,
1725 773 1799 810 im-

252 828 441 868 mortales
485 829 738 880 mortalibus,
779 830 951 869 mortuis
996 829 1123 869 uiuos.
1191 831 1297 869 Nam
1335 830 1603 882 Polyphemus
1639 831 1757 871 Hom.
1786 847 1799 871 ι

219 926 222 927 ⁷
254 890 338 928 273
355 901 462 940 seqq.
494 888 638 941 νήπιός
668 888 738 939 εἰς,
771 884 801 929 ὦ
833 884 946 938 ξεῖν’,
978 887 1003 942 ἢ
1035 889 1206 942 τηλόθεν
1237 889 1491 942 εἰλήλουθας,
1524 890 1567 940 ὅς
1600 906 1645 944 με
1677 890 1800 939 θεοὺς

251 946 375 988 κέλεαι
418 946 444 1002 ἢ
483 948 657 1001 δειδίμεν
699 946 725 1002 ἢ
770 947 979 989 ἀλέασθαι·
1022 948 1071 990 οὐ
1114 949 1188 1004 γὰρ
1222 949 1441 999 Κύκλωπες
1479 950 1576 999 Διὸς
1620 950 1799 1006 αἰγιόχου

251 1006 460 1062 ἀλέγουσιν
491 1006 584 1049 οὐδὲ
616 1012 725 1049 θεῶν
757 1009 964 1063 μακάρων,
1002 1008 1085 1050 ἐπεὶ
1124 1004 1148 1063 ἧ
1185 1008 1288 1050 πολὺ
1327 1009 1510 1065 φέρτεροί
1543 1011 1668 1064 εἰμεν·
1707 1008 1795 1051 οὐδ’

251 1066 302 1109 ἂν
333 1067 408 1122 ἐγὼ
440 1068 538 1117 Διὸς
569 1068 687 1122 ἔχθος
718 1067 958 1122 ἀλευάμενος
989 1070 1236 1123 πεφιδοίμην
1274 1069 1362 1111 οὔτε
1394 1077 1463 1111 σεῦ
1501 1067 1597 1111 οὔθ’
1638 1070 1798 1126 ἑτάρων.

251 1129 431 1180 Neptuni
461 1129 567 1170 filius
599 1129 708 1169 Liuii
740 1129 911 1182 Odyssia
943 1133 1007 1170 sat
1038 1133 1157 1171 notus
1184 1132 1271 1171 erat
1301 1133 1453 1182 pueris:
1486 1133 1598 1172 cuius
1629 1132 1724 1171 libri
1752 1146 1800 1172 ea

252 1189 387 1240 editio,
419 1191 460 1229 in
492 1203 572 1240 qua
602 1191 709 1229 inter
740 1190 861 1229 Ennii
893 1192 1062 1230 mortem
1094 1192 1135 1230 et
1163 1191 1311 1230 Lucilii
1343 1194 1587 1232 senectutem
1619 1193 1799 1232 Saturnii

250 1250 295 1288 in
325 1250 465 1290 heroos
498 1256 612 1290 erant
642 1252 802 1301 mutati,
833 1251 1053 1302 praebebat
1083 1264 1242 1290 uersum
1277 1252 1393 1291 illum
1425 1247 1636 1306 (Priscian.
1664 1252 1733 1292 GL
1758 1253 1800 1291 H

250 1323 288 1360 p.
315 1310 416 1360 419,
445 1311 498 1349 15
513 1305 569 1364 K)
604 1307 710 1349 ‘cum
741 1312 868 1350 socios
894 1312 1050 1351 nostros
1075 1312 1295 1352 mandisset
1320 1312 1467 1362 impius
1495 1309 1692 1364 Cyclops’.
1738 1313 1798 1352 De

251 1369 429 1420 Neptuni
466 1369 559 1410 filiis
597 1371 694 1409 conf
720 1369 819 1410 Gell.
846 1370 920 1410 XV
949 1373 1001 1410 21
1035 1371 1165 1411 Varro
1191 1374 1266 1411 sat.
1292 1372 1467 1424 Menipp.
1496 1374 1580 1412 226
1596 1373 1648 1412 B:
1687 1386 1798 1424 pere-

251 1430 387 1481 grinos
425 1430 603 1481 Neptuni
640 1431 744 1470 filios
786 1431 983 1482 appellari
1025 1432 1151 1470 tradit
1190 1433 1352 1472 Seruius
1397 1432 1448 1472 ad
1486 1432 1584 1472 Aen.
1610 1433 1673 1472 ΠΙ
1701 1435 1798 1472 241.

251 1488 351 1528 Cum
387 1492 508 1541 poeta
544 1491 612 1529 uix
649 1492 828 1541 potuerit
865 1491 994 1530 dicere
1031 1492 1319 1543 Polyphemum
1359 1492 1451 1532 deos
1497 1505 1579 1532 esse
1621 1506 1799 1545 negasse,

249 1550 322 1590 hos
349 1563 446 1601 quos
476 1551 658 1601 appellat
683 1551 826 1602 impios
851 1550 1029 1591 Lucilius
1055 1552 1218 1591 deorum
1243 1554 1344 1591 iram
1374 1553 1508 1604 potius
1534 1565 1614 1592 non
1641 1567 1798 1593 curasse

251 1610 398 1649 dixisse
435 1611 636 1661 putandus
674 1613 751 1650 est:
796 1624 916 1661 quam
955 1611 1092 1651 Cicero
1131 1613 1372 1652 sententiam
1414 1613 1473 1651 ita
1516 1615 1709 1663 mutauit,
1754 1617 1799 1652 ut

251 1670 373 1709 uerba
399 1671 483 1709 eius
509 1670 710 1721 pedestria
735 1684 923 1710 uersuum
948 1672 1139 1722 reliquias
1159 1673 1362 1711 continere
1382 1675 1595 1724 nequeant,
1620 1675 1798 1724 praeter-

184 1766 188 1773 „
252 1743 372 1780 quam
405 1731 510 1781 quod
542 1731 749 1782 apodosim
779 1731 894 1770 illam
927 1728 1027 1770 ‘tam
1059 1734 1240 1783 periurus
1270 1736 1340 1772 aut
1365 1727 1448 1787 (del
1474 1728 1795 1787 Bouterwekius)

250 1791 334 1829 tam
360 1791 540 1843 impurus
565 1788 720 1830 fuisset’
748 1791 1012 1842 probabiliter
1036 1794 1264 1831 statuerunt
1289 1795 1462 1833 numeris
1482 1806 1639 1832 currere
1660 1794 1798 1852 dacty-

250 1850 349 1889 licis.
413 1850 697 1902 Fragmentum
730 1851 832 1891 libro
858 1851 879 1890 Ι
909 1851 1052 1891 tribuit
1081 1852 1112 1891 Ι.
1133 1853 1281 1892 Dousa.
1337 1853 1433 1893 Tres
1465 1853 1645 1893 homines
1678 1855 1796 1893 scele-

250 1912 360 1950 ratos
391 1911 692 1962 cognominibus
724 1912 940 1964 gentiliciis
972 1913 1128 1952 omissis
1160 1913 1341 1964 appellat
1370 1913 1549 1954 Lucilius
1581 1914 1797 1954 secundum

250 1972 443 2022 temporis
482 1971 661 2011 ordinem
699 1974 740 2010 et
776 1972 1070 2011 maleficiorum.
1132 1972 1311 2013 Primum
1348 1974 1485 2024 posuit
1520 1973 1565 2012 L.
1586 1974 1798 2023 Tubulum,

167 2035 173 2042 ’
253 2043 372 2080 quem
403 2032 492 2082 quis
524 2031 646 2070 fuerIt
678 2031 864 2071 Cicerone
898 2034 1058 2072 auctore
1085 2034 1366 2085 comperimus:
1399 2047 1526 2084 neque
1551 2037 1687 2074 tamen
1714 2035 1797 2073 ullo

251 2090 338 2130 loco
376 2104 466 2130 eum
501 2092 631 2144 gentis
670 2091 848 2143 appellat
885 2094 1045 2131 nomine
1083 2093 1190 2144 quod
1227 2106 1372 2133 nomen
1409 2094 1605 2134 Hostilius
1643 2096 1797 2133 eruitur

251 2164 413 2191 nummo
446 2145 616 2204 (Babelo
647 2152 854 2192 Monnaies
886 2152 934 2190 de
965 2153 1007 2192 la
1036 2149 1272 2204 republique
1298 2154 1318 2192 I
1342 2167 1381 2203 p.
1410 2155 1494 2193 548
1527 2155 1796 2194 Mommsenus

252 2210 299 2250 de
330 2224 372 2250 re
404 2225 551 2250 numm.
577 2225 614 2262 p.
643 2213 741 2261 513,
770 2214 822 2251 76
850 2243 856 2250 .
919 2213 1150 2252 Praetorem
1182 2226 1271 2252 eum
1303 2215 1426 2253 fuisse
1462 2227 1566 2254 anno
1600 2211 1795 2267 612s142

251 2270 377 2309 tradit
407 2271 459 2309 ad
484 2271 568 2310 Att.
594 2271 672 2310 XII
699 2275 737 2320 5,
765 2273 789 2310 3
817 2207 879 2326 31².
900 2272 1161 2312 Wehrmanni
1187 2273 1300 2312 Fasti
1331 2274 1524 2324 praetorii
1548 2288 1585 2325 p.
1616 2270 1672 2329 9).
1718 2274 1796 2321 Qui

250 2343 341 2369 eum
372 2331 534 2381 praetor
559 2331 832 2382 quaestionem
852 2333 957 2371 inter
982 2332 1146 2372 sicarios
1166 2334 1414 2383 exercuisset,
1440 2335 1500 2372 ita
1527 2337 1663 2385 aperte
1689 2336 1795 2385 cepit

252 2391 439 2441 pecunias
472 2390 520 2430 ob
551 2404 635 2430 rem
666 2391 933 2442 iudicandam,
964 2394 1010 2431 ut
1041 2405 1145 2432 anno
1177 2395 1356 2444 proximo
1382 2393 1424 2432 P.
1446 2393 1638 2434 Scaeuola
1664 2396 1712 2434 tr.
1739 2396 1794 2445 pl.

251 2450 373 2489 ferret
405 2449 454 2488 ad
485 2450 642 2501 plebem
669 2482 676 2489 .
699 2483 706 2490 .
729 2482 736 2489 .
763 2451 921 2491 decreta
947 2454 1007 2491 est
1032 2483 1040 2491 .
1063 2484 1070 2491 .
1093 2484 1100 2491 .
1128 2453 1281 2492 consuli
1306 2454 1487 2503 quaestio
1515 2452 1583 2492 Cn.
1606 2453 1797 2505 Caepioni

253 2504 352 2564 (Cic.
379 2509 427 2549 de
457 2509 523 2550 fin.
549 2510 590 2549 II
617 2511 672 2550 54
698 2510 756 2549 IV
784 2513 836 2550 77
865 2511 902 2548 V
929 2513 982 2550 62
1011 2512 1059 2551 de
1084 2514 1165 2551 nat.
1193 2512 1297 2552 deor.
1324 2512 1386 2551 ΠΙ
1414 2508 1500 2566 74).
1563 2513 1623 2552 De
1658 2513 1794 2557 eodem

253 2569 410 2615 Tubulo
455 2582 573 2620 quem
615 2572 745 2621 primo
788 2572 908 2622 poeta
951 2572 1038 2611 loco
1081 2574 1260 2623 posuerit
1305 2570 1440 2626 Cicero
1486 2573 1634 2612 clamat
1676 2574 1794 2613 initio

254 2628 494 2669 Scaurianae
527 2625 689 2684 (Ascon.
714 2644 753 2681 p.
782 2632 850 2680 20,
878 2632 932 2670 24
948 2627 1033 2686 ΚΒ)
1067 2629 1127 2671 ‘Si
1154 2663 1162 2671 .
1184 2663 1191 2670 .
1215 2664 1222 2671 .
1248 2645 1321 2683 pro
1353 2632 1396 2672 L.
1418 2633 1573 2672 Tubulo
1613 2633 1796 2684 dicerem,

254 2702 370 2739 quem
402 2703 526 2728 unum
563 2703 609 2730 ex
646 2691 755 2729 omni
791 2693 984 2733 memoria
1021 2693 1368 2732 sceleratissimum
1407 2695 1447 2732 et
1486 2693 1795 2733 audacissimum

255 2750 376 2789 fuisse
408 2751 631 2800 accepimus
658 2781 666 2790 .
689 2781 696 2788 .
718 2747 754 2789 .'.
805 2750 910 2790 Huic
941 2751 1047 2790 malo
1079 2752 1205 2791 iudici
1230 2753 1482 2792 consociatur
1507 2752 1643 2803 Lupus
1678 2753 1796 2792 iudex

253 2808 460 2859 improbus
492 2822 571 2860 quo
602 2809 652 2849 de
682 2810 773 2858 uide
806 2823 907 2860 quae
945 2811 1116 2852 diximus
1155 2812 1205 2851 ad
1236 2812 1303 2850 lib.
1330 2812 1350 2850 Ι
1376 2826 1412 2850 u.
1441 2814 1591 2868 3seqq.
1622 2813 1796 2851 XXVIII

254 2881 291 2907 u.
320 2869 416 2907 785.
467 2869 625 2908 Tertius
657 2871 718 2908 est
744 2866 884 2911 Carbo.
935 2869 1014 2916 Qui
1045 2884 1132 2909 cum
1163 2871 1275 2910 nulla
1300 2884 1342 2910 re
1368 2871 1680 2923 distingueretur
1706 2885 1795 2911 cum

253 2929 334 2966 tres
367 2927 517 2967 fuerint
546 2928 691 2968 fratres
719 2928 917 2969 Carbones
944 2923 1042 2983 (Cic.
1070 2931 1184 2980 epist.
1210 2930 1266 2968 IX
1294 2932 1363 2979 21,
1390 2926 1435 2983 3)
1467 2932 1510 2969 in
1540 2931 1683 2980 quibus
1709 2934 1796 2972 erat

257 2983 430 3026 ‘Marcus
454 2987 497 3026 P.
519 2987 659 3028 Flacco
687 2991 896 3027 accusante
922 2988 1220 3038 condemnatus,
1251 2990 1318 3028 fur
1342 3003 1523 3040 magnus,
1555 3003 1601 3029 ex
1628 2988 1796 3041 Sicilia’,

1439 3055 1510 3090 27‘
