2060 3444
803 279 915 318 ,ΧΧΧ
941 292 976 316 u,
1007 283 1255 319 iou—1043.
1724 280 1811 324 333

266 395 446 435 Lucilius
478 394 547 434 lib.
574 394 683 432 XXX
717 390 804 433 “an
839 407 912 445 ego
950 395 989 433 te
1028 405 1171 433 acuam
1210 395 1330 444 atque
1368 395 1590 434 animosam
1628 396 1819 436 tessalam

269 457 316 494 ut
346 455 582 495 indomitam
615 455 738 494 frenis
767 454 950 506 subigam
977 456 1067 493 ame
1092 451 1387 504 domemque''.'
1440 454 1551 494 Idem
1576 469 1614 506 p.
1642 457 1740 505 233,
1762 457 1814 495 31

271 512 434 554 ‘Anima
463 517 611 554 iterum
637 514 837 567 significat
861 514 1112 554 iracundiam
1138 514 1203 553 uel
1227 515 1420 565 furorem3
1452 515 1556 554 unde
1582 517 1623 555 et
1648 517 1819 556 animosi

267 572 455 615 dicuntur
479 575 674 614 iracundi.
707 606 715 614 .
744 606 752 613 .
781 606 787 612 .
814 574 994 614 Lucilius
1019 574 1124 614 libro
1149 575 1260 613 XXX
1288 572 1443 626 “atque
1473 577 1696 615 animosam
1722 577 1817 615 thes-

267 636 413 675 saliam
438 638 473 674 et
499 667 506 674 .
527 666 535 674 .
559 666 565 673 .
592 636 849 684 subiyantque
874 631 1160 684 domentquffl?
1209 632 1326 675 ‘anne
1353 648 1427 687 ego
1447 637 1486 675 te
1506 649 1676 675 uacuam
1697 638 1818 687 atque

268 693 504 736 animosam'
526 698 632 735 recte
652 695 951 734 Lachmannus:
974 692 1141 734 ‘uacuae
1160 708 1232 735 sua
1245 697 1303 735 sic
1316 696 1508 736 mandata
1521 694 1683 736 referre'
1700 696 1816 736 Ouid.

267 757 360 796 met.
386 755 482 794 XIV
509 757 590 795 831
627 755 675 794 de
706 756 873 795 muliere
905 755 1046 795 uidua:
1080 757 1175 795 conf
1204 756 1330 796 Tacit.
1364 769 1453 795 ann.
1475 757 1532 795 XI
1555 758 1608 796 12
1629 757 1727 795 XIII
1748 759 1818 796 44.

268 817 453 855 tessalam
495 816 638 855 habuit
682 816 924 867 archetypus
964 816 1104 866 Nonii,
1151 817 1220 866 qui
1264 817 1346 856 fere
1390 817 1538 867 ubique
1576 818 1604 856 h
1640 818 1819 857 litteram

269 877 449 916 omiserit
473 877 517 916 in
542 877 730 927 aspiratis
757 877 806 915 ch
829 876 887 925 th,
918 889 991 927 pro
1017 876 1072 927 ph
1097 876 1117 914 f
1138 876 1378 927 praebuerit.
1410 899 1461 903 —
1489 879 1536 916 ut
1559 874 1817 931 indomitam]

266 936 431 976 Lucian.
459 936 575 976 Zeux.
604 937 628 975 6
663 935 788 976 ἵππου
813 950 855 990 γε
886 942 957 988 τῆς
988 936 1208 988 καλλίστης,
1241 931 1321 977 οἶαι
1353 937 1517 989 μάλιστα
1549 938 1594 977 αἱ
1629 938 1813 978 Θετταλαι

269 995 370 1036 εἰσιν
389 995 560 1049 ἄδμητες
579 994 634 1035 ἔτι
653 994 720 1036 καὶ
739 994 897 1049 ἅβατοιε
916 1010 1077 1037 uersum
1091 996 1214 1036 ἵππον
1232 997 1478 1050 Θεσσαλικὴν
1490 998 1808 1050 Λακεδαιμονίην

269 1070 308 1096 τε
339 1060 510 1110 γυναῖκα
537 1052 700 1110 (Athen.
727 1057 807 1095 VH
831 1070 869 1107 p.
897 1058 982 1095 278
1004 1052 1044 1111 e)
1070 1058 1153 1096 iam
1181 1057 1318 1097 Dousa
1343 1058 1502 1097 attulit:
1533 1058 1627 1098 uide
1651 1060 1819 1109 interpr,

270 1117 322 1156 ad
347 1117 511 1156 Theocr.
531 1117 668 1156 XVIII
689 1118 746 1157 30
771 1116 919 1169 Paneg.
944 1118 988 1156 in
1012 1117 1092 1158 Pis.
1114 1119 1167 1157 49
1196 1117 1267 1156 ΑΡ
1286 1118 1343 1156 ΧΙ
1365 1119 1449 1157 259
1478 1119 1555 1157 ΕΜ
1580 1133 1618 1170 p.
1641 1121 1739 1169 207,
1762 1120 1818 1158 50

268 1177 431 1216 Lucian.
459 1179 554 1216 erot.
583 1178 636 1216 45
664 1177 784 1228 Apul.
805 1179 898 1216 met.
925 1177 944 1215 I
970 1189 1055 1228 cap.
1081 1179 1105 1216 2
1127 1178 1163 1215 X
1186 1179 1238 1216 18
1265 1178 1414 1218 Lucan.
1435 1178 1494 1218 VI
1515 1180 1618 1218 397:
1651 1182 1819 1231 egerunt

270 1237 317 1276 de
343 1238 455 1288 equis
482 1238 721 1277 Thessalicis
749 1238 988 1288 quicumque
1007 1250 1263 1277 nummorum
1283 1239 1604 1279 Thessalicorum
1623 1241 1818 1292 imagines

269 1299 516 1337 enarrarunt.
567 1297 747 1337 Lucilius
779 1299 824 1336 ut
850 1310 969 1348 eques
997 1298 1201 1338 Tessalam
1227 1301 1363 1349 posuit
1388 1313 1460 1350 pro
1486 1313 1589 1350 equa
1615 1300 1818 1346 Thessala,

269 1358 449 1408 loquitur
486 1359 592 1396 enim
634 1360 680 1397 ut
717 1359 815 1397 artis
861 1359 1056 1408 equestris
1101 1360 1386 1409 peritissimus:
1430 1360 1522 1399 uide
1561 1361 1612 1399 ad
1649 1361 1718 1399 lib.
1744 1360 1818 1399 XV

268 1432 306 1456 ιι.
323 1420 419 1458 507.
463 1419 716 1468 subiyamque
735 1419 958 1467 domemque
976 1421 1082 1458 recte
1102 1419 1316 1459 Bentinus:
1336 1420 1486 1460 Fronto
1505 1434 1543 1489 p.
1566 1422 1652 1460 220
1666 1423 1763 1460 extr.
1778 1421 1817 1460 N

271 1475 394 1517 tauri
425 1478 558 1531 subigi
587 1479 789 1531 iungendo
821 1479 1054 1529 domarique
1085 1476 1280 1529 potuere’:
1318 1481 1437 1519 nihili
1467 1482 1574 1520 enim
1609 1494 1737 1532 neque
1774 1482 1818 1520 in

268 1539 344 1578 hoc
387 1551 514 1589 neque
557 1539 600 1577 in
649 1553 686 1577 ιι.
731 1540 914 1589 sequenti
964 1541 1029 1578 est
1073 1540 1175 1578 illud
1225 1543 1324 1579 ante.
1399 1541 1606 1581 Turnebus
1650 1541 1817 1581 Aduers.

271 1593 416 1652 (Paris.
446 1593 580 1651 1580)
613 1598 787 1637 XXVIII
812 1612 896 1649 cap.
925 1600 950 1638 8
985 1594 1044 1652 (Π
1068 1613 1106 1649 p.
1137 1594 1241 1654 130)
1279 1602 1386 1640 recte
1424 1602 1570 1640 statuit
1609 1602 1818 1641 mulierem

270 1658 484 1708 superbam
529 1661 569 1697 et
612 1659 864 1698 fastidiosam
907 1660 1040 1698 notari
1084 1672 1108 1698 a
1136 1662 1269 1711 poeta
1313 1673 1393 1711 qua
1432 1662 1476 1699 in
1519 1663 1818 1713 comparatione

269 1719 471 1770 praeierat
512 1718 694 1758 Anacreo
739 1719 787 1758 de
838 1731 915 1769 quo
958 1719 1117 1759 Heracl.
1150 1720 1267 1773 alleg.
1293 1720 1410 1760 Hom.
1437 1733 1522 1772 cap.
1550 1723 1576 1760 4
1620 1720 1687 1761 καὶ
1737 1721 1818 1774 μὴν

272 1776 293 1818 ὁ
323 1778 443 1830 Τήϊος
465 1773 687 1831 Ἀνακρέων
717 1777 913 1833 ἑταιρικὸν
945 1778 1136 1833 φρόνημα
1167 1778 1233 1819 καὶ
1258 1781 1433 1835 σοβαρᾶς
1456 1781 1646 1835 γυναικὸς
1671 1780 1818 1836 ὑπερη-

271 1838 424 1890 φοινίαν
462 1836 665 1887 ὀνειδίζων
702 1838 771 1879 τὸν
808 1837 852 1878 ἐν
890 1838 991 1896 αὐτῇ
1031 1845 1247 1893 σκιρτῶντα
1286 1846 1388 1880 νοῦν
1433 1839 1486 1889 ὡς
1530 1841 1654 1882 ἵππον
1698 1840 1818 1894 ἠλλη-

270 1897 439 1953 γόρησεν
470 1898 574 1938 οὕτω
605 1897 745 1952 λέγων·
780 1900 894 1939 Πῶλε
924 1899 1113 1974 Θρηκίη.
1165 1932 1172 1939 .
1200 1900 1286 1940 ι’σθι
1318 1915 1391 1954 τοι,
1422 1904 1552 1949 καλῶς
1578 1900 1650 1954 μὲν
1680 1900 1732 1942 ἅν
1758 1917 1818 1942 τοι

270 1957 339 1998 τὸν
376 1957 537 2011 χαλινὸν
573 1957 781 2011 ἕμβάλοιμι
817 1956 934 2011 ἡνίας
972 1955 1010 1999 δ’
1051 1959 1150 2013 ἔχων
1187 1959 1397 2015 στρέφοιμί
1431 1957 1467 2000 σ’
1508 1960 1614 2014 ἀμφὶ
1651 1961 1818 2017 τέρματα

272 2018 434 2071 δρόμου.
496 2024 573 2059 νῦν
604 2016 647 2058 δὲ
679 2019 871 2071 λειμῶνας
902 2034 940 2060 τε
971 2019 1133 2073 βόσκεαι
1171 2020 1305 2073 κοῦφά
1342 2036 1381 2061 τε
1419 2028 1613 2075 σκιρτῶσα
1651 2023 1816 2071 παίζεις·

271 2078 402 2128 δεξιὸν
437 2077 512 2132 γὰρ
555 2079 789 2133 ἱπποσείρην
834 2079 908 2120 οὐκ
952 2079 1050 2133 ἔχεις
1093 2079 1334 2134 ἐπεμβάτην·
1378 2083 1538 2133 qualem
1582 2084 1818 2135 allegoriam

270 2139 424 2179 Italicis
457 2151 613 2190 quoque
644 2141 785 2179 tritam
817 2142 941 2180 fuisse
972 2141 1151 2181 declarat
1181 2143 1301 2182 sortis
1342 2142 1453 2182 illius
1490 2144 1701 2194 inscriptio
1742 2141 1819 2183 ‘est

272 2212 393 2249 equos
424 2200 644 2250 perpulcer‚
676 2200 744 2240 sed
775 2202 823 2239 tu
853 2201 947 2240 uehi
977 2214 1058 2240 non
1088 2203 1201 2253 potes
1230 2199 1347 2242 istoc’
1376 2202 1506 2242 Carm.
1531 2203 1664 2243 Latin
1692 2205 1817 2256 epigr.

274 2260 371 2309 331,
400 2261 423 2298 5
457 2254 498 2313 (Ι
521 2273 559 2310 p.
589 2255 694 2314 159>
726 2260 972 2300 Buecheleri.
1004 2262 1179 2314 Theogn.
1209 2263 1292 2301 257
1309 2275 1416 2314 seqq
1450 2262 1570 2311 ἵππος
1602 2262 1676 2317 ἐγὼ
1716 2263 1817 2315 καλὴ

272 2317 339 2358 καὶ
370 2317 527 2371 ἀεθλίη,
559 2317 655 2359 ἀλλὰ
687 2319 873 2360 κάκιστον
903 2318 1031 2375 ανδρα
1056 2319 1179 2375 φέρω,
1209 2322 1280 2362 καί
1302 2337 1369 2375 μοι
1394 2319 1501 2363 τοῦτ’
1535 2322 1815 2377 ἀνιηρότατον·

272 2378 437 2418 πολλάκι
468 2374 504 2418 δ’
546 2377 744 2431 ἠμέλλησα
780 2380 1025 2435 ὃιαρρήξασα
1063 2381 1224 2434 χαλινὸν
1262 2382 1426 2436 φεύγειν
1467 2381 1709 2436 ἀπωσαμένη
1747 2384 1817 2424 τὸν

272 2439 397 2479 κακὸν
428 2435 602 2492 ἡνίοχον.
666 2439 848 2480 Similem
879 2443 1219 2492 comparationem
1251 2443 1490 2483 adhibuerat
1522 2443 1656 2495 Scipio
1682 2444 1818 2483 Aemi-

272 2499 405 2539 lianus
447 2501 550 2539 teste
593 2499 786 2540 Panaetio
831 2514 907 2553 ap.
927 2501 1008 2541 Cic.
1041 2502 1088 2541 de
1120 2502 1222 2542 offic.
1248 2503 1268 2541 I
1296 2504 1362 2543 90.
1434 2503 1615 2544 Lucilius
1659 2507 1819 2555 praeter

273 2559 546 2599 Thessalicum
583 2573 729 2611 equum
765 2562 904 2600 incert.
930 2576 968 2600 u.
998 2563 1111 2602 1109
1150 2562 1329 2613 Apulum
1373 2566 1656 2603 commemorat
1699 2566 1819 2604 sicuti

274 2618 402 2658 Varro
434 2632 509 2658 rer.
534 2621 632 2659 rust.
657 2621 700 2659 Π
728 2622 764 2671 7,
792 2622 816 2660 6
850 2621 1009 2661 eosdem
1041 2623 1220 2673 appellat
1250 2623 1416 2674 nobiles,
1446 2625 1590 2663 tertius
1617 2627 1677 2664 est
1703 2624 1818 2664 Gam-

275 2690 403 2728 panus
434 2681 592 2730 sonipes
623 2680 693 2719 lib.
719 2681 793 2719 XV
818 2695 855 2720 ιι.
884 2682 981 2721 507.

397 2733 540 2779 1043.
577 2739 732 2780 Nonius
768 2754 806 2791 p.
834 2742 938 2791 401,
967 2743 1020 2780 17
1068 2739 1292 2795 ‘Subigere‚
1337 2755 1488 2795 cogere.
1524 2774 1534 2783 .
1597 2744 1816 2784 ,Lucilius

274 2797 342 2836 lib.
368 2798 479 2836 XXX
511 2795 639 2838 “tune
663 2800 758 2852 iugo
790 2801 933 2852 iungas
964 2814 1028 2840 me
1059 2805 1148 2842 ante
1179 2804 1220 2842 et
1250 2803 1457 2842 succedere
1482 2774 1616 2843 aratro
1641 2805 1819 2842 inuitum

276 2859 317 2896 et
348 2857 483 2909 glebas
515 2857 675 2910 subigas
712 2860 964 2909 proscindere
1001 2858 1151 2901 ferro'.
1157 2858 1167 2875 ’
1231 2862 1382 2913 Vergil.
1409 2875 1542 2914 georg.
1568 2863 1588 2902 Ι
1615 2864 1671 2902 50
1709 2865 1818 2903 simi-

276 2917 371 2955 liter
403 2913 523 2957 ‘ferro
554 2918 771 2958 scindimus
802 2917 980 2987 aequor’,
1010 2921 1193 2960 imitatus
1226 2933 1309 2961 esse
1341 2922 1503 2960 uidetur
1527 2920 1695 2962 Ouidius
1724 2926 1817 2963 met.

272 2976 356 3015 VH
384 2977 466 3015 118
501 2973 823 3029 ‘suppositosque
854 2980 949 3031 iugo
980 2980 1136 3030 pondus
1167 2994 1290 3033 graue
1321 2983 1430 3033 cogit
1460 2983 1586 3021 aratri
1611 2983 1753 3022 ducere
1779 2986 1819 3023 et

275 3037 478 3076 insuetum
513 3038 619 3087 ferro
649 3038 902 3086 proscindere
939 3038 1152 3091 campum'.
1214 3044 1305 3081 ante
1342 3043 1440 3081 ferri
1475 3044 1634 3094 nequit:
1676 3045 1819 3096 scripsi
1873 3068 1877 3072 -
