2060 3444
87 1345 109 1357 ἱ
86 1314 128 1336 J

835 234 1014 282 xxviia.
1043 249 1244 284 677-680.
1723 244 1810 287 247

259 375 297 401 u.
322 356 434 416 189).
490 362 679 411 repedare
710 375 783 411 pro
815 360 943 400 redire
969 361 1106 412 posuit
1131 359 1330 399 Pacuuius
1358 354 1465 414 (400
1479 353 1533 413 R)
1563 360 1666 399 teste
1690 358 1810 400 Festo

259 435 297 474 p.
320 422 422 462 281:
454 421 591 461 infima
623 422 754 460 aetate
787 421 944 471 saepius
976 420 1103 460 Iulius
1132 420 1318 460 Valerius
1349 420 1424 459 1100
1456 419 1578 459 uerbo
1610 432 1705 460 usus
1738 422 1810 471 est,

240 483 357 522 ‘item
381 482 575 522 quencus
604 476 642 536 (I
671 482 767 521 104.
797 475 902 535 223)
929 482 1059 532 poeta,
1086 480 1324 519 Ammianus
1350 480 1564 519 historicus
1590 480 1707 520 XVH
1729 482 1767 531 2,
1782 482 1808 520 4

260 539 483 594 ‘repedauit
520 542 571 581 ad
603 539 690 582 sua'
735 541 869 580 XXIV
901 542 946 591 4,
981 542 1048 581 30.
1124 541 1246 580 Recte
1289 542 1384 579 uitet
1426 540 1540 594 (Hor.
1569 540 1680 591 epod.
1707 541 1749 580 H
1783 543 1806 581 7

259 600 481 654 ‘forumque
524 599 647 642 uitat'
695 615 725 643 e.
754 615 790 652 q.
818 596 886 656 s.):
936 601 1074 652 itaque
1118 601 1183 640 hic
1226 601 1412 650 Romam,
1462 600 1506 639 in
1557 601 1810 641 antecedenti

256 664 480 716 fragmento
517 663 647 702 Roma
684 662 975 702 restituendum
1013 663 1081 701 est.
1144 661 1320 701 Nuntiat
1360 662 1546 700 atriensis
1584 663 1752 714 rogatus
1785 676 1809 702 a

255 726 392 775 poeta,
442 723 647 763 dominum
694 724 823 763 ueluti
866 723 908 761 in
951 722 1155 761 Albanum
1197 721 1361 761 rediisse
1405 723 1451 760 ut
1494 721 1664 761 Romam
1704 723 1809 762 uitet

255 784 555 836 gladiatoribus.
619 783 725 824 Oonf
759 782 837 823 Cic.
865 783 916 822 ad
947 783 1032 823 Att.
1053 783 1095 822 H
1123 784 1160 833 1,
1190 784 1211 821 1
1255 779 1358 821 ‘KaL
1384 782 1513 821 Iuniis
1554 783 1666 822 eunti
1706 782 1805 821 mihi

253 844 422 884 Antium
454 846 494 884 et
525 845 770 896 gladiatores
801 844 854 883 M.
873 843 1028 883 Metelli
1060 842 1201 894 cupide
1232 842 1476 894 relinquenti
1507 842 1619 882 uenit
1645 843 1806 883 obuiam

252 906 345 944 tuus
371 902 485 956 puer'
510 905 558 944 de
584 906 684 946 orat.
703 905 725 944 I
747 906 784 954 7,
806 906 860 943 24
884 901 1085 944 ‘ludorum
1103 904 1374 943 Romanorum
1395 902 1533 942 diebus
1553 903 1597 942 L.
1620 902 1806 943 Crassum

253 965 368 1016 quasi
394 966 610 1017 colligendi
635 966 698 1005 sui
718 977 838 1004 causa
857 978 898 1005 se
918 964 961 1004 in
981 964 1251 1004 Tusculanum
1271 960 1515 1004 contulisse'.
1567 963 1805 1004 Ablatiuum

252 1027 537 1075 qladiatoribus
574 1027 656 1065 iam
694 1026 830 1066 Dousa
867 1026 974 1065 recte
1007 1026 1181 1077 explicat
1213 1025 1360 1064 collato
1393 1023 1595 1064 Ciceronis
1627 1038 1702 1065 usu
1735 1019 1805 1079 (ad

224 1114 227 1116 -
252 1086 337 1125 Att.
363 1086 406 1126 H
435 1089 471 1137 1,
499 1087 536 1125 5.
572 1089 642 1138 19,
670 1087 694 1126 3
727 1086 902 1137 Philipp.
929 1086 987 1125 IX
1015 1087 1052 1135 7,
1081 1080 1174 1140 16):
1206 1098 1369 1124 munere
1401 1084 1470 1123 lib.
1489 1084 1549 1124 IV
1573 1099 1611 1123 u.
1635 1086 1732 1125 149.

378 1142 438 1186 67
445 1142 490 1188 8.
516 1146 671 1187 Nonius
690 1161 728 1198 p.
751 1147 850 1196 360,
872 1148 924 1186 21
944 1143 1123 1196 ‘Offerre,
1142 1145 1333 1185 inuenire.
1384 1144 1564 1185 Lucilius
1583 1145 1652 1185 lib.
1673 1145 1805 1185 XXVI

251 1204 463 1247 “homines
490 1237 498 1246 .
521 1238 528 1245 .
551 1239 558 1246 .
583 1203 785 1247 uxores''.'
836 1207 949 1246 Idem
973 1220 1011 1258 p.
1035 1208 1133 1257 373,
1156 1208 1180 1245 2
1210 1203 1460 1256 ‘Producere‚
1491 1205 1704 1245 instituere
1731 1207 1803 1246 Te-

247 1268 399 1307 rentius
412 1269 456 1307 in
475 1267 626 1307 Adelfis
646 1261 773 1322 (314)
797 1264 915 1308 “seni
935 1267 1111 1306 animam
1130 1267 1306 1318 primum
1325 1267 1599 1319 extinguerem
1617 1266 1708 1318 ipsi,
1733 1268 1803 1318 qui

247 1328 348 1368 illud
378 1327 569 1379 produxit
594 1325 766 1368 scelus''.
829 1328 1007 1368 Lucilius
1033 1327 1100 1367 lib.
1121 1327 1255 1366 XXVI
1289 1324 1473 1367 “ducunt
1500 1357 1507 1365 .
1530 1358 1537 1365 .
1560 1358 1567 1366 .
1594 1324 1802 1368 liberos''.'

247 1387 375 1428 Audis
412 1390 575 1440 poetam
616 1388 825 1439 caelibem,
864 1388 934 1439 qui
972 1388 1016 1435 Q.
1039 1387 1203 1428 Caecilii
1241 1388 1396 1427 Metelli
1432 1387 1679 1428 Macedonici
1717 1401 1802 1428 sen-

249 1448 430 1500 tentiam,
464 1462 585 1501 quam
616 1462 754 1489 censor
785 1449 888 1488 dixit
919 1462 1023 1488 anno
1058 1450 1142 1488 623
1147 1453 1165 1502 s
1173 1450 1255 1488 131
1291 1449 1448 1499 carpat:
1482 1449 1552 1499 qui
1576 1448 1707 1488 uoluit
1740 1446 1803 1488 ‘ut

246 1512 484 1562 cogerentur
530 1523 666 1550 omnes
716 1510 858 1549 ducere
908 1521 1051 1549 uxores
1095 1509 1313 1549 liberorum
1357 1508 1619 1548 creandorum
1663 1506 1799 1549 causa'

247 1564 353 1624 (Liu.
374 1571 548 1622 perioch.
573 1571 627 1610 59
655 1570 775 1610 schol.
801 1570 898 1610 Hor.
925 1583 1040 1610 serm.
1061 1570 1103 1609 H
1132 1572 1175 1620 1,
1204 1565 1290 1624 72).
1361 1569 1549 1608 Imitatus
1594 1571 1655 1609 est
1697 1570 1800 1610 hanc

246 1629 391 1670 Lucilii
429 1632 608 1670 saturam
638 1630 845 1670 quenalis
870 1630 928 1668 VI
957 1631 1011 1669 28
1039 1643 1149 1681 seqq.
1183 1627 1389 1680 ‘onrem,
1420 1630 1627 1676 Postume,
1659 1630 1799 1670 ducis?

246 1691 327 1741 dic,
366 1704 445 1741 qua
476 1690 711 1741 Tisiphone,
750 1690 895 1741 quibus
935 1690 1139 1742 exagitare
1178 1687 1399 1730 colubriSP'
1438 1711 1488 1717 -
1525 1690 1675 1740 Quibus
1704 1692 1799 1731 haec

244 1752 398 1800 faciam
428 1765 451 1790 a
483 1752 621 1790 multis
653 1752 898 1802 temptatum
930 1753 1006 1790 est:
1039 1751 1136 1802 quid
1168 1752 1283 1800 esset,
1314 1750 1625 1802 intellegebatur
1657 1764 1703 1790 ex
1729 1751 1797 1802 eis,

245 1825 347 1863 quae
386 1813 703 1852 antecesserunt:
740 1811 965 1863 producunt
1002 1812 1182 1865 homines
1220 1811 1299 1862 ipsi
1335 1811 1501 1861 liberos,
1533 1812 1579 1849 ut
1611 1811 1667 1850 eis
1698 1812 1798 1851 haec

245 1874 380 1912 omnia
422 1873 644 1912 necessario
688 1872 858 1922 faciant,
903 1884 1005 1923 quae
1048 1871 1166 1911 modo
1211 1871 1459 1911 enumeraui:
1504 1872 1550 1910 ut
1593 1874 1797 1923 sumptum

243 1933 480 1984 praebeant,
523 1932 734 1981 uestitum,
776 1932 948 1982 uictum,
987 1931 1078 1971 alia.
1149 1930 1248 1972 Cato
1287 1932 1335 1971 de
1377 1933 1466 1984 agri
1498 1932 1591 1971 cult.
1621 1934 1704 1972 102
1741 1930 1797 1972 ‘et

245 1993 350 2032 idem
388 1993 463 2034 1100
500 1994 536 2032 si
572 2005 667 2033 usus
704 1994 862 2032 uenerit
897 1993 1053 2032 homini
1095 1989 1235 2033 facito'
1276 1988 1420 2047 (Lucil.
1453 1992 1521 2031 lib.
1548 1992 1605 2031 IX
1636 2007 1674 2032 u.
1709 1994 1792 2033 369

245 2050 335 2093 ‘hoc
377 2053 440 2092 illi
484 2054 636 2093 factum
675 2055 735 2093 est
773 2050 856 2092 uni'
897 2053 984 2092 Ter.
1010 2053 1134 2092 Andr.
1164 2055 1248 2093 112
1289 2050 1401 2104 ‘quid
1438 2053 1504 2092 hic
1541 2053 1642 2092 mihi
1674 2053 1795 2093 faciet

242 2111 399 2164 patri‘?'
465 2114 600 2166 Eurip.
634 2112 761 2154 Orest.
791 2115 874 2153 748
920 2108 1129 2167 ηὖλαβεῑθ’
1176 2110 1197 2152 ὃ
1244 2116 1325 2161 τοῖς
1369 2112 1521 2165 φίλοισι
1565 2113 1712 2167 δρῶσιν
1757 2114 1799 2153 οῖ

242 2172 356 2214 κακοὶ
388 2173 509 2225 φίλοι.

363 2229 474 2275 680.
506 2234 661 2274 Nonius
686 2249 724 2286 p.
748 2236 845 2285 324,
875 2236 927 2273 12
964 2231 1151 2285 ‘Inpurus
1178 2236 1238 2273 est
1264 2235 1400 2284 aliquo
1426 2234 1528 2273 uitio
1554 2234 1790 2274 maculatus.

337 2294 515 2334 Lucilius
553 2294 622 2333 lib.
648 2295 780 2333 XXVI
819 2291 1062 2346 “coniugem
1098 2295 1341 2344 infidamque
1381 2295 1556 2343 flaticam
1592 2287 1791 2334 familiam

243 2356 390 2404 mpura
422 2349 599 2409 (impura
630 2355 669 2393 L
700 2368 749 2394 m.
770 2357 800 2395 2
827 2349 882 2409 G)
915 2355 1076 2394 domum
1109 2349 1290 2409 (modum
1322 2349 1440 2409 L)”.’
1497 2355 1647 2394 Versus
1680 2357 1790 2394 ante-

242 2414 417 2455 cedentis
443 2415 587 2454 ultima
612 2428 690 2455 uox
715 2417 802 2454 erat
826 2415 954 2455 ueluti
980 2416 1212 2455 adulteram.
1264 2413 1370 2454 Gonf
1391 2414 1511 2466 Apul.
1539 2415 1586 2454 de
1611 2429 1716 2467 mag.
1736 2416 1788 2454 75

243 2472 398 2515 ‘domus
436 2476 520 2515 eius
557 2477 643 2515 tota
683 2477 862 2526 lenonia,
893 2477 981 2515 tota
1012 2475 1169 2515 familia
1201 2476 1493 2514 contaminata:
1525 2475 1611 2525 ipse
1643 2489 1789 2526 propu-

241 2535 393 2586 diosus,
441 2549 539 2576 uxor
589 2537 702 2587 lupa,
751 2536 811 2575 fili
860 2532 1037 2576 similes'.
1117 2535 1324 2575 Leidensis
1374 2535 1448 2575 cod
1496 2535 1789 2586 praestantiam

241 2597 421 2648 agnoscis
466 2596 535 2646 qui
577 2596 724 2636 habeat
772 2598 921 2646 inpura
969 2597 1128 2636 modam
1174 2597 1400 2648 archetypi,
1452 2594 1788 2647 Guelferbytanus

239 2657 399 2705 impura
429 2657 587 2696 domam
613 2670 660 2696 ex
685 2659 920 2696 correctura.
967 2653 1071 2696 ‘cum
1169 2656 1335 2709 coniuge
1361 2653 1454 2695 fida'
1482 2656 1578 2696 Hor.
1606 2657 1720 2707 epist.
1747 2656 1788 2695 II

244 2718 280 2765 1,
309 2717 405 2755 142.
467 2716 670 2756 Pathicam
706 2717 903 2757 familiam
945 2730 1034 2756 cum
1065 2716 1266 2756 Boeckhio
1298 2717 1459 2768 scripsit
1490 2715 1786 2756 Lachmannus:

242 2775 319 2814 Sed
350 2776 452 2814 nihil
487 2776 734 2826 probabilius
773 2790 892 2827 quam
930 2774 1099 2825 infidam
1134 2777 1336 2827 pertinere
1373 2777 1424 2816 ad
1454 2776 1651 2816 familiam
1684 2777 1787 2816 sicut

240 2835 307 2874 lib.
326 2835 442 2874 XXH
461 2849 498 2874 u.
521 2836 605 2876 579
632 2837 781 2888 legitur
806 2833 960 2882 ‘seruus
986 2849 1114 2887 neque
1139 2836 1284 2876 infidus
1304 2833 1493 2876 domino':
1519 2849 1592 2886 pro
1612 2837 1787 2884 flacitam

241 2896 357 2946 posui
393 2896 583 2944 placitam
625 2897 701 2935 hoc
744 2897 825 2935 fere
862 2898 909 2935 ut
946 2896 1093 2935 dixerit
1129 2898 1266 2947 poeta:
1313 2893 1380 2935 ‘an
1424 2908 1558 2935 censes
1597 2897 1784 2946 cuiquam

240 2955 464 2994 adulteram
513 2957 740 3008 coniugem,
789 2956 1032 3007 infidamque
1080 2956 1272 3007 placitam
1324 2956 1541 3006 familiam,
1583 2957 1785 3007 impuram

239 3012 463 3055 domum?'.
