2060 3444
268 237 324 280 74
861 237 915 274 IV
940 249 974 274 u.
1004 241 1202 275 leo-2164.

266 351 324 391 ibi
355 351 486 402 prima
517 349 621 391 aeris
652 347 858 391 nobilitas’
890 351 1026 402 partes
1061 351 1257 391 lectorum
1294 351 1432 392 eodem
1467 352 1586 393 modo
1624 365 1703 404 quo
1732 352 1812 392 Lu-

267 411 384 451 cilius
415 411 638 464 distinguit.
689 410 750 450 De
781 411 919 451 fulcris
951 411 1146 451 lectorum
1178 412 1263 464 egit
1293 411 1450 452 Manius
1480 412 1750 454 Nachrichten
1773 412 1810 453 d.

267 471 469 523 Goetting.
490 470 578 511 Ges.
599 471 635 510 d.
650 471 713 510 W.
733 471 876 511 Philol.
896 471 1048 510 Histor.
1068 471 1210 511 Klasse
1233 473 1345 513 1896
1372 486 1410 524 p.
1434 475 1454 512 1
1470 486 1577 524 seqq.
1603 473 1674 512 ubi
1698 474 1810 514 testi-

266 532 401 571 monia
431 533 614 571 ueterum
647 531 698 571 ad
728 532 988 571 monumenta
1018 531 1263 582 Pompeiana
1293 532 1506 585 diligenter
1530 534 1624 573 sunt
1648 546 1812 573 excussa

267 593 307 630 et
332 593 519 631 enarrata.
544 591 669 640 (Suet.
698 590 835 631 claud.
858 593 912 631 32
940 590 1066 643 Calig.
1094 592 1148 631 26
1175 592 1305 632 Varro
1330 592 1379 632 de
1403 593 1498 644 ling.
1524 593 1613 633 Lat.
1633 593 1734 633 Vm
1754 594 1809 633 32

266 652 356 704 Dig.
379 651 470 691 XLI
499 654 536 702 1,
564 652 618 691 26
645 651 738 691 Isid.
759 665 814 692 or.
834 652 927 691 XIX
956 653 1024 701 26,
1045 653 1069 691 3
1097 651 1215 705 Verg.
1241 652 1340 692 Aen.
1366 652 1425 692 VI
1452 653 1538 692 604
1564 653 1742 705 Pr0pert.
1767 653 1810 693 H

268 713 336 762 13,
364 706 451 765 21).
514 712 635 751 Fabri
666 712 823 751 lectarii
854 725 1017 762 operam
1049 712 1324 752 similitudinis
1355 713 1443 753 loco
1475 712 1658 752 adhibuit
1691 715 1811 765 poeta

265 773 423 812 secutus
455 771 664 812 Platonem
696 772 792 823 reip.
818 772 854 811 X
879 786 917 823 p.
946 772 1076 812 596E
1098 784 1206 823 seqq.

387 826 498 872 161.
524 832 666 872 Festus
679 846 716 883 p.
733 833 831 882 371,
847 834 870 870 2
879 835 898 871 1
918 829 1159 872 ‘verticulas
1174 845 1263 872 cum
1277 833 1336 872 ait
1347 833 1541 883 Lucilius,
1558 833 1620 873 ita
1633 833 1810 885 appella-

266 892 329 931 uit
346 889 567 932 uertebras'
588 887 758 945 (Paulus
778 905 825 932 ex
844 890 964 931 Festo
983 906 1020 944 p.
1037 894 1124 932 370
1144 889 1386 933 ‘verticulas
1405 893 1581 933 Lucilius
1601 906 1690 933 cum
1710 893 1812 934 dixit

256 950 455 992 'articulos
475 952 657 1004 intellegi
677 948 833 991 uoluit’.
866 952 1013 992 Parum
1032 954 1138 992 recte
1157 953 1323 992 Paulus:
1350 953 1568 993 uerticulae
1589 955 1694 993 enim
1719 967 1810 1006 pro-

264 1012 350 1063 prie
370 1014 464 1052 sunt
483 1013 627 1063 quibus
641 1014 815 1052 uertitur
827 1025 982 1064 corpus,
1001 1012 1161 1053 articuli
1179 1013 1322 1064 quibus
1337 1008 1623 1068 coniungitur).
1654 1013 1810 1054 Nonius

263 1086 301 1124 p.
331 1074 430 1123 207,
458 1073 512 1112 26
547 1070 679 1112 ‘Genu
710 1073 843 1112 neutri
874 1074 935 1113 est
965 1073 1131 1125 generis.
1259 1074 1470 1114 masculini
1494 1073 1673 1114 Lucilius
1701 1075 1808 1125 saty-

262 1146 398 1173 rarum
430 1132 498 1172 lib.
524 1133 608 1173 ΠΗ
648 1129 818 1173 “haeret
845 1164 852 1172 .
881 1164 888 1172 .
917 1165 924 1172 .
956 1135 1004 1172 ut
1027 1135 1143 1173 nouis
1169 1165 1176 1172 .
1203 1163 1212 1172 .
1241 1165 1248 1172 .
1275 1129 1396 1174 est”.'
1457 1133 1606 1187 Agitur
1636 1134 1685 1174 de
1723 1146 1810 1175 osse

264 1193 437 1232 hominis
468 1194 511 1232 in
542 1193 645 1233 collo
676 1193 821 1245 posito,
854 1193 960 1244 quod
990 1193 1146 1245 corpori
1174 1194 1313 1234 haeret
1336 1194 1511 1233 adfixum
1536 1193 1742 1234 uerticulis
1765 1194 1810 1234 in

264 1254 485 1303 posteriore
521 1254 637 1304 parte
674 1253 715 1292 id
748 1254 808 1293 est
845 1266 870 1292 a
906 1255 1019 1306 tergo
1057 1255 1178 1305 atque
1216 1254 1412 1304 articulis,
1450 1253 1510 1293 ita
1546 1255 1593 1294 ut
1631 1266 1808 1305 quoquo-

263 1325 423 1353 uersum
461 1315 584 1364 caput
621 1315 748 1364 possit
778 1313 895 1353 flecti.
957 1314 1080 1364 Nam,
1121 1315 1167 1353 ut
1200 1313 1314 1355 nobis
1352 1315 1413 1354 est
1449 1314 1556 1354 talus
1593 1327 1808 1366 genusque,

263 1374 323 1412 ita
354 1385 397 1413 os
428 1373 529 1413 illud
561 1375 639 1413 est:
677 1373 837 1414 illorum
873 1374 980 1413 enim
1017 1387 1140 1425 opera
1176 1376 1218 1414 et
1252 1373 1373 1425 pedes
1410 1375 1451 1413 et
1488 1386 1605 1414 crura
1640 1376 1809 1425 possunt

263 1433 371 1473 flecti
408 1435 449 1473 et
484 1433 656 1483 moueri,
701 1434 801 1474 ossis
837 1434 956 1473 huius
996 1434 1181 1473 machina
1226 1434 1353 1474 adiuti
1396 1434 1553 1474 flectere
1595 1446 1808 1485 possumus

264 1495 388 1544 caput
418 1495 612 1533 nostrum.
665 1492 874 1534 Sententia
902 1493 1030 1546 igitur
1059 1507 1179 1534 uersu
1211 1494 1338 1534 altero
1368 1494 1488 1546 plane
1519 1495 1581 1534 est
1611 1493 1805 1534 absoluta.

264 1553 369 1593 Gonf
385 1552 634 1594 CelsusVIH
653 1566 738 1605 cap.
762 1556 782 1593 1
806 1567 844 1605 p.
866 1554 965 1603 325,
988 1555 1041 1594 15
1062 1554 1247 1594 Daremb.
1267 1553 1415 1594 Arnob.
1435 1554 1525 1593 adu.
1545 1556 1650 1607 gent.
1666 1554 1730 1594 m
1751 1555 1805 1595 13

262 1627 299 1664 p.
330 1615 427 1663 120,
456 1614 508 1653 16
525 1614 559 1652 R
597 1626 715 1665 quem
752 1614 885 1654 locum
922 1614 1064 1654 attulit
1099 1614 1142 1653 F.
1162 1613 1299 1655 Dousa
1337 1611 1478 1665 ‘caput
1513 1614 1607 1654 deos
1650 1616 1806 1667 gestare

261 1674 379 1714 tereti
423 1673 672 1714 rotunditate
709 1674 803 1714 colli
841 1676 1035 1724 erectum,
1076 1674 1307 1715 retinaculis
1344 1687 1555 1714 neruorum
1594 1674 1710 1715 dorso
1747 1674 1806 1714 in-

260 1735 432 1786 ligatum
470 1746 516 1773 ac
554 1735 705 1785 pectori
743 1736 784 1774 et
820 1735 871 1774 ad
909 1736 1109 1774 ceruicum
1146 1735 1389 1776 necessarias
1426 1734 1613 1774 flexiones
1651 1746 1805 1775 conser-

260 1794 437 1834 tionibus
486 1794 775 1834 uerticularum
822 1792 900 1845 (ita
941 1794 1096 1835 Dousa:
1139 1796 1329 1835 uertex-um
1377 1790 1469 1849 cod)
1521 1796 1642 1846 atque
1693 1806 1807 1834 ossea

261 1853 555 1894 substructione
592 1851 768 1894 fulciri?
820 1854 976 1895 Collum
1004 1854 1182 1895 Lucilius
1218 1856 1440 1896 masculino
1478 1867 1622 1907 genere
1658 1854 1803 1906 posuit.

384 1908 494 1955 163.
526 1915 680 1954 Nonius
713 1928 734 1955 e
764 1915 886 1966 poeta
916 1915 1004 1966 ipso
1035 1928 1072 1966 p.
1102 1916 1169 1964 16,
1198 1916 1252 1954 29
1287 1912 1542 1955 ‘Succussare
1572 1916 1633 1954 est
1670 1927 1805 1956 susum

261 1974 492 2025 frequenter
522 1976 714 2014 excutere.
771 1973 915 2014 Accius
947 1974 1172 2015 Philocteta
1202 1969 1309 2029 (568
1324 1970 1438 2028 11)..
1460 1974 1668 2015 .Lucilius
1696 1976 1805 2026 saty-

260 2047 395 2073 rarum
425 2034 493 2073 lib.
519 2034 604 2074 ΙΙΠ
648 2031 677 2048 “
680 2035 966 2075 succussatoris
1005 2028 1289 2088 (succusatoris
1314 2035 1354 2074 L
1377 2029 1502 2089 m.1)
1539 2035 1806 2084 tara-iramque

260 2090 450 2134 caballi'ffi
455 2091 466 2109 ’
516 2094 628 2134 Idem
659 2094 729 2134 sed
759 2107 806 2134 ex
836 2095 1260 2147 grammaticop.86,
1288 2095 1342 2134 14
1370 2091 1584 2135 Caballus.
1625 2094 1804 2135 Lucilius

258 2153 327 2194 lib.
354 2151 456 2193 II‘
462 2151 722 2196 ‘succusatori
760 2148 1010 2208 (succusator
1036 2154 1074 2194 L
1097 2167 1148 2194 m.
1177 2150 1222 2210 1)
1260 2156 1383 2195 taetri
1421 2149 1498 2209 (ita
1530 2155 1587 2194 L:
1623 2154 1719 2195 tetri
1746 2149 1802 2209 G)

260 2214 446 2266 tardique
477 2214 623 2255 caballi
655 2209 833 2268 (caballo
859 2215 899 2254 L
923 2227 973 2254 m.
1003 2217 1027 2254 1
1060 2214 1258 2255 caballom
1285 2214 1322 2255 G
1347 2227 1397 2254 m.
1426 2209 1532 2270 1)''.’
1581 2214 1804 2255 Numerum

260 2274 354 2314 libri
384 2276 490 2314 recte
520 2274 716 2315 traditum
746 2287 831 2315 esse
860 2275 949 2315 loco
980 2276 1113 2326 priore
1138 2276 1324 2328 apparet:
1355 2274 1514 2316 facilius
1533 2276 1640 2315 enim
1662 2274 1802 2315 decur-

259 2336 372 2374 tatur
403 2334 525 2385 IIII,
567 2336 615 2374 ut
650 2335 709 2374 II
740 2334 903 2386 euadat,
949 2348 1069 2386 quam
1106 2335 1336 2387 duplicatur
1371 2335 1430 2374 II
1461 2336 1508 2375 ut
1543 2334 1655 2374 IIII
1691 2328 1808 2389 (conf

258 2394 485 2446 Lindsayus
511 2393 703 2435 Classical
728 2395 889 2436 Review
914 2394 1009 2435 XVI
1036 2396 1150 2436 1902
1176 2408 1215 2446 p.
1242 2390 1331 2450 48.)
1382 2394 1460 2434 Sed
1483 2396 1527 2434 111
1552 2395 1689 2435 ordine
1715 2407 1802 2435 uer-

259 2454 401 2494 borum
425 2454 549 2494 Nonii
573 2455 721 2495 rectius
747 2467 958 2506 sequemur
982 2456 1186 2495 auctorem
1211 2455 1518 2508 grammaticum
1541 2468 1579 2506 p.
1602 2455 1657 2495 86
1684 2454 1801 2502 sicuti

258 2515 303 2555 111
332 2515 504 2555 lectione
535 2515 624 2566 ipsa
656 2516 752 2565 quia
782 2516 857 2555 hoc
886 2516 975 2555 loco
1006 2516 1166 2554 seruata
1197 2516 1257 2555 est
1286 2515 1445 2568 integra
1475 2514 1675 2565 scriptura
1711 2527 1800 2555 cum

259 2576 449 2626 corrupta
479 2575 534 2613 sit
563 2589 601 2626 p.
630 2575 703 2620 16·
743 2575 833 2615 uide
870 2575 922 2614 ad
951 2575 1018 2615 lib.
1044 2575 1107 2614 ΠΙ
1131 2589 1169 2614 11.
1197 2576 1282 2614 106
1308 2574 1367 2614 IV
1392 2589 1429 2614 u.
1459 2576 1554 2615 173.
1616 2574 1677 2614 De
1715 2587 1799 2614 suc-

259 2636 461 2675 cussatore
493 2635 559 2674 uel
590 2646 818 2675 succussore
849 2647 952 2686 equo
982 2635 1076 2675 uide
1104 2635 1156 2674 ad
1185 2635 1253 2675 lib.
1279 2634 1354 2674 XV
1378 2648 1416 2674 11
1444 2635 1543 2686 507,
1573 2634 1735 2674 tardum
1759 2635 1801 2675 et

258 2695 419 2746 pigrum
450 2707 564 2734 ecum
594 2696 790 2734 memorat
819 2696 940 2746 poeta
971 2695 1326 2739 incert.u.1109,.

382 2748 491 2795 164.
522 2754 677 2794 Nonius
707 2768 745 2806 p.
773 2755 873 2804 457,
900 2755 954 2794 16
989 2752 1139 2795 ‘Catuli
1169 2768 1249 2795 non
1283 2755 1413 2795 solum
1449 2766 1591 2798 canum
1627 2735 1799 2794 diminu-

198 2818 204 2822 ’
258 2815 359 2863 tive,
395 2827 536 2854 uerum
572 2815 750 2854 omnium
787 2815 1021 2854 animalium
1059 2815 1365 2866 appellantur.
1429 2814 1647 2854 ,Lucilius
1690 2816 1799 2865 saty-

258 2886 393 2912 rarum
418 2874 486 2913 lib.
511 2874 596 2914 ΙΠΙ
621 2871 892 2914 ‘concursaret
917 2887 1034 2927 agros
1059 2876 1213 2916 catulos
1237 2846 1442 2925 fetumque
1466 2871 1584 2924 ferat’
1590 2870 1630 2912 '.’
1673 2874 1799 2914 Feras·

258 2932 302 2971 L.
322 2933 538 2972 Muellerus
575 2934 684 2984 quod
719 2936 855 2985 posuit
890 2936 1032 2975 melius
1071 2937 1131 2975 est
1168 2947 1288 2985 quam
1324 2934 1428 2974 illud
1469 2935 1649 2983 feramwm
1691 2933 1798 2984 quod

257 2993 380 3044 uulgo
400 2993 620 3033 ferebatur:
645 3006 783 3034 uersus
800 2995 978 3046 reliquus
999 3007 1118 3035 sanus
1137 2995 1208 3034 est.
1257 2994 1408 3034 Narrat
1424 2994 1547 3045 poeta.
1563 2993 1612 3033 de
1637 2993 1796 3037 homine
