2060 3444
734 236 863 272 inec-ff.
891 236 967 272 sed.
994 248 1030 271 u.
1062 238 1307 270 1292—1294.
1710 230 1798 274 409

228 348 230 350 ’
257 348 396 403 gessit’
424 346 529 405 (Liu.
556 363 637 401 per.
663 345 865 404 XCVIH),
896 349 1187 402 Pyrganionem
1216 348 1501 399 archipiratam
1529 348 1667 388 Sicilia
1693 347 1803 387 dece-

258 412 350 452 dere
381 410 575 462 compulit
607 405 738 464 (Oros.
764 411 823 449 VI
849 412 887 460 3,
915 405 961 464 5)
996 423 1113 460 quem
1144 410 1241 448 item
1273 408 1500 449 Cretensem
1527 408 1648 448 fuisse
1676 407 1803 459 suspi-

258 472 358 512 ceris
377 471 525 513 collato
544 472 707 519 nomine
724 470 937 522 Pyrgionis
958 470 1028 520 qui
1049 470 1096 509 de
1117 469 1366 509 Cretensium
1386 469 1583 508 institutis
1601 469 1806 519 scripserit

258 527 422 585 (Athen.
448 531 506 571 IV
538 545 575 582 p.
599 532 682 570 143
698 525 752 585 E)
779 532 819 570 et
843 530 1044 582 Hesychio
1077 543 1106 569 s.
1127 543 1165 568 u.
1194 530 1400 582 Πυργΐται·
1432 528 1473 567 οἵ
1496 530 1531 567 K
1533 533 1658 582 ρῆτες.
1714 529 1805 567 Duo

258 593 423 632 nomina
470 591 696 642 piratarum
745 604 826 629 una
874 591 1012 641 posuit
1059 592 1104 629 ut
1145 589 1293 629 Lam-ia
1344 592 1378 628 (ί
1420 589 1529 628 Bilto
1579 589 1806 628 meretrices

258 652 325 691 lib.
346 652 455 690 XXX
480 665 517 690 u.
542 652 670 700 1065,
704 651 861 691 Caelius
888 653 922 690 ct
944 650 1111 690 Birrius
1139 651 1316 689 latrones
1341 648 1482 688 Horat.
1503 661 1617 688 serm.
1637 646 1658 688 I
1679 648 1717 698 4,
1739 648 1807 699 69,

257 712 394 752 eodem
426 712 513 751 loco
541 712 595 751 65
622 724 705 750 una
730 712 1001 750 memorantur
1024 710 1181 750 Sulcius
1207 712 1241 749 et
1267 710 1440 759 Caprius
1466 711 1728 749 accusatores.
1750 731 1807 736 —

260 771 550 812 Consociarunt
578 772 654 811 hoc
684 772 956 823 fragmentum
988 771 1168 823 Scaliger
1198 770 1335 810 Dousa
1365 770 1581 809 Muellerus
1614 771 1684 809 alii
1717 783 1807 809 cum

257 834 396 872 incert.
421 847 459 872 u.
490 834 603 872 1277
636 833 697 871 ita
721 832 803 871 fere
830 831 1064 872 scribentes:
1097 827 1336 881 ‘querquera
1363 831 1620 882 consequitur
1645 831 1807 881 capitis-

259 906 335 944 que
367 893 523 933 dolores
554 892 691 932 infesti
722 892 821 931 mihi
846 894 930 931 tam
957 905 1079 942 quam
1105 891 1291 930 Rhondes
1316 887 1588 942 Icadionque’.
1645 891 1807 930 Rectius

219 969 222 971 ·
259 953 526 993 Baehrensius
558 953 620 992 his
652 952 796 1004 spretis
827 953 938 992 Festi
963 952 1023 991 uti
1050 951 1180 991 uoluit
1204 951 1339 990 uerbis
1365 952 1435 1002 qui
1470 951 1630 1002 scripsit
1662 945 1808 1005 (824):

260 1011 375 1053 ‘mihi
394 1026 536 1065 corpus
556 1015 677 1063 atque
695 1012 887 1052 ualetudo
908 1014 1002 1051 sunt
1014 1012 1199 1052 Rhondes
1218 1008 1490 1062 Icadionque'.
1523 1011 1808 1062 Fragmentum

258 1074 345 1113 iure
375 1073 480 1112 libro
505 1073 542 1111 'V
573 1074 728 1112 tribuas
753 1072 821 1111 ubi
848 1072 956 1123 quod
982 1072 1030 1111 de
1056 1074 1228 1121 corporis
1256 1072 1527 1111 inconstantia
1552 1072 1810 1122 conqueritur

259 1148 298 1172 u.
327 1134 410 1173 189
451 1133 635 1185 congruit
672 1146 762 1173 cum
799 1133 906 1172 Festi
945 1133 1080 1172 uerbis
1118 1132 1262 1183 quibus
1303 1145 1398 1172 usus
1440 1134 1500 1172 est
1531 1131 1809 1171 Baehrensius.

258 1194 361 1233 Vide
399 1194 451 1233 ad
486 1195 625 1233 incert.
658 1207 695 1232 u.
730 1195 843 1232 1277
884 1194 924 1232 et
955 1207 992 1232 u.
1022 1194 1148 1232 1314.
1218 1192 1265 1231 In
1303 1206 1394 1243 app.
1421 1194 1508 1231 crit.
1535 1192 1662 1232 scribe
1700 1193 1808 1231 leuis.

382 1248 524 1295 1293.
551 1253 708 1293 Nonius
734 1267 780 1292 ex
806 1254 1071 1305 grammatico
1096 1267 1134 1304 p.
1158 1254 1256 1303 223,
1278 1255 1331 1292 27
1362 1250 1550 1292 ‘Sibilum
1575 1254 1718 1292 neutro
1740 1283 1748 1291 .
1771 1284 1777 1290 .
1802 1284 1808 1291 .

259 1315 480 1354 masculino
503 1314 756 1354 ...Lucilius
783 1310 912 1353 “saxa
944 1315 984 1353 et
1015 1313 1162 1353 stridor
1193 1313 1261 1352 ubi
1294 1316 1523 1362 atquecrunt
1551 1314 1647 1353 dum
1672 1314 1810 1353 sibilus

259 1370 448 1414 ivstitis'’.
524 1374 674 1426 Sagum
718 1375 873 1426 generis
917 1371 1076 1413 neutri’.
1153 1375 1377 1423 atquierwnt
1422 1373 1603 1424 Lipsius,
1646 1374 1719 1424 qui
1763 1373 1809 1412 de

258 1435 402 1485 populi
450 1435 630 1474 tumultu
679 1435 895 1483 intellexit,
944 1434 1051 1473 idem
1101 1437 1183 1473 tum
1231 1435 1370 1473 sibilus
1419 1435 1542 1473 inst-at
1589 1435 1654 1472 uel
1704 1436 1810 1482 insit:

259 1495 501 1534 Ribbeckius
543 1495 644 1534 Mus.
671 1494 795 1533 Rhen.
826 1494 958 1533 XXIX
993 1495 1107 1533 1874
1145 1508 1183 1545 p.
1214 1495 1296 1533 128
1341 1494 1486 1533 maluit
1529 1494 1648 1533 scribi
1687 1491 1811 1533 ‘saxei

261 1555 409 1594 stridor
445 1554 513 1594 ubi
553 1557 672 1605 atque
703 1554 917 1594 rudentum
952 1554 1093 1594 sibilus
1118 1551 1221 1593 infit'
1248 1567 1401 1593 memor
1425 1566 1564 1593 uersus
1589 1553 1811 1593 Pacuuiani

262 1610 389 1669 (335)
420 1610 731 1655 ‘armamentum
764 1615 912 1654 stridor
937 1645 945 1653 .
969 1646 975 1653 .
999 1646 1005 1653 .
1031 1614 1246 1654 rudentum
1278 1611 1446 1666 sibilus'3
1485 1616 1603 1654 sicuti
1643 1614 1810 1665 Dionys.

260 1675 391 1715 Halic.
422 1675 470 1714 de
520 1688 691 1726 compos.
717 1674 826 1714 uerb.
853 1687 939 1726 cap.
970 1677 1021 1714 16
1056 1689 1093 1725 p.
1117 1675 1191 1724 62,
1221 1675 1273 1713 15
1298 1674 1372 1713 VR
1422 1673 1615 1728 συριγμὸν
1667 1674 1809 1713 κάλων.

261 1735 405 1775 Melius
436 1737 573 1775 tamen
604 1735 652 1774 de
685 1736 883 1774 sententia
914 1735 1067 1774 iudicat
1097 1733 1257 1786 Lipsius
1289 1748 1421 1786 neque
1453 1735 1559 1785 quod
1590 1735 1810 1787 Vargesius

261 1790 330 1848 (de
368 1795 471 1836 libro
501 1795 564 1835 ΠΙ
594 1810 632 1846 p.
657 1790 730 1849 13)
769 1795 897 1846 Lipsii
934 1795 1104 1834 lectione
1141 1795 1313 1846 probata
1357 1795 1407 1834 ad
1445 1795 1618 1846 Liparae
1657 1796 1812 1834 insulae

261 1857 420 1895 montis·
441 1856 692 1906 eruptionem
729 1855 929 1906 pertinere
966 1868 1128 1894 uersum
1167 1856 1312 1894 statuit
1344 1868 1461 1905 quem
1493 1855 1582 1894 ideo
1614 1855 1717 1894 libro
1749 1855 1811 1894 111

260 1915 406 1955 tribuit
449 1915 633 1966 equidem
676 1915 940 1966 probauerim.
1003 1916 1110 1954 Nam
1152 1915 1194 1954 in
1234 1915 1440 1955 Ribbeckii
1479 1915 1811 1965 interpretatione

263 1972 387 2015 ‘saxei
430 1973 592 2015 stridor’
636 1976 921 2027 permolestum
943 1977 1042 2024 est,
1079 1975 1122 2014 in
1166 1975 1294 2026 Lipsii
1331 1976 1501 2015 lectione
1547 1972 1810 2026 ‘atquierunt’

262 2037 346 2076 siue
391 2038 573 2087 correpta
617 2050 637 2075 e
681 2037 857 2087 positum
901 2038 962 2075 est
1005 2038 1089 2076 siue
1133 2048 1223 2075 cum
1267 2036 1437 2087 synizesi
1475 2038 1583 2075 caret
1621 2036 1811 2087 exemplo.

262 2099 444 2136 ruentum
474 2096 610 2147 posuit
640 2096 857 2136 Muellerus
894 2097 938 2135 in
969 2096 1143 2146 Lucilio,
1180 2098 1381 2145 furentum
1412 2097 1478 2136 uel
1508 2099 1691 2136 ruentum
1721 2109 1812 2147 pro-

262 2156 397 2207 posuit
439 2158 482 2195 in
525 2157 674 2206 Nonio3
718 2158 920 2205 furentum
962 2170 1034 2196 nos
1078 2156 1326 2207 scripsimus:
1376 2156 1527 2209 Vergil.
1555 2156 1651 2195 Aen.
1678 2157 1699 2195 I
1728 2157 1812 2195 150

265 2213 439 2267 ‘iamque
470 2217 576 2256 faces
602 2218 642 2255 et
673 2229 769 2256 saxa
794 2217 947 2266 uolant,
977 2217 1089 2256 furor
1113 2229 1225 2255 arma
1250 2214 1483 2256 ministrat’.
1545 2217 1593 2255 In
1625 2218 1769 2256 instilis
1795 2229 1812 2254 s

263 2277 439 2316 extrema
465 2290 485 2315 e
511 2278 713 2327 sequentis
739 2277 928 2315 uocabuli
952 2277 1070 2316 initio
1095 2278 1239 2325 tracta,
1271 2278 1301 2316 ti
1319 2277 1424 2316 male
1444 2278 1617 2327 repetita
1637 2277 1812 2327 syllaba:

264 2336 359 2375 conf
385 2337 563 2388 prolegg.
589 2350 627 2387 p.
655 2336 792 2376 CXIV.
854 2338 921 2376 isti
957 2336 1114 2388 scripsi:
1153 2336 1251 2375 forti
1288 2338 1329 2375 et
1366 2338 1566 2376 constanti
1605 2336 1738 2375 animo
1771 2336 1812 2374 in

265 2395 490 2435 contionem
526 2397 613 2446 isti,
650 2397 720 2436 ubi
757 2409 853 2436 saxa
890 2397 1083 2436 clamores
1123 2396 1231 2435 sibili
1269 2398 1310 2436 te
1342 2397 1607 2446 expectabant
1637 2397 1813 2435 inuisum

264 2456 424 2507 populo.
486 2456 546 2496 De
586 2457 784 2509 Scipionis
825 2458 1051 2497 constantia
1096 2469 1176 2507 qua
1213 2457 1255 2495 in
1294 2457 1479 2496 contione
1516 2456 1712 2508 populum
1749 2470 1811 2495 ex—

265 2517 415 2567 ceperit
445 2530 685 2569 magnopere
723 2517 1039 2557 tumultuantem
1077 2518 1172 2556 conf
1198 2517 1378 2556 Velleius
1403 2517 1444 2556 11
1471 2518 1510 2565 4,
1537 2518 1562 2555 4
1596 2519 1734 2555 auctor
1765 2516 1813 2555 de

264 2576 337 2615 uir.
364 2576 511 2616 illustr.
540 2578 608 2627 58,
635 2578 660 2616 8
694 2573 839 2630 [Plus]
872 2577 1126 2629 apopthegm.
1154 2577 1259 2628 Scip.
1283 2579 1350 2617 22.
1380 2578 1446 2616 23.

388 2631 530 2676 1294.
562 2637 705 2677 Actum
749 2639 809 2678 est
847 2637 894 2675 de
932 2637 1019 2677 loco
1053 2636 1224 2678 Charisii
1256 2637 1306 2676 ad
1338 2636 1406 2676 lib.
1426 2637 1483 2676 IX
1510 2651 1546 2675 u.
1575 2637 1659 2675 362
1693 2649 1813 2686 quem

264 2696 396 2735 locum
427 2696 558 2736 adeas.
620 2697 813 2737 Difficiles
851 2699 945 2736 sunt
982 2697 1034 2736 ad
1064 2697 1380 2749 intellegendum
1417 2699 1458 2736 et
1488 2697 1611 2736 uerba
1643 2695 1814 2735 Charisii

266 2757 306 2794 et
348 2755 389 2794 hi
433 2768 571 2796 uersus
609 2756 753 2796 Lucilii
798 2758 868 2807 qui
907 2769 1045 2797 uersus
1090 2757 1180 2797 illos
1224 2757 1318 2796 libri
1342 2758 1398 2796 IX
1441 2756 1699 2796 antecedunt:
1745 2757 1813 2806 qui

267 2815 378 2855 cuius
415 2817 566 2855 fuerint
601 2816 694 2856 libri
731 2829 811 2856 non
848 2816 1024 2856 traditur
1055 2813 1248 2856 ‘Lucilius
1286 2819 1421 2857 tamen
1463 2818 1504 2855 et
1540 2830 1612 2866 per
1642 2829 1767 2854 unum
1799 2817 1814 2854 i

267 2874 497 2926 genetiuum
529 2876 651 2915 scribi
680 2889 797 2927 posse
829 2877 1048 2916 existimat:
1081 2877 1140 2915 ait
1171 2878 1276 2915 enim

417 2957 475 2963 —
507 2957 563 2962 —
596 2936 782 2975 seruandi
811 2936 981 2985 numeri,
1013 2938 1053 2975 et
1083 2949 1221 2975 uersus
1253 2935 1427 2975 faciendi

417 3007 489 3034 nos
523 2994 634 3035 Caeli
663 2995 831 3036 Numeri
862 3008 1072 3035 numerum
1104 2997 1151 3035 ut
1183 3008 1383 3037 seruemus
1415 2995 1664 3046 modumque.
