2060 3444
820 293 940 330 xxv1
965 305 1001 329 u.
1029 296 1230 330 eos—⁶12.
1428 340 1429 343 Ἴ
1714 291 1800 335 227

255 410 388 448 mutat
417 409 559 447 mercis
591 410 779 460 surgente
811 420 835 446 a
866 408 950 447 sole
981 407 1033 446 ad
1064 421 1155 446 eum
1184 420 1263 457 quo
1288 405 1519 458 uespertina
1543 407 1655 457 tepet
1678 402 1804 459 regio’

254 482 286 509 e.
307 482 343 520 q.
364 482 393 509 s.
426 464 550 523 (Pers.
576 468 607 506 V
635 469 689 507 52
705 463 848 522 seqq).

247 568 249 570 ,
376 524 488 569 609.
520 528 678 568 Νο111113
704 542 743 579 p.
763 530 864 578 437,
886 530 940 568 22
969 524 1096 567 ‘Inter
1121 540 1262 567 cauere
1289 529 1329 566 et
1354 528 1486 566 uitare
1513 526 1696 566 Lucilius
1721 539 1805 566 esse

255 590 489 630 distantiam
519 589 665 640 uoluit,
696 589 765 628 lib.
791 588 937 639 XXVI,
969 590 1010 628 et
1041 600 1126 628 esse
1157 588 1248 639 plus
1280 588 1422 627 uitare.
1475 585 1608 638 “quid
1628 619 1636 626 .
1658 619 1664 626 .
1688 618 1697 626 .
1720 599 1805 627 cen-

253 662 337 690 sere
357 682 364 689 .
387 682 395 689 .
417 681 426 689 .
445 646 692 690 maxume”.’
743 649 940 688 Horatius
972 661 1086 689 serm.
1112 648 1134 688 Ι
1160 649 1199 700 4,
1228 649 1312 688 105
1342 645 1535 687 ‘insueuit
1559 650 1676 699 pater
1702 648 1806 699 opti—

253 723 341 750 mus
372 711 447 749 hoc
477 724 540 750 me
572 712 619 749 ut
649 711 831 763 fugerem
863 709 1054 761 exemplis
1085 708 1280 749 uitiorum
1312 721 1494 760 quaeque
1526 706 1732 748 notando'.

375 765 487 811 610.
519 770 675 810 Nonius
706 784 744 822 p.
773 771 872 820 497,
899 771 957 809 30
998 767 1279 809 ‘Accusatiuus
1317 769 1383 808 uel
1421 768 1696 808 nominatiuus
1732 782 1806 820 pro

254 830 446 871 ablatiuo.
474 863 481 870 .
503 862 511 870 .
533 863 541 870 .
567 830 748 871 Lucilius
774 825 1024 885 (satyrarum
1051 830 1163 869 addit
1190 831 1297 870 solus
1325 828 1683 880 Guelferbytanus:
1714 829 1806 868 reli-

255 892 326 942 qui
352 886 564 946 omittunt)
590 892 657 931 lib.
684 891 818 930 XXVI
851 888 981 930 “haec
1005 893 1052 930 tu
1079 923 1086 930 .
1139 887 1427 943 .inrigarier’'.
1430 887 1442 905 '
1487 890 1580 929 Non
1605 890 1803 942 legentem

253 953 353 992 facit
390 951 572 991 Lucilius
609 964 750 992 uersus
789 964 881 992 suos
920 922 1216 991 adulescentem
1252 951 1371 990 illum
1410 963 1530 1001 quem
1575 950 1807 1019 alloquitur,

254 1013 323 1052 sed
355 1012 585 1052 audientem
623 1013 742 1052 sicuti
773 1012 890 1052 Lucr.
915 1013 937 1052 I
962 1013 1048 1051 416
1091 1009 1229 1062 ‘quam
1265 1011 1342 1051 tibi
1379 1010 1427 1050 de
1466 1012 1610 1062 quauis
1646 1024 1727 1050 una
1764 1024 1806 1050 re

255 1073 439 1113 uersibus
478 1075 606 1114 omnis
645 1075 975 1126 argumentorum
1012 1073 1066 1112 sit
1104 1073 1221 1124 copia
1263 1071 1387 1112 missa
1424 1084 1500 1121 per
1543 1068 1684 1111 auris’.
1746 1073 1806 1111 in-

254 1135 426 1183 riyarier
467 1134 604 1185 posuit
646 1147 719 1185 pro
762 1134 888 1173 imbui
931 1135 1037 1173 sicut
1072 1133 1232 1173 Petron.
1259 1134 1286 1172 4
1336 1130 1398 1171 ‘ut
1437 1131 1606 1172 studiosi
1642 1133 1806 1171 iuuenes

230 1192 425 1234 >lectione
464 1206 604 1234 seuera
640 1190 922 1246 irrigarentur'
955 1194 1087 1233 Plaut.
1116 1193 1200 1232 Mil.
1229 1193 1314 1233 883
1350 1190 1582 1244 postquam
1620 1192 1806 1232 adbibere

255 1267 371 1294 aures
403 1267 516 1294 meae
540 1257 634 1294 tuae
660 1268 792 1294 rorem
817 1251 1027 1295 orationis'
1053 1253 1151 1294 Hor.
1177 1255 1294 1306 epist.
1319 1254 1340 1292 I
1368 1255 1406 1303 2,
1434 1254 1487 1292 67
1517 1249 1638 1292 ‘nunc
1665 1253 1807 1292 adbibe

255 1327 356 1366 puro
388 1317 548 1366 pectore
579 1315 704 1354 uerba
742 1312 858 1367 puer*
899 1317 939 1354 et
974 1328 1094 1366 quem
1129 1315 1263 1355 locum
1300 1314 1382 1353 iam
1413 1314 1630 1353 Muellerus
1669 1313 1810 1352 attulit

253 1375 274 1414 I
300 1376 339 1426 8,
370 1376 422 1414 16
453 1373 727 1427 ‘praeceptum
753 1375 946 1415 auriculis
971 1376 1047 1415 hoc
1065 1376 1264 1415 instillare
1284 1370 1512 1414 memento'.
1540 1374 1806 1414 Accusatiuus

254 1437 348 1476 haec
384 1437 433 1475 ut
465 1436 561 1475 Sall.
597 1436 681 1476 Cat.
709 1437 779 1488 45,
809 1439 830 1476 1
880 1433 1040 1476 ‘cuncta
1084 1433 1263 1476 edoctus'
1309 1435 1436 1474 Tacit.
1468 1434 1562 1474 hist.
1588 1434 1626 1473 V
1653 1436 1678 1474 5
1720 1430 1808 1473 ‘nec

256 1495 470 1547 quicquam
502 1497 614 1548 prius
645 1497 883 1536 imbuuntur
914 1510 1037 1548 quam
1068 1498 1320 1536 contemnere
1352 1492 1475 1535 deos'.

375 1552 487 1597 611.
519 1558 677 1597 Νο111113
703 1571 742 1608 p.
765 1559 864 1608 372,
887 1558 910 1597 6
940 1555 1190 1608 ‘Praecipere
1217 1559 1278 1596 est
1302 1556 1438 1596 iubere
1464 1556 1530 1595 uel
1554 1568 1726 1595 monere.

254 1617 432 1656 Lucilius
464 1617 532 1656 lib.
558 1617 693 1657 XXVI
725 1614 878 1670 “porro
917 1618 1034 1657 amici
1073 1620 1134 1657 est
1170 1618 1271 1656 bene
1309 1616 1540 1667 praecipere
1578 1617 1680 1655 tueri
1715 1617 1808 1655 bene

254 1674 544 1727 praedicare''.'
618 1679 735 1717 Tusci
771 1679 992 1728 Mercerus‚
1036 1678 1107 1728 qui
1146 1678 1370 1728 aruspicem
1410 1676 1629 1728 intellegit:
1673 1677 1808 1716 tuendi

255 1737 496 1777 uocabulum
529 1738 636 1788 quod
667 1740 806 1778 tutoris
843 1738 1022 1777 officium
1058 1738 1212 1777 indicat
1249 1750 1329 1776 non
1367 1738 1502 1788 potest
1540 1737 1692 1776 seruari
1729 1737 1808 1776 nisi

255 1811 303 1837 ea
335 1811 415 1848 qua
439 1799 592 1837 utimur
615 1798 946 1849 transpositione:
978 1798 1129 1837 Fronto
1155 1812 1194 1849 p.
1223 1798 1307 1837 135
1329 1800 1426 1836 extr.
1448 1797 1516 1836 N.:
1550 1794 1670 1836 ‘hunc
1695 1810 1719 1836 a
1744 1810 1807 1836 me

254 1858 347 1898 fidei
378 1860 471 1897 tuae
504 1860 625 1909 atque
657 1858 724 1910 opi
755 1859 953 1898 traditum
983 1859 1137 1898 tuearis
1171 1855 1294 1910 peto'.

378 1913 490 1960 612.
516 1919 671 1959 Nonius
691 1933 729 1970 p.
751 1920 851 1969 330,
874 1920 927 1958 13
952 1916 1121 1969 ‘Induci,
1138 1917 1349 1958 delectari.
1387 1918 1567 1957 Lucilius
1586 1918 1654 1956 lib.
1674 1917 1808 1957 XXVI

257 1975 466 2018 “ueterem
486 2010 494 2018 .
517 2010 524 2018 .
546 2010 555 2019 .
575 1976 730 2019 tuos’'.'
787 1980 921 2019 Plaut.
948 1980 1056 2018 Trin.
1087 1980 1169 2018 381
1207 1976 1447 2018 ‘Historiam
1477 1980 1655 2018 ueterem
1687 1980 1807 2029 atque

256 2039 465 2090 antiquam
495 2040 593 2079 haec
624 2052 714 2079 mea
740 2042 919 2079 senectus
946 2037 1152 2079 sustinet':
1184 2041 1306 2078 etiam
1332 2039 1463 2078 exitus
1488 2051 1628 2078 uersus
1662 2038 1806 2078 similis

256 2101 385 2139 exitus
412 2100 630 2151 septenarii
648 2100 832 2139 Plautini
853 2100 975 2139 Stich.
998 2096 1122 2140 736
1126 2113 1216 2139 mea
1242 2100 1389 2150 suauis,
1417 2099 1614 2149 amabilis,
1641 2112 1808 2139 amoena

257 2159 535 2212 Stephanium,
567 2161 618 2200 ad
644 2173 799 2200 amores
825 2162 918 2200 tuos
944 2161 1053 2200 foras
1080 2157 1297 2213 egredere'.
1348 2160 1408 2198 De
1435 2160 1581 2199 studiis
1605 2131 1807 2199 bistoiicis

256 2220 352 2259 dum
383 2221 469 2272 agit
499 2222 631 2271 poeta,
664 2234 765 2272 quae
796 2221 869 2260 illa
901 2212 1035 2260 aetate
1067 2222 1280 2260 coluerunt
1305 2220 1451 2259 Fannii
1476 2220 1701 2259 Aselliones
1727 2220 1807 2259 Ru-

255 2280 336 2319 tilii
368 2279 506 2331 Goelii,
537 2294 629 2320 eum
660 2283 798 2332 aperte
831 2282 1011 2349 appellat
1041 2282 1182 2332 poeta,
1221 2281 1285 2320 ad
1304 2294 1422 2331 quem
1461 2281 1623 2332 scripsit
1659 2281 1807 2319 librum

255 2341 390 2380 XXVI
421 2342 492 2380 aut
522 2342 656 2380 totum
694 2344 765 2381 aut
802 2355 890 2381 eam
928 2341 1040 2381 cuius
1079 2342 1159 2380 fuit
1194 2341 1260 2380 hic
1296 2353 1438 2380 uersus
1476 2342 1665 2380 saturam.
1729 2340 1808 2386 Qui

255 2401 469 2440 historicus
506 2400 655 2441 Lucilii
693 2402 844 2441 amicus
882 2402 1094 2442 historicos
1132 2396 1256 2441 libros
1294 2402 1510 2452 scripserat
1547 2401 1598 2440 ad
1638 2414 1807 2452 puerum

258 2462 448 2511 amatum,
481 2461 602 2500 sicuti
632 2461 811 2501 Lucilius
842 2463 929 2512 ipse
962 2461 1151 2502 Gentium
1183 2463 1224 2500 et
1254 2462 1513 2500 Macedonem
1543 2474 1689 2512 pueros
1715 2474 1807 2500 suos

259 2522 405 2560 saturis
437 2521 668 2561 celebrarat.
719 2522 1002 2573 Sempronium
1033 2522 1279 2562 Asellionem
1309 2521 1458 2561 Lucilii
1487 2521 1595 2560 bello
1626 2521 1807 2560 Numan-

258 2580 335 2619 tini
367 2593 456 2620 cum
486 2582 610 2621 fuerit
641 2582 936 2622 contubernalis
970 2577 1083 2637 (uide
1113 2583 1292 2634 prolegg.
1318 2596 1357 2633 p.
1383 2576 1514 2636 XXV)
1546 2582 1652 2620 hunc
1683 2582 1807 2621 fuisse

258 2641 405 2680 Lucilii
442 2642 615 2681 amicum
653 2643 877 2694 suspicetur
913 2642 1079 2694 aliquis:
1117 2643 1165 2681 de
1202 2642 1318 2681 Iunio
1358 2641 1493 2694 Congo
1532 2642 1804 2681 coniecturam

259 2714 333 2752 ego
364 2702 519 2752 protuli
550 2702 602 2741 ad
632 2716 697 2741 uu.
726 2704 810 2742 592
827 2715 936 2754 seqq.
997 2703 1104 2742 Nam
1139 2703 1290 2742 clarum
1329 2703 1530 2753 quendam
1567 2702 1804 2742 historicum

260 2762 456 2812 appellari
481 2762 688 2812 probabile
712 2763 760 2802 fit
784 2776 832 2801 ex
855 2763 966 2802 Liuii
990 2764 1229 2814 imitatione,
1256 2763 1327 2814 qui
1354 2763 1595 2802 sententiam
1620 2776 1684 2801 uu.
1708 2764 1806 2801 613.

192 2837 196 2840 ’
262 2822 348 2861 614
380 2828 494 2860 suam
524 2823 621 2861 fecit
652 2818 764 2876 (uide
791 2818 956 2877 adnot.)
1008 2822 1087 2862 Sed
1111 2823 1263 2862 Asellio
1288 2825 1466 2862 ueterem
1490 2822 1702 2862 historiam
1726 2835 1808 2861 non

261 2881 421 2931 scripsit
463 2881 533 2921 sed
576 2882 638 2921 sui
681 2883 891 2933 temporis:
943 2883 1039 2922 conf
1067 2882 1166 2922 Gell.
1192 2882 1234 2921 H
1262 2884 1330 2933 13,
1357 2884 1381 2921 3
1429 2879 1484 2921 ‘Is
1528 2883 1682 2921 Asellio
1733 2882 1806 2921 sub

261 2941 304 2979 P.
325 2940 510 2992 Scipione
539 2941 731 2981 Africano
762 2942 948 2982 tribunus
979 2943 1153 2981 militum
1187 2942 1238 2981 ad
1261 2943 1524 2981 Numantiam
1555 2943 1634 2981 fuit
1664 2954 1807 2993 resque

261 3013 327 3040 eas
361 3001 504 3051 quibus
542 3002 724 3053 gerendis
757 3002 841 3053 ipse
872 3002 1074 3052 interfuit,
1111 2998 1375 3053 conscripsit'.
1401 3024 1461 3030 —
1485 3002 1563 3041 Pro
1602 2998 1806 3042 ‘inductus

262 3058 410 3100 studio'
440 3058 605 3101 ‘studio'
638 3062 688 3101 ad
713 3062 807 3102 Her.
833 3062 892 3100 IV
920 3065 958 3112 1,
987 3065 1008 3102 1
1043 3063 1106 3102 ΠΙ
1133 3063 1171 3113 6,
1200 3065 1251 3101 11
1288 3062 1368 3102 Cic.
1392 3075 1465 3112 pro
1491 3063 1605 3102 Rosc.
1634 3062 1723 3102 Am.
1750 3064 1803 3102 91

1448 3130 1519 3164 15*
