2060 3444
284 258 369 300 272
821 252 975 289 XXVIII
999 264 1037 288 u.
1066 254 1266 287 τεῇ-ηπ.

282 375 334 426 τῷ
368 372 529 424 Κυνικῷ
559 401 565 407 .
588 398 624 407 ..
653 366 776 406 ἰδόντι
809 366 1009 419 μειράκιον
1040 364 1231 404 πλούσιον
1257 362 1494 403 ἀπαίδευτον
1521 359 1653 410 ἔδοξεν
1682 360 1815 400 εἰπεῖν·

283 425 397 477 οὗτός
428 427 505 468 ἐστι
537 427 661 482 ῥύπος
692 423 1071 479 περιηργυρωμένος.

379 484 512 528 ’766.
550 488 705 526 Nonius
747 500 785 536 p.
815 487 886 536 74,
922 487 974 524 13
1022 482 1261 542 ‘Armillum
1329 482 1507 521 Lucilius
1551 481 1618 519 lib.
1643 479 1818 519 XXVHI

285 547 408 588 “hinc
437 580 443 587 .
466 580 472 587 .
496 580 502 587 .
530 542 789 586 armillum”.'
854 544 964 584 CGL
991 544 1027 582 V
1052 559 1090 595 p.
1113 544 1151 593 6,
1179 544 1245 582 13.
1280 543 1354 592 48,
1388 543 1438 581 21
1476 538 1715 590 ‘ai-millum,
1746 552 1818 579 uas

283 608 494 658 uinarium,
531 607 634 646 unde
673 603 805 644 “anus
844 599 967 658 (antis
1006 598 1119 658 codd)
1166 603 1216 642 ad
1255 598 1516 640 armillum''.'
1586 599 1818 639 Obsoletum
1850 616 1855 620 ¹

284 670 391 707 uasis
433 681 577 706 nomen
620 666 796 706 seruauit
838 664 1196 714 homoeoprophori
1239 662 1414 701 studium
1457 662 1499 699 in
1543 659 1753 711 prouerbio
1795 671 1819 698 a

285 728 444 767 Graecis
476 740 555 766 non
586 727 729 777 petito:
762 725 809 763 de
839 737 917 763 anu
942 725 1084 762 uinosa
1108 725 1150 761 in
1178 722 1380 761 comoedia
1404 721 1495 759 uide
1522 733 1623 770 quae
1649 718 1818 758 diximus

286 788 336 826 ad
367 787 433 826 lib.
454 786 553 825 VIII
577 800 614 824 u.
638 786 733 824 302.
796 784 928 823 Verba
958 784 1246 833 interpretatur
1276 781 1540 820 Buechelerus
1571 779 1671 818 Mus.
1695 779 1819 818 Rhen.

285 847 417 886 XLIII
444 847 556 885 1888
589 859 626 896 p.
649 846 731 883 292
765 845 838 883 hoc
869 843 984 882 modo
1018 844 1205 882 distincta
1238 839 1346 880 ‘hinc
1378 840 1427 879 ad
1458 852 1533 890 me,
1563 839 1656 878 hinc
1688 833 1819 892 (licet)

263 919 384 945 -anus
415 918 572 945 rursum
605 905 655 943 ad
682 901 915 943 armillum':
949 901 1067 942 ‘ridet
1097 904 1131 941 is
1165 902 1232 951 qui
1264 902 1442 951 loquitur
1472 900 1674 938 hominem
1705 897 1754 937 ad
1779 911 1821 938 se

286 969 492 1016 tamquam
525 979 645 1004 anum
677 964 727 1003 ad
759 963 958 1002 armillum
992 964 1150 1002 euntem
1182 974 1227 1001 ac
1258 961 1499 1009 redeuutem,
1530 959 1708 997 intericit
1738 958 1823 997 licet

287 1028 332 1065 ut
363 1026 420 1064 nil
452 1026 600 1064 morari
631 1037 670 1062 se
709 1036 778 1062 nec
811 1023 1029 1062 detrectare
1066 1022 1217 1061 reditus
1257 1023 1354 1059 istos
1387 1019 1665 1069 exemplarque
1696 1018 1821 1068 turpi-

288 1086 430 1134 culum,
475 1087 596 1123 immo
641 1083 833 1122 adsentiri
870 1084 909 1121 et
947 1083 1082 1121 cedere
1119 1081 1308 1132 declaret,
1348 1093 1455 1118 more
1493 1077 1666 1130 uolgari,
1705 1090 1822 1128 quem

289 1145 503 1184 ostendunt
533 1143 758 1183 comoediae
803 1138 942 1196 (germ.
969 1135 1280 1194 vireinetweaen).’
1353 1139 1439 1191 Ego
1482 1139 1524 1176 in
1569 1137 1823 1177 distinctione

287 1205 586 1243 Lachmannum
637 1204 792 1242 secutus
842 1215 939 1240 sum.
1022 1200 1178 1240 Clamat
1232 1201 1351 1250 poeta
1399 1197 1677 1249 philosophus,
1733 1209 1824 1236 cum

287 1265 487 1303 hominem
513 1264 624 1302 uidet
642 1263 848 1313 indulgere
866 1261 1024 1300 libidini
1043 1260 1159 1300 sicuti
1181 1260 1448 1309 Damasippus
1469 1271 1531 1308 ap.
1548 1257 1640 1296 Hor.
1655 1270 1768 1295 serm.
1783 1256 1824 1295 II

291 1326 328 1373 3,
355 1325 410 1362 80
457 1321 547 1363 ‘huc
571 1323 735 1373 propius
772 1335 834 1359 me
863 1317 1090 1370 ...adite',
1133 1322 1192 1358 ita
1228 1320 1311 1358 hic:
1357 1316 1463 1357 ‘hinc
1507 1317 1557 1356 ad
1596 1329 1678 1366 me,
1720 1317 1824 1366 hinc,

287 1379 415 1422 licet':
450 1382 526 1421 Sed
557 1383 727 1420 frustra:
759 1381 876 1420 homo
901 1383 1036 1419 tamen
1061 1392 1196 1418 rursus
1226 1378 1275 1417 ad
1301 1379 1475 1416 ueterem
1502 1375 1823 1415 consuetudinem

289 1442 498 1480 delabitur.
568 1441 783 1480 Prouerbio
822 1440 958 1479 eodem
996 1442 1124 1478 utitur
1160 1439 1278 1490 Apul.
1311 1439 1469 1476 metam.
1501 1436 1559 1474 VI
1586 1438 1639 1475 22
1672 1436 1729 1474 IX
1756 1437 1822 1474 29.

291 1498 404 1540 ‘anus
455 1501 506 1540 ad
554 1497 801 1550 amphoram'
852 1499 1085 1538 inscribitur
1136 1498 1306 1537 Phaedri
1349 1497 1486 1536 fabula
1527 1496 1589 1534 III
1622 1499 1642 1534 1
1685 1491 1740 1550 (p.
1768 1497 1821 1534 49

288 1555 465 1614 Hauet.).

413 1616 521 1659 768.
553 1619 707 1658 Nonius
739 1633 776 1670 p.
798 1619 902 1667 496,
931 1619 983 1657 19
1019 1615 1252 1657 ‘Genetiuus
1284 1628 1399 1655 casus
1430 1616 1584 1666 positus
1615 1627 1686 1665 pro
1713 1626 1826 1653 accu-

290 1682 431 1719 satiuo.
466 1712 472 1718 .
496 1711 502 1718 .
525 1711 532 1717 .
558 1678 736 1718 Lucilius
761 1678 828 1717 lib.
849 1677 1021 1716 XXVIII
1048 1675 1143 1716 “cui
1171 1709 1177 1716 .
1200 1709 1207 1716 .
1230 1709 1236 1715 .
1264 1672 1428 1715 diem'’.'
1488 1673 1667 1714 Contulit
1691 1673 1826 1713 Dousa

290 1740 447 1779 Petron.
483 1740 565 1778 105
598 1738 698 1777 med.
750 1735 902 1787 ‘itaque
952 1739 999 1775 ut
1046 1738 1175 1776 tutela
1224 1737 1337 1775 nauis
1382 1735 1625 1786 expiaretur,
1674 1733 1827 1784 placuit

291 1800 564 1850 quadragenas
604 1799 764 1848 utrique
802 1798 942 1849 plagas
973 1793 1153 1847 imponi’.
1188 1819 1241 1823 —
1275 1796 1385 1834 mille
1415 1795 1621 1833 hominum
1650 1793 1826 1832 Lucilius

290 1859 356 1897 lib.
382 1859 439 1896 IX
470 1872 507 1896 u.
542 1859 646 1907 358,
690 1858 799 1895 mille
844 1857 984 1895 cadum
1016 1856 1153 1895 XVIII
1183 1870 1220 1894 u.
1252 1856 1355 1894 556:
1399 1855 1508 1893 mille
1552 1855 1692 1905 plagas
1734 1854 1825 1892 ante

292 1917 491 1956 Ciceronis
527 1919 684 1966 tempus
726 1929 805 1954 non
835 1915 1025 1954 uidentur
1056 1916 1200 1954 dixisse
1231 1915 1378 1953 Latini.
1415 1936 1465 1941 —
1501 1914 1596 1952 Hor.
1623 1925 1741 1952 carm.
1766 1912 1829 1954 HI

295 1978 361 2026 29,
389 1978 440 2014 41
478 1973 561 2014 ‘ille
592 1977 732 2025 potens
764 1976 825 2013 sui
855 1975 1063 2024 laetusque
1102 1974 1219 2025 deget
1259 1973 1322 2012 cui
1353 1974 1449 2012 licet
1477 1975 1521 2012 in
1552 1974 1653 2012 diem
1684 1973 1827 2012 dixisse

294 2031 469 2072 “uixi''-’

415 2088 524 2132 769.
566 2092 721 2130 Nonius
769 2105 806 2141 p.
841 2093 944 2142 330,
981 2093 1036 2130 30
1088 2089 1344 2142 ‘Interficere‚
1401 2103 1647 2141 consumere,
1702 2091 1825 2130 finire.

293 2152 470 2191 Lucilius
518 2151 585 2190 lib.
620 2150 794 2189 XXVIII
842 2148 1040 2202 “piscium
1083 2163 1267 2201 maynam
1317 2145 1391 2205 (sic
1438 2150 1660 2199 Leidensis,
1705 2162 1827 2200 qnam

296 2205 646 2265 Guelferbytanus)
673 2241 681 2249 .
705 2242 711 2248 .
734 2242 741 2250 .
767 2214 810 2249 ut
837 2207 998 2261 nego''.'
1056 2213 1099 2250 at
1129 2223 1229 2262 nego
1261 2211 1489 2250 Muellerus.
1551 2209 1720 2249 Videtur
1744 2222 1826 2249 esse

295 2271 535 2320 colloquium
567 2270 718 2309 domini
749 2283 836 2309 cum
868 2283 991 2310 seruo.
1028 2293 1079 2297 —
1110 2270 1332 2314 interficere
1357 2283 1429 2320 pro
1455 2269 1659 2310 comedere
1683 2269 1827 2308 Lucilii

295 2332 516 2380 proprium:
548 2331 643 2368 conf
667 2331 804 2368 incert.
829 2344 867 2368 u.
890 2331 1015 2369 1158.
1076 2331 1146 2370 Nil
1182 2331 1261 2369 huc
1297 2331 1472 2380 pertinet
1501 2329 1641 2368 Horat.
1668 2330 1781 2380 epist.
1806 2329 1827 2368 I

299 2391 370 2439 12,
405 2391 471 2428 21.
538 2389 598 2428 De
634 2390 844 2428 uerborum
888 2390 1146 2429 collocatione
1183 2390 1274 2428 uide
1312 2389 1363 2429 ad
1398 2390 1467 2429 lib.
1498 2389 1628 2428 XXIX
1658 2403 1695 2428 u.
1729 2389 1826 2428 825.

297 2448 478 2488 Senarios
510 2449 698 2501 constitui
722 2462 819 2488 ucum
850 2449 1124 2489 Lachmanno:
1155 2450 1250 2488 uide
1281 2450 1458 2502 prolegg.
1484 2463 1521 2500 p.
1543 2447 1641 2488 CXI.

418 2503 526 2548 771.
558 2509 711 2548 Nonius
736 2523 773 2559 p.
790 2510 887 2559 414,
905 2511 926 2547 7
956 2507 1111 2562 Terga,
1138 2509 1264 2549 dorsa.
1299 2509 1550 2549 ...Lucilius
1568 2509 1637 2548 lib.
1653 2508 1827 2547 XXVIII

298 2565 548 2607 “orationem
582 2599 590 2607 .
619 2600 625 2607 .
655 2592 661 2607 -.
693 2572 803 2617 potes
854 2563 1002 2623 (postes
1050 2569 1254 2609 Leidensis
1297 2583 1347 2608 m.
1383 2572 1425 2608 1:
1473 2571 1583 2618 potes
1631 2568 1827 2607 corrector

295 2628 510 2678 Leidensis,
535 2631 660 2676 potest
690 2624 1041 2682 Guelferbytanus)
1080 2630 1185 2668 salui
1221 2624 1340 2683 (solui
1370 2629 1508 2668 Iunius
1540 2630 1580 2667 et
1609 2621 1826 2682 Mercerus)

297 2687 387 2725 dum
420 2688 531 2726 saluo
563 2683 692 2741 (saluo
722 2689 765 2726 in
795 2688 827 2726 L
853 2702 904 2727 m.
927 2690 950 2727 2
973 2682 1025 2742 G)
1055 2690 1168 2740 tergo
1201 2690 1241 2727 et
1265 2684 1320 2742 (et
1342 2691 1386 2728 im.
1412 2684 1464 2743 G)
1490 2689 1646 2739 tergino
1671 2683 1824 2726 licet''.'

223 2794 228 2798 Δ
296 2746 498 2786 Leidensis
530 2747 674 2786 codicis
705 2748 862 2787 bonitas
894 2750 1015 2787 etiam
1045 2749 1118 2787 hoc
1149 2749 1236 2788 loco
1269 2750 1329 2788 est
1359 2747 1581 2799 conspicua.
1636 2746 1827 2786 Plautina

296 2807 464 2845 lectione
495 2807 670 2845 imbutus
701 2808 796 2846 haec
829 2809 988 2859 scripsit
1013 2810 1147 2858 poeta:
1179 2808 1309 2847 Plaut.
1335 2808 1504 2847 Mostell.
1533 2807 1588 2846 60
1618 2803 1825 2846 ‘orationis

298 2879 457 2915 operam
495 2867 702 2917 compendi
739 2868 840 2918 face,
885 2869 963 2907 nisi
1004 2870 1045 2907 te
1082 2868 1189 2907 mala
1231 2881 1273 2907 re
1309 2880 1457 2919 magna
1492 2867 1661 2906 mactari
1698 2861 1823 2916 cupis'

297 2926 414 2964 Poen.
448 2926 530 2964 351
567 2923 616 2964 ‘si
653 2928 802 2977 sapias,
840 2940 974 2966 curam
1011 2928 1114 2967 hanc
1150 2928 1279 2966 facere
1317 2925 1523 2978 compendi
1558 2922 1686 2976 potes'
1727 2937 1825 2976 quos

298 2985 402 3023 locos
430 2986 567 3023 attulit
592 2985 822 3026 Gerlachius
847 2988 890 3026 in
915 2987 1189 3026 adnotatione:
1216 2987 1310 3026 conf
1329 2986 1476 3026 Pacuu.
1499 2985 1582 3024 175
1600 2985 1635 3023 R
1662 2982 1825 3024 ‘lamen-
1852 3009 1861 3015 ,
