2060 3444
812 283 881 320 vn
904 296 941 320 11.
968 287 1169 320 278-279.
1699 285 1786 328 105

357 393 467 439 278.
499 398 656 438 Νο111113
688 412 725 449 p.
756 400 822 449 19,
852 399 906 437 24
941 394 1193 437 ‘Euannetur
1217 397 1369 438 dictum
1395 400 1456 438 est
1481 400 1699 439 uentiletur
1724 401 1788 439 uel

237 459 462 509 moueatur,
505 472 530 498 a
569 471 706 497 uannu
749 460 791 498 in
836 472 917 510 qua
958 459 1163 510 legumina
1207 459 1465 499 uentilautur.
1540 459 1785 511 Pomponius

236 519 505 560 Pannuceatis
544 516 671 558 “Dixi
709 533 783 571 ego
820 518 922 559 illud
959 520 1158 558 futurum:
1195 520 1238 558 in
1275 520 1407 570 prima
1444 521 1567 560 ualua
1605 522 1683 571 est,
1720 521 1788 560 uix

234 579 373 619 haeret
409 580 540 619 miser.
610 579 862 630 Euannetur,
901 581 942 619 et
977 593 1067 619 mea
1104 580 1214 620 ocius
1253 593 1374 631 opera
1412 582 1459 620 ut
1498 580 1571 620 fiat
1611 578 1785 622 fecero’'.

235 639 413 680 Lucilius
445 642 674 691 satyrarum
708 640 776 680 lib.
802 641 882 680 VH
921 637 1057 680 “hunc
1094 640 1244 681 molere
1276 642 1347 680 illa
1379 671 1387 680 .
1416 671 1423 678 .
1453 673 1460 680 .
1493 654 1668 681 uannere
1706 645 1787 682 ium

233 697 359 740 uis”.’
428 700 509 754 Agi
549 701 728 740 uidetur
749 701 797 740 de
834 702 998 751 marito,
1042 700 1111 752 qui
1148 700 1357 741 moechum
1396 703 1436 741 et
1473 714 1636 742 uxorem
1679 703 1787 742 haud

236 761 368 801 inuita
394 775 496 812 quae
521 762 702 813 patiatur
727 761 989 813 deprehendit
1013 758 1056 801 ἐν
1081 759 1181 817 ἔργῳ
1207 761 1553 813 supplendumque
1579 764 1657 802 erit
1674 765 1785 803 uidit.

234 821 383 861 Molere
421 816 600 876 (Petron.
628 823 682 861 23
713 822 860 862 Α11301ι.
887 836 924 872 p.
953 822 1058 872 341,
1087 822 1161 872 79,
1190 824 1213 861 7
1234 821 1346 873 Peip.
1385 823 1606 873 permolere
1643 823 1784 863 Horat.

235 894 348 922 serm.
374 882 396 922 1
423 885 461 933 2,
489 877 565 936 35)
597 883 644 922 ut
675 883 837 922 Theocr.
862 882 922 922 IV
950 882 1004 922 58
1044 881 1195 934 μύλλειε
1234 882 1282 922 de
1320 882 1442 922 uerbo
1479 895 1658 923 minnere
1694 885 1791 924 conf

235 942 303 981 lib.
329 942 388 982 IX
412 957 449 982 11.
479 944 576 994 330.

357 998 468 1044 279.
500 999 655 1043 Nonius
686 1017 725 1054 p.
753 1005 852 1053 398,
879 1004 931 1043 31
970 1000 1167 1042 ‘Samium
1201 1016 1360 1043 rursum
1392 1005 1573 1054 acutum,
1609 1004 1714 1044 unde
1747 1007 1787 1045 et

235 1065 405 1104 samiare
443 1063 610 1103 dicimus
650 1077 808 1114 acuere,
845 1063 951 1115 quod
982 1064 1025 1102 in
1058 1063 1177 1103 Samo
1209 1064 1284 1103 hoc
1321 1077 1446 1116 genus
1483 1066 1584 1104 artis
1621 1066 1784 1115 polleat.

233 1124 413 1164 Lucilius
451 1126 679 1175 satyrarum
715 1124 783 1163 lib.
809 1124 890 1164 VH
930 1121 1065 1164 “hanc
1091 1155 1099 1163 .
1121 1155 1129 1163 .
1152 1156 1158 1163 .
1179 1137 1256 1174 pro
1295 1126 1370 1164 cele
1409 1126 1492 1165 eius
1518 1157 1526 1163 .
1550 1156 1558 1164 .
1581 1157 1587 1163 .
1615 1127 1785 1165 samiam

234 1185 290 1224 ibi
319 1197 375 1224 an
405 1197 484 1224 uno
516 1186 587 1224 telo
617 1184 751 1235 inquit
777 1216 785 1224 .
807 1216 814 1223 .
837 1218 844 1226 .
872 1181 1051 1225 ambo''.’
1110 1184 1262 1225 Gellius
1287 1185 1346 1224 IV
1375 1187 1442 1236 16,
1470 1187 1494 1225 6
1531 1183 1675 1226 ‘Sicuti
1706 1187 1784 1226 Lu-

233 1244 350 1284 cilius
381 1246 424 1284 in
456 1245 594 1285 eodem
625 1258 720 1285 casu
751 1245 862 1285 uictu
895 1246 935 1285 et
965 1258 1045 1284 anu
1077 1245 1192 1296 dicit,
1223 1258 1303 1285 non
1334 1245 1463 1285 uictui
1493 1260 1566 1287 nec
1597 1247 1711 1297 anui,
1742 1248 1784 1286 in

233 1305 341 1345 hisce
377 1305 559 1346 uersibus
600 1302 738 1356 “quod
766 1337 773 1344 .
803 1338 810 1345 .
839 1338 846 1345 .
878 1302 1079 1346 honesto”
1119 1301 1277 1360 (incert.
1303 1320 1340 1345 u.
1372 1301 1507 1360 1288)
1546 1308 1587 1346 et
1624 1308 1704 1347 alio
1742 1308 1784 1347 in

233 1366 322 1405 loco
355 1362 468 1405 “anu
498 1379 621 1406 noceo
663 1363 858 1418 inquit’'.'
924 1366 1076 1406 Gellius
1115 1380 1217 1418 quae
1255 1367 1379 1406 uerba
1416 1381 1436 1406 e
1473 1367 1631 1408 Lucilio
1669 1369 1786 1408 affert

233 1439 281 1466 ea
320 1427 362 1465 in
399 1426 548 1466 Lucilii
572 1441 610 1465 u.
639 1427 725 1467 280
768 1428 936 1479 agnouit
974 1427 1118 1466 Munro
1155 1427 1288 1467 Iourn.
1322 1428 1368 1468 of
1394 1427 1534 1479 philol.
1560 1428 1640 1467 VH
1669 1430 1782 1468 1877

233 1501 271 1538 p.
299 1487 396 1527 295.
423 1509 482 1514 ——
506 1487 622 1526 Hanc
652 1488 722 1527 ubi
753 1488 843 1527 uult
873 1488 977 1527 male
1009 1484 1175 1541 habere]
1207 1501 1287 1528 non
1320 1490 1380 1528 est
1412 1489 1664 1529 accusatiuus
1694 1503 1784 1528 cum

234 1547 454 1597 infinitiuo,
492 1548 560 1587 sed
590 1548 692 1587 hanc
724 1549 922 1588 obiectum
953 1548 1101 1599 pendet
1132 1549 1236 1588 sicut
1267 1549 1318 1588 ab
1348 1550 1485 1589 ulcisci
1515 1549 1637 1589 uerbo
1668 1550 1729 1588 ita
1760 1563 1785 1589 a

232 1608 336 1647 male
365 1608 527 1655 halma,-
563 1609 666 1647 male
701 1609 843 1648 habere
880 1610 1049 1658 aliquem
1085 1608 1193 1648 idem
1230 1609 1312 1648 fere
1351 1610 1412 1648 est
1449 1609 1556 1660 quod
1593 1611 1785 1660 castiyare

233 1668 403 1716 alic—mem
450 1669 516 1707 uel
564 1680 710 1708 ueoea-re
762 1670 942 1717 aliquem.
1021 1668 1174 1708 Eodem
1229 1668 1347 1709 modo
1405 1669 1515 1709 Simo
1571 1670 1783 1710 Plautinus

233 1727 403 1767 Mostell.
433 1729 517 1768 708
556 1728 603 1767 (10
641 1741 762 1768 uxore
800 1742 880 1768 anu
919 1726 1055 1779 ‘atque
1093 1730 1162 1780 pol
1199 1730 1331 1769 nescio
1370 1731 1416 1769 ut
1458 1730 1635 1770 moribus
1679 1731 1784 1771 sient

234 1789 413 1837 uostrae3
443 1788 541 1828 haec
568 1790 632 1828 sat
656 1789 737 1828 3010
764 1802 885 1839 quam
909 1802 973 1828 me
998 1789 1147 1829 habeat
1170 1786 1305 1840 male’,
1333 1790 1403 1829 ubi
1427 1789 1641 1831 Lorenzius
1669 1791 1785 1831 affert

233 1848 433 1887 Menaech.
464 1849 560 1888 569.
583 1871 638 1876 —
658 1862 731 1899 pro
763 1849 909 1889 scelere
942 1845 1046 1902 eius]
1073 1850 1199 1889 scelus
1225 1850 1334 1901 quod
1359 1851 1505 1890 mulier
1529 1853 1784 1891 commiserat

233 1909 356 1948 fuisse
387 1908 548 1948 uidetur
579 1909 823 1949 adulterium
847 1924 884 1949 u.
914 1911 998 1949 278
1039 1910 1294 1962 descriptum.
1321 1932 1379 1938 —
1405 1912 1552 1951 testam
1585 1909 1782 1965 Samiam]

234 1968 372 2008 Samia
411 1981 510 2009 uasa
554 1970 731 2020 supellex
774 1971 868 2010 uilis
906 1972 947 2010 et
984 1971 1212 2021 contempta
1251 1972 1483 2022 saepissime
1519 1974 1782 2012 memoratur:

232 2029 325 2068 uide
350 2028 404 2083 ad
427 2029 493 2068 lib.
521 2030 620 2069 xm
644 2044 683 2069 11.
710 2031 796 2070 445
830 2044 932 2082 quae
958 2031 1239 2071 adnotauimus
1267 2026 1597 2084 (Dragendorfius
1623 2033 1783 2073 Bonner

233 2089 507 2130 Jahrbuecher
526 2088 655 2129 XCVI
677 2091 791 2130 1895
818 2105 855 2142 p.
879 2092 947 2141 30,
969 2086 1026 2146 5).
1073 2091 1151 2131 Sed
1175 2092 1272 2132 haec
1299 2094 1414 2132 curta
1442 2093 1619 2144 supellex
1646 2093 1783 2133 Samia

232 2150 335 2189 nihil
360 2150 411 2189 ad
436 2152 617 2190 nostrum
642 2151 775 2191 locum
802 2164 880 2202 quo
907 2152 1042 2203 agitur
1067 2151 1115 2190 de
1139 2153 1246 2192 testa
1273 2154 1391 2192 acuta
1420 2153 1558 2203 quales
1585 2167 1606 2193 e
1633 2153 1779 2194 Samiis

232 2209 383 2250 fiebant
412 2211 521 2250 uasis
553 2211 691 2250 fractis
722 2213 987 2262 poterantque
1020 2224 1104 2252 esse
1143 2225 1218 2263 pro
1255 2213 1440 2265 cultellis.
1504 2213 1656 2260 Quibus
1694 2216 1782 2254 ute—

232 2270 381 2309 bantur
400 2269 571 2321 Cybelae
586 2271 807 2312 sacerdotes
828 2272 995 2323 Phrygii
1013 2273 1116 2322 ideo,
1137 2272 1242 2323 quod
1264 2273 1406 2325 religio
1426 2275 1607 2313 ueterum
1625 2288 1782 2314 morum

233 2332 353 2369 tenax
384 2332 425 2370 et
455 2332 727 2370 conseruatrix
758 2333 855 2372 ferri
885 2345 1001 2372 usum
1034 2333 1343 2383 aspernabatur,
1380 2346 1460 2374 non
1492 2348 1540 2373 ea
1576 2334 1624 2373 de
1661 2347 1782 2374 causa

234 2403 355 2440 quam
392 2390 547 2430 Plinius
583 2391 754 2432 tradidit
784 2394 866 2432 nat.
892 2393 984 2432 hist.
1011 2392 1160 2432 XXXV
1188 2394 1271 2432 165
1307 2391 1459 2433 ‘Samia
1496 2396 1601 2434 testa
1638 2395 1780 2434 Matris

233 2450 352 2489 deum
389 2451 630 2502 sacerdotes,
674 2454 743 2503 qui
782 2452 891 2492 Galli
928 2455 1142 2502 uocantur,
1186 2454 1424 2494 uirilitatem
1463 2457 1671 2505 amputare
1709 2468 1781 2495 nec

234 2510 354 2550 aliter
390 2511 491 2550 citra
521 2512 739 2562 perniciem
770 2513 822 2552 Μ.
843 2511 979 2552 Caelio
1014 2513 1238 2563 credamus,
1277 2515 1347 2565 qui
1383 2514 1564 2567 linguam
1602 2515 1659 2555 310
1698 2528 1779 2554 am-

232 2571 454 2620 putandam
486 2571 632 2611 obiecit
663 2574 780 2624 graui
809 2573 956 2623 probro
987 2575 1194 2624 tamquam
1226 2575 1267 2613 et
1297 2575 1382 2625 ipse
1413 2575 1496 2614 iam
1526 2576 1624 2615 tunc
1652 2575 1780 2615 eidem

233 2630 401 2670 Vitellio
443 2629 725 2672 malediceret’.
803 2632 882 2672 Sed
925 2633 1031 2684 quod
1074 2634 1193 2674 sicuti
1237 2634 1436 2685 Lucilius,
1475 2635 1536 2674 ita
1578 2635 1779 2675 Martialis

235 2685 316 2743 (III
341 2692 410 2742 81,
438 2692 462 2730 3
497 2691 652 2732 abscisa
683 2694 743 2732 est
775 2706 897 2744 quare
929 2693 1067 2733 Samia
1096 2694 1174 2734 tibi
1198 2695 1379 2734 mentula
1402 2695 1508 2735 testa
1534 2696 1567 2735 si
1592 2696 1669 2735 tibi
1694 2698 1778 2734 tam

234 2751 385 2802 gratus,
415 2751 590 2801 Baetice,
621 2765 774 2793 cunnus
806 2748 939 2808 eratP)
977 2754 1151 2793 testatur
1182 2756 1351 2794 castrari
1383 2754 1520 2794 Samia
1551 2757 1658 2795 testa
1695 2768 1779 2795 esse

235 2811 374 2850 solitos
405 2811 604 2861 homines,
640 2812 715 2852 hoc
746 2826 793 2852 ex
823 2813 897 2853 illa
923 2811 1134 2853 Gallorum
1166 2815 1445 2855 tantummodo
1482 2817 1579 2854 nota
1617 2828 1779 2855 consue-

234 2869 375 2909 tudine
405 2870 542 2910 fictum
574 2883 657 2911 esse
689 2884 713 2911 a
749 2874 879 2923 poetis
918 2873 1108 2924 arbitr0r3
1147 2887 1267 2924 quam
1306 2874 1631 2915 consuetudinem
1667 2888 1778 2915 reue-

234 2943 330 2969 rane
356 2931 482 2970 secuti
507 2932 589 2970 sint
612 2933 795 2972 nonnulli
820 2933 999 2973 homines
1026 2946 1226 2984 quaerere.
1241 2947 1384 2985 operae
1410 2947 1491 2974 non
1514 2937 1575 2975 est
1592 2937 1779 2986 pretium,

237 2990 334 3040 quia
369 3003 519 3031 morem
557 2991 716 3032 nouisse
752 2993 955 3033 castrandi
992 2988 1137 3032 uiriliav
1172 2996 1332 3045 praeter
1370 2994 1506 3035 Gallos
1549 3008 1780 3046 paucorum,

235 3051 394 3104 opinor,
437 3050 644 3093 hominum
680 3054 884 3095 intererat.
956 3053 1070 3093 Adde
1107 3054 1213 3106 quod
1250 3067 1328 3097 non
1369 3056 1498 3100 solum
1537 3055 1674 3096 Samia
1711 3056 1779 3098 sed
