2060 3444
285 253 372 297 380
770 251 899 287 incert.
927 251 1003 287 sed.
1029 263 1065 286 11.
1095 254 1340 287 1198—1199.

286 367 345 405 Ex
374 367 449 405 hoc
480 366 615 404 ordine
648 366 815 415 apparet
846 363 995 415 duplici
1025 376 1096 403 nos
1127 364 1189 402 uti
1222 363 1455 403 traditione:
1492 364 1660 401 alteram
1695 362 1817 401 libra·

284 427 367 465 rius
399 425 557 464 exhibet
587 425 628 462 M
658 425 762 462 unde
795 425 917 463 editio
949 425 1064 462 uetus
1095 423 1225 462 minus
1257 422 1471 474 diligenter
1501 422 1688 471 deducta,
1719 422 1817 460 alte·
1887 442 1889 445 ·

284 499 371 524 ram
397 484 439 534 O,
468 485 574 523 unde
600 485 634 522 B
666 486 802 534 aperte
834 484 990 534 pendet,
1023 483 1092 533 qui
1116 483 1227 521 illius
1253 484 1498 521 correcturas
1523 483 1645 520 falsas
1669 483 1816 520 temere

285 545 547 595 descripserit.
609 544 861 594 Archetypus
891 544 989 582 haec
1022 542 1261 593 praebuerat

402 605 554 643 lactens
587 605 658 653 qui
688 605 791 642 lacte
824 604 956 654 alitur,
988 604 1142 641 lactans
1175 602 1243 652 qui
1272 601 1430 651 decipit.
1479 601 1630 640 lactens
1655 601 1758 639 lacte

405 664 610 702 abundans
641 664 753 702 uelut
782 664 974 702 lactentes
1005 663 1101 701 ficos
1131 661 1309 700 Lucilius
1342 660 1450 711 dicit,
1480 661 1673 700 lactentia

405 723 573 774 coagula
604 735 693 761 cum
723 723 840 761 melle
871 722 955 761 bibi
982 754 989 760 .
1018 752 1025 760 .
1054 753 1061 760 .

285 783 399 822 Vnde
435 784 550 834 patet
586 782 805 821 editionum
841 782 942 820 illud
979 782 1166 820 lactantia
1208 781 1339 819 coacla
1382 791 1465 818 esse
1507 779 1819 829 interpolatoris,

287 856 417 882 errare
455 843 632 881 Dousam
669 842 738 892 qui
775 841 979 892 scripserit
1016 837 1170 896 (incert.
1200 834 1304 893 103)
1344 836 1552 878 ‘lactentia
1595 837 1676 877 Coa
1716 838 1820 878 clam

282 916 378 947 ‚cum
406 902 523 940 melle
549 899 659 940 bibi'.
709 902 879 953 Egregie
906 901 1011 939 enim
1037 901 1184 940 dicitur
1208 900 1389 939 lactentia
1414 900 1574 948 coayula
1601 910 1688 938 cum
1710 899 1821 937 ‘melle

286 963 364 1001 bibi
394 962 462 1000 ubi
493 961 683 1000 lactentia
714 961 910 1012 significet
943 961 1046 999 lacte
1084 960 1232 998 diluta:
1270 959 1364 998 cons
1392 957 1506 997 Ouid.
1532 958 1623 997 fast.
1648 957 1707 996 IV
1734 958 1818 996 545

288 1019 394 1060 ‘Mox
438 1022 575 1072 epulas
619 1022 790 1071 ponunt:
833 1021 1052 1070 liquefacta
1095 1019 1263 1070 coagula
1306 1019 1408 1057 lacte
1451 1018 1654 1067 Pomaque
1698 1018 1739 1056 et
1777 1017 1820 1055 in

287 1082 385 1120 ceris
412 1094 533 1119 aurea
558 1081 678 1119 mella
703 1077 800 1119 suis'
829 1075 1005 1133 (metam.
1025 1079 1124 1118 XIII
1145 1073 1263 1132 830).
1307 1078 1386 1116 Vbi
1411 1077 1629 1127 liquefacta
1653 1077 1820 1128 coagula

285 1141 388 1179 lacte
429 1141 630 1188 dicuntur,
675 1141 769 1189 quia
808 1137 865 1178 ‘in
909 1139 1025 1178 lactis
1069 1139 1168 1177 duos
1209 1137 1370 1189 congios
1414 1137 1567 1176 addunt
1609 1136 1820 1187 coagulum

286 1200 562 1252 magnitudine
600 1197 724 1238 oleae'
765 1193 900 1252 (Varr.
926 1199 962 1237 d.
989 1212 1019 1237 r.
1045 1213 1076 1237 r.
1101 1198 1143 1237 Π
1171 1199 1237 1246 11,
1263 1193 1322 1251 4).
1373 1197 1516 1236 Tibull.
1542 1197 1584 1235 H
1610 1198 1649 1246 3,
1677 1197 1731 1234 14
1765 1192 1822 1235 ‘et

286 1260 448 1298 miscere
480 1272 583 1298 nouo
610 1259 786 1298 docuisse
812 1259 979 1310 coagula
1003 1258 1107 1297 lacte
1132 1258 1283 1296 lacteus
1309 1258 1350 1295 et
1374 1253 1404 1308 †
1429 1256 1575 1295 mixtus
1601 1255 1819 1307 obriguisse

287 1315 445 1369 liquor’.
494 1319 575 1358 Lac
606 1320 787 1357 coactum
817 1331 905 1358 cum
935 1317 1044 1357 melle
1074 1317 1157 1356 bibi
1189 1318 1231 1355 in
1257 1316 1384 1366 epulis
1409 1316 1590 1355 uidemus
1614 1317 1821 1366 praeterea

288 1393 307 1415 e
340 1379 538 1429 colloquio
578 1378 923 1428 Montepessulano
965 1376 1077 1416 GGL
1102 1377 1164 1415 III
1188 1390 1225 1426 p.
1254 1376 1351 1425 658,
1380 1376 1432 1414 18
1474 1372 1641 1414 ‘adferte
1686 1374 1819 1425 siquid

286 1438 459 1487 habetis,
498 1438 709 1476 colostram
747 1450 836 1476 cum
873 1437 990 1475 melle
1028 1438 1068 1475 et
1107 1431 1399 1484 Gelonianum’,
1434 1436 1521 1473 tum
1558 1448 1578 1473 e
1613 1434 1821 1473 Philoxeni

287 1497 433 1553 δείπνῳ
458 1499 532 1548 frg.
562 1499 584 1535 2
613 1511 650 1535 11.
678 1498 731 1536 36
748 1497 891 1547 Bergk.
918 1494 1141 1549 ὁμοσύζυγα
1167 1493 1209 1534 δὲ
1235 1494 1387 1543 ξανθόν
1411 1490 1445 1533 τ’
1474 1492 1707 1544 ἐπεισῆλθεν
1734 1492 1818 1544 μέλι
1843 1496 1853 1499 “

286 1555 351 1595 καὶ
382 1556 480 1609 γάλα
506 1556 735 1607 σύμπακτον
760 1559 882 1606 atque
907 1555 1076 1595 lactaria
1100 1555 1218 1594 melle
1243 1555 1367 1593 solere
1394 1553 1546 1592 condiri
1571 1567 1617 1592 ex
1643 1553 1818 1603 Alciphr.

286 1618 360 1668 frg.
389 1618 428 1665 6,
455 1618 510 1655 10
541 1611 623 1655 εἶτα
659 1615 847 1668 γαλάκτια
884 1615 1061 1666 ποικίλα,
1098 1613 1145 1653 τὰ
1176 1611 1254 1665 ’μὲν
1293 1613 1507 1665 μελίπηκτα
1537 1615 1615 1652 κτλ.
1675 1613 1820 1663 Itaque

287 1678 505 1715 rectissime
537 1677 718 1715 lactentia
749 1675 911 1725 coayala
942 1687 1029 1714 cum
1068 1675 1177 1713 melle
1214 1675 1292 1713 bibi
1330 1673 1434 1724 apud
1467 1671 1650 1723 Caprum.
1712 1671 1820 1718 Quae

288 1738 423 1774 tamen
467 1735 588 1774 uerba
625 1736 667 1773 in
705 1737 876 1774 metrum
918 1734 1047 1786 redigi
1089 1734 1199 1772 1111110
1242 1733 1359 1772 1110ᾶο
1401 1733 1568 1783 possunt
1609 1745 1735 1782 neque
1778 1732 1821 1770 in

289 1795 529 1845 dactylicum
566 1808 693 1845 neque
730 1795 772 1833 in
812 1794 1046 1843 iambicum,
1089 1807 1216 1844 neque
1251 1793 1398 1832 Lucilii
1439 1792 1562 1830 uerba
1605 1792 1737 1830 soluta
1778 1792 1820 1829 in

287 1855 509 1905 pedestrem
535 1854 755 1893 orationem
781 1855 1086 1905 grammaticum
1105 1853 1306 1892 rettulisse
1326 1851 1530 1903 probabile
1551 1853 1627 1890 est:
1654 1851 1821 1901 denique

287 1915 402 1953 stilus
428 1914 579 1953 indicat
605 1915 836 1963 scriptorem
861 1914 1120 1964 posteriorem
1146 1914 1277 1951 aetate
1297 1911 1517 1959 Lucssiana,
1542 1924 1635 1949 nam
1659 1912 1821 1960 coayula

288 1974 453 2012 uerbum
484 1985 563 2012 non
593 1973 711 2012 uideo
737 1974 974 2022 usurpatum
999 1974 1091 2011 ante
1116 1972 1347 2011 Varronem.
1397 1970 1454 2008 At
1477 1971 1601 2009 uerba
1628 1967 1821 2009 ‘lactentes

287 2030 394 2081 ficos'
422 2055 480 2059 —
505 2032 610 2071 unde
646 2032 688 2070 M
725 2033 902 2071 lactentes
940 2033 1056 2079 ficus,
1095 2030 1123 2070 O
1163 2030 1231 2080 qui
1267 2043 1338 2081 pro
1377 2031 1520 2068 lactens
1564 2030 1689 2068 altero
1733 2030 1820 2068 1000

287 2093 422 2142 posuit
453 2093 608 2137 lacteus,
635 2092 739 2141 quod
765 2092 956 2142 scriptum
983 2093 1089 2130 recte
1115 2092 1201 2129 erat
1226 2091 1404 2129 lactentes
1428 2091 1521 2137 ficos
1545 2089 1676 2128 uoluit
1701 2089 1819 2128 corri-

289 2165 380 2202 gere
410 2153 453 2190 in
484 2152 625 2190 lacteas
655 2153 755 2199 ficus
786 2151 1053 2201 superscripto
1086 2164 1110 2189 a
1142 2152 1181 2188 et
1211 2164 1249 2199 11,
1284 2149 1386 2187 1111ᾶο
1417 2149 1451 2187 Β
1483 2149 1687 2187 lactenteas
1722 2150 1820 2196 ficus

293 2233 342 2237 -—
371 2212 450 2250 ista
480 2210 602 2249 uerba
633 2211 720 2250 dico
752 2210 908 2262 egregie
934 2210 1087 2248 Lucilio
1119 2209 1259 2248 tribui:
1290 2222 1383 2247 nam
1415 2203 1613 2258 quadrant
1636 2209 1680 2246 in
1705 2207 1818 2246 semi-

288 2270 513 2320 quinariam
543 2271 763 2309 hexametri
793 2272 833 2309 et
863 2271 929 2318 fici
958 2282 1030 2320 pro
1061 2271 1159 2321 ficus
1184 2270 1313 2308 forma
1337 2268 1545 2307 Luciliana
1570 2268 1631 2307 est
1657 2280 1735 2318 qua
1759 2269 1821 2306 ter

287 2331 424 2370 utitur.
476 2329 618 2368 Statue
642 2331 768 2380 igitur
791 2329 833 2367 in
859 2329 931 2368 cod
956 2329 997 2367 M
1022 2329 1188 2368 uerbum
1213 2342 1336 2366 unum
1368 2329 1569 2366 auctorem
1594 2326 1820 2378 significans

289 2389 478 2428 excidisse
511 2391 582 2428 aut
611 2389 745 2439 plura:
776 2390 819 2427 in
850 2389 950 2428 codd
981 2387 1046 2427 CB
1077 2401 1215 2427 reuera
1246 2387 1368 2426 uerba
1393 2387 1464 2426 sub
1488 2386 1608 2425 finem
1632 2386 1820 2425 mutilata

289 2451 398 2498 sunt,
437 2449 546 2488 deest
577 2450 682 2487 enim
714 2450 807 2500 bibi,
845 2448 952 2499 quod
982 2448 1025 2487 in
1056 2448 1273 2498 archetypo
1304 2447 1463 2485 litterae
1494 2447 1575 2485 fere
1606 2447 1818 2496 perierant.

410 2503 550 2548 1199.
582 2508 764 2547 Donatus
790 2508 841 2547 ad
866 2508 1043 2547 Terentii
1066 2507 1346 2546 Phormionem
1369 2506 1390 2544 I
1417 2507 1454 2555 2,
1482 2507 1506 2544 2
1538 2501 1712 2556 τ11001110,
1737 2518 1819 2543 em:

287 2569 435 2606 lectum
472 2569 548 2617 est,
586 2569 794 2607 conueniet
831 2579 1036 2616 numeruS‚
1074 2568 1272 2616 quantum
1309 2562 1445 2616 debui]
1478 2565 1689 2604 Absolute:
1726 2577 1819 2603 nam

287 2640 366 2666 non
404 2628 502 2666 dicit
540 2627 653 2677 quid,
696 2629 830 2665 utrum
868 2627 1043 2666 debitum
1082 2639 1132 2664 an
1170 2627 1380 2677 argentum
1416 2626 1573 2663 lectum.
1641 2624 1819 2663 Lucilius

288 2683 414 2726 “lecti
464 2699 616 2735 omnes,
659 2687 823 2726 Atticon
871 2687 946 2725 hoc
995 2683 1114 2725 est’'.'
1191 2682 1443 2735 Golloquium
1491 2684 1651 2723 uidetur
1697 2683 1818 2722 fuisse

288 2746 462 2795 positum
492 2747 534 2784 in
571 2746 739 2796 palliata
777 2747 889 2785 cuius
927 2747 1205 2797 argumentum
1240 2744 1417 2783 Lucilius
1455 2744 1677 2782 enarrarat:
1714 2755 1817 2782 com-

241 2802 247 2806 ’
287 2807 405 2854 parat
428 2805 565 2844 Dousa
582 2805 714 2844 Plaut.
736 2805 915 2844 Pseudol.
939 2806 1050 2844 1149
1079 2801 1247 2854 ‘accipez
1266 2804 1331 2842 hic
1350 2805 1443 2842 sunt
1462 2804 1637 2853 quinque
1663 2803 1819 2854 argenti

287 2865 414 2903 lectae
452 2867 682 2903 numeratae
719 2862 880 2913 minae’‚
922 2865 1087 2915 propius
1131 2863 1283 2903 accedit
1319 2862 1504 2902 Bacchid.
1532 2863 1616 2901 974
1659 2862 1730 2900 ubi
1770 2861 1817 2900 de

288 2925 459 2962 nummis
489 2925 645 2963 iocatur
675 2937 812 2963 seruus
846 2921 1173 2975 ‘quadringentos
1204 2923 1306 2962 filios
1337 2922 1458 2961 habet
1488 2923 1608 2972 atque
1635 2920 1817 2972 equidem

290 2984 415 3025 omnis
452 2984 573 3025 lectos
617 2985 701 3023 sine
743 2981 915 3036 probro'.
985 2983 1151 3024 Atticon
1191 2983 1266 3023 hoc
1309 2984 1385 3032 est,
1427 2982 1469 3021 id
1513 2983 1573 3020 est
1615 2978 1817 3034 ἀργύριον,
