2060 3444
289 263 375 306 378
777 261 908 297 incert.
935 260 1012 296 sed.
1037 272 1073 296 u.
1102 263 1347 296 1193-1195.

289 377 425 416 adsere
461 372 631 414 nostras'
666 375 843 425 Ptopert.
870 373 932 412 ΠΙ
960 376 1026 423 11,
1055 375 1076 412 1
1119 370 1231 423 ‘quid
1267 373 1413 411 mirare
1449 385 1580 411 meam
1617 372 1653 411 si
1691 372 1826 411 uersat

287 437 436 475 femina
467 436 596 474 uitam
627 436 668 473 et
697 433 824 474 trahit
855 433 1059 472 addictum
1091 433 1162 472 sub
1195 445 1267 472 sua
1296 433 1387 471 iura
1424 429 1582 471 uirum'.
1644 431 1825 471 Meretri-
1873 431 1875 433 ’

290 509 379 535 811111
424 496 595 534 musicas
642 495 747 533 artes
801 493 998 533 extollunt
1041 494 1160 545 poeta
1207 492 1256 530 A.
1288 492 1373 531 Pal.
1404 492 1442 530 V
1475 493 1571 531 130.
1613 493 1694 531 137
1717 503 1825 542 seqq.

288 556 335 594 A.
355 555 467 593 Plan.
494 554 552 592 IV
579 555 676 593 277.
705 554 788 592 278
816 553 993 604 Alciphr.
1019 553 1040 592 Ι
1069 553 1135 602 18,
1163 554 1186 591 2
1221 549 1323 603 ὁμοῦ
1353 549 1427 604 γὰρ
1458 556 1505 606 τῇ
1533 549 1616 605 ὥρᾳ
1641 555 1711 603 τῆς
1735 563 1824 590 παι-

289 615 429 666 δίσκης
454 609 607 670 ᾑρέθης
631 611 698 653 καὶ
723 616 804 661 τοῖς
829 612 1036 666 κρούμασι.
1079 613 1139 651 De
1164 611 1387 652 soloecismi
1411 623 1553 663 genere
1575 610 1667 650 uide
1685 612 1824 650 incert.

289 689 326 713 11.
358 675 469 713 1216
504 676 545 712 81
574 673 692 712 indic.
719 686 885 725 gramm.
913 685 941 711 s.
967 687 1005 711 u.
1025 673 1201 722 plebeius
1229 683 1365 711 sermo.

412 729 553 774 1194.
593 733 740 772 Paulus
776 747 814 783 p.
843 734 941 782 256,
969 734 1020 771 11
1063 729 1349 782 ‘Querqueram
1388 730 1578 782 frigidam
1615 743 1704 769 cum
1745 731 1824 770 ‘tu-e-

289 807 398 833 more
429 806 452 832 a
480 793 629 832 Graeco
661 791 838 845 κάρκαρα
869 794 1020 832 certum
1052 794 1111 832 est
1142 792 1232 841 dici,
1263 790 1366 829 unde
1398 792 1439 830 et
1463 803 1606 830 carcer.
1647 789 1825 830 Lucilius

291 851 478 892 “iactans
510 884 517 891 .
552 884 559 891 .
594 883 601 891 .
634 849 901 903 querquera”.
969 854 1009 891 et
1051 851 1149 890 alibi
1194 848 1450 901 “querquera
1482 882 1490 889 .
1523 880 1532 888 .
1568 881 1576 889 .
1608 846 1823 889 dolores''.'

267 914 429 953 -Festus
455 927 492 963 p.
521 914 618 962 257,
646 914 699 951 33
734 909 759 951 ‘.
782 944 789 951 .
811 943 819 951 .
847 909 1032 952 “iactans
1063 925 1125 951 me
1162 912 1208 950 ut
1244 910 1308 949 feb
1559 907 1611 948 r''
1651 911 1692 948 et
1728 909 1826 949 alibi

291 970 498 1023 “querque
627 969 792 1010 jffl'ffi’
867 971 1090 1011 Secundum
1135 971 1314 1010 ordinem
1355 969 1548 1009 librorum
1591 970 1626 1008 si
1661 969 1825 1009 Verrius

290 1045 428 1072 uersus
454 1031 601 1071 Lucilii
625 1032 830 1081 attulerat,
860 1033 1057 1082 posterius
1086 1031 1353 1083 fragmentum
1379 1031 1413 1069 si
1438 1029 1643 1080 aptissime
1667 1029 1770 1068 libro
1789 1029 1826 1066 V

291 1089 406 1146 (conf
427 1092 476 1131 ad
501 1093 637 1131 incert.
665 1106 702 1130 u.
726 1085 861 1146 1277)
885 1092 1120 1140 tribuemus,
1144 1091 1254 1141 prius
1281 1103 1359 1140 quo
1385 1090 1433 1128 de
1459 1102 1499 1129 se
1524 1089 1611 1139 ipso
1636 1089 1827 1139 loquatur

290 1154 411 1203 poeta
435 1152 690 1190 tribuendum
715 1152 874 1190 uidetur
898 1151 1000 1191 libro
1019 1151 1099 1190 111:
1124 1151 1294 1190 iactauit
1318 1150 1519 1189 hominem
1544 1152 1669 1188 terror
1686 1148 1828 1199 opinor

290 1214 336 1250 ut
366 1211 488 1251 febris
520 1211 677 1262 frigida.

413 1266 553 1312 1195.
586 1271 726 1310 Festus
757 1284 795 1321 p.
823 1271 921 1320 360,
948 1271 1004 1310 20
1030 1272 1070 1309 et
1094 1269 1242 1309 Paulus
1268 1283 1306 1320 p.
1335 1270 1433 1319 361,
1461 1269 1484 1308 5
1513 1265 1654 1307 ‘Tama
1679 1268 1827 1307 dicitur

291 1345 381 1370 cum
418 1331 553 1370 labore
590 1332 680 1369 uiae
718 1331 881 1382 sanguis
917 1332 960 1369 in
997 1343 1113 1369 crura
1150 1329 1351 1369 descendit
1395 1330 1435 1367 et
1477 1330 1673 1367 tumorem
1715 1328 1824 1368 facit.

293 1391 470 1430 Lucilius
516 1388 696 1442 “inguen
738 1404 787 1429 ne
831 1391 993 1440 existat,
1035 1390 1224 1440 papulae,
1266 1391 1394 1438 tama,
1442 1402 1491 1427 ne
1534 1388 1611 1427 boa
1651 1384 1825 1427 noxit''.'

294 1451 419 1490 Tama
444 1449 546 1497 ἅπαξ
573 1448 798 1501 εἰρημένους
830 1450 1200 1500 interpretationem
1226 1450 1364 1488 auctor
1387 1448 1520 1487 Verrii
1545 1448 1690 1498 petisse
1715 1447 1826 1486 uide-

290 1512 357 1549 tur
387 1523 433 1549 ex
464 1523 581 1549 uersu
606 1509 761 1549 Lucilii.
812 1510 989 1548 Eandem
1022 1509 1164 1548 attulit
1193 1502 1356 1548 Verrius
1388 1508 1439 1547 ad
1470 1520 1608 1547 uocem
1641 1508 1714 1546 boa
1741 1508 1825 1546 siue

291 1571 393 1609 boua
423 1572 525 1609 teste
558 1569 682 1608 Paulo
713 1583 750 1620 p.
779 1570 847 1618 30,
876 1571 928 1608 13
963 1566 1083 1608 ‘boua
1115 1581 1273 1619 serpens
1305 1570 1364 1607 est
1396 1568 1586 1618 aquatilis
1613 1597 1620 1605 .
1643 1598 1650 1605 .
1672 1597 1679 1605 .
1704 1580 1728 1606 a
1747 1580 1826 1618 qua

290 1630 362 1668 icti
399 1630 694 1680 obturgescunt.
759 1628 924 1668 Crurum
962 1642 1121 1679 quoque
1157 1630 1290 1668 tumor
1326 1629 1416 1667 uiae
1459 1627 1594 1666 labore
1638 1627 1826 1666 collectus

290 1690 395 1728 boua
421 1687 663 1740 appellatur'
690 1702 818 1739 neque
843 1690 961 1728 aliter
985 1689 1270 1740 interpretatus
1296 1689 1383 1726 erat
1406 1688 1566 1735 flemina
1587 1686 1826 1726 uocabulum

292 1752 393 1788 teste
418 1749 543 1788 Paulo
575 1763 612 1799 p.
641 1750 709 1798 89,
736 1750 760 1788 8
789 1745 964 1788 ‘flemina
989 1749 1174 1787 dicuntur
1199 1760 1288 1786 cum
1315 1760 1362 1786 ex
1386 1747 1522 1786 labore
1547 1747 1638 1785 uiae
1665 1747 1827 1798 sanguis

292 1809 430 1848 defluit
461 1809 565 1848 eirca
595 1806 727 1848 talos'.
789 1809 849 1847 De
880 1809 1016 1847 labore
1048 1810 1137 1847 uiae
1170 1821 1259 1846 oum
1289 1806 1558 1846 intellexerint
1588 1807 1826 1856 interpretes

291 1871 446 1908 ueteres
471 1869 576 1907 hunc
604 1882 773 1917 uersum,
799 1868 901 1907 libro
926 1868 988 1907 [Π
1013 1868 1156 1907 tribuit
1180 1867 1370 1906 Loeweus
1396 1867 1514 1919 gloss.
1539 1879 1642 1905 nom.
1670 1879 1706 1916 p.
1730 1867 1827 1905 230.

293 1928 370 1967 Sed
400 1930 442 1966 in
473 1928 574 1967 libro
599 1928 662 1966 III
692 1940 772 1966 non
803 1928 969 1978 pedibus
1001 1927 1235 1975 ambulasse,
1267 1927 1335 1966 sed
1367 1926 1570 1964 cantherio
1602 1938 1719 1964 usum
1743 1938 1826 1965 esse

291 1990 451 2038 poetam
488 1988 670 2038 apertum
707 1988 784 2026 est:
830 1987 935 2037 quod
973 1987 1007 2025 si
1044 1987 1204 2025 flemina
1242 1986 1293 2024 ad
1330 1985 1613 2024 ambulandum
1648 1985 1828 2035 pedibus,

291 2060 371 2086 non
411 2047 462 2085 ad
505 2048 597 2097 equi
638 2048 845 2086 uecturam
886 2047 1084 2096 pertinere
1125 2047 1276 2085 certum
1319 2046 1380 2084 est
1419 2040 1570 2098 (Plaut.
1597 2044 1713 2094 Epid.
1740 2045 1826 2084 670

294 2104 403 2144 ‘dum
433 2108 473 2145 te
505 2119 665 2156 sequor,
703 2105 940 2145 lassitudine
970 2106 1206 2145 inuaserunt
1235 2105 1378 2144 misero
1409 2105 1451 2143 in
1482 2117 1613 2155 genua
1649 2100 1824 2143 flemina’

292 2166 394 2205 Plin.
419 2167 500 2205 nat.
526 2166 617 2205 hist.
643 2165 777 2204 XXII]
803 2166 857 2204 28
898 2163 1049 2205 ‘eadem
1086 2166 1128 2204 in
1172 2166 1351 2204 iumento
1392 2165 1630 2214 homineque
1666 2163 1827 2203 flemina

292 2227 364 2264 aut
405 2226 639 2277 sanguinem
682 2226 753 2275 qui
795 2238 836 2265 se
880 2226 931 2264 ad
972 2226 1076 2264 talos
1121 2225 1307 2264 deiecerit
1344 2224 1619 2276 circumligata
1661 2218 1828 2277 sanat'),

291 2287 455 2336 propter
479 2285 778 2324 similitudinem
802 2286 1243 2335 interpretamentorum
1263 2286 1385 2323 etiam
1405 2287 1513 2323 tama
1531 2284 1573 2322 et
1591 2284 1665 2323 boa
1690 2282 1826 2322 eodem

292 2346 490 2396 pertinere
520 2345 776 2383 manifestum
808 2347 877 2384 est.
928 2345 1014 2384 Boa
1043 2345 1202 2395 papulis
1232 2344 1464 2383 rubentibus
1497 2344 1693 2383 cruciasse
1717 2342 1826 2382 uide-

292 2407 361 2442 tur
402 2405 446 2442 in
489 2405 631 2443 itinere
682 2404 950 2444 ambulantes:
992 2405 1095 2443 Plin.
1121 2406 1202 2443 nat.
1227 2404 1319 2443 hist.
1346 2403 1477 2442 XXVI
1504 2404 1589 2442 120
1634 2399 1827 2452 ‘inposita

294 2464 416 2502 etiam
459 2464 577 2502 boam
620 2465 781 2513 sanant,
830 2464 872 2502 id
916 2466 976 2504 est
1017 2464 1202 2503 rubentes
1252 2460 1437 2514 papulas'
1476 2462 1608 2501 XXIV
1635 2463 1688 2501 53
1735 2459 1826 2501 ‘boa

293 2525 521 2575 appellatur
556 2523 716 2562 morbus
747 2524 1006 2574 papularum,
1044 2537 1134 2563 cum
1163 2523 1308 2562 rubent
1338 2519 1519 2573 corpora’
1559 2522 1670 2562 cuius
1704 2514 1825 2561 inter-

292 2585 530 2634 pretationis
567 2583 700 2622 indole
738 2596 784 2622 ac
820 2585 966 2622 natura
1005 2584 1123 2623 facile
1166 2584 1377 2634 intellegas
1413 2582 1545 2621 Plinio
1588 2581 1827 2621 uocabulum

292 2657 371 2682 non
402 2643 484 2682 iam
508 2644 630 2682 fuisse
654 2643 853 2681 familiare
878 2656 950 2682 nec
974 2645 1114 2682 notum
1140 2642 1431 2682 consuetudine.
1483 2641 1560 2687 Qui
1584 2640 1720 2680 XXIII
1741 2641 1824 2679 163

294 2703 400 2752 quod
438 2703 536 2742 dicit
574 2700 736 2753 ‘inguen
773 2715 823 2740 ne
860 2703 1101 2742 intumescat
1138 2716 1184 2741 ex
1221 2702 1350 2741 ulcere
1387 2703 1485 2741 satis
1522 2702 1583 2740 est
1625 2701 1826 2740 surculum

230 2798 236 2802 .
292 2764 452 2801 tantum
482 2762 605 2813 myrti
632 2762 776 2801 habere
802 2760 947 2801 secum'
975 2757 1168 2815 (XXVIII
1195 2762 1278 2800 218
1307 2759 1488 2813 ‘inguina
1513 2762 1554 2799 et
1578 2773 1625 2799 ex
1648 2760 1826 2799 ulcerum

294 2835 412 2861 causa
453 2817 775 2875 intumescunt'),
816 2821 923 2860 idem
965 2822 1114 2861 Fronto
1158 2835 1195 2872 p.
1223 2822 1277 2860 89
1292 2821 1331 2859 N
1373 2821 1519 2860 Lucilii
1566 2820 1613 2858 ut
1660 2819 1827 2858 adnotat

293 2882 474 2920 Naberus
510 2894 662 2920 memor
698 2882 856 2932 scripsit
894 2878 1033 2920 ‘etiam
1068 2883 1216 2933 inguen
1254 2894 1300 2919 ex
1335 2881 1467 2919 ulcere
1511 2875 1678 2918 extitit':
1720 2878 1826 2917 idem

294 2941 443 2980 Fronto
488 2941 594 2980 solus
636 2942 904 2991 posteriorum
947 2942 1184 2991 scriptorum
1233 2941 1402 2979 formam
1453 2935 1594 2979 ‘noxit'
1646 2938 1827 2976 adhibuit

294 3014 331 3050 p.
360 3001 412 3039 51
428 3001 467 3038 N
500 2998 564 3039 ‘ne
593 3000 713 3051 piscis
745 3000 880 3051 aliquo
906 2998 1052 3040 noxsit’
1079 2999 1279 3040 Luciliani
1301 3012 1440 3039 uersus
1465 2999 1640 3039 eiusdem
1663 3010 1824 3037 memor.
