2060 3444
852 287 885 323 x
910 299 945 323 u.
974 289 1175 323 sss—ass.
1699 284 1782 327 147

243 402 444 443 adiciatur
479 400 639 454 flagitat
675 414 822 441 sensus.
891 413 1012 451 neque
1049 400 1202 441 codices
1240 399 1455 440 deteriores
1493 399 1600 451 quod
1636 398 1786 440 habent

239 461 521 514 interpolatori
552 461 728 511 debetur,
759 473 808 500 ne
839 463 906 510 qui
938 461 1045 512 quod
1075 460 1268 500 Dziatzko
1301 461 1511 511 proposuit
1541 473 1620 499 non
1651 460 1786 511 potest

234 522 508 562 vcommendari
521 522 806 561 consuetudine
822 522 1014 561 sermonis
1027 520 1166 560 Latini
1179 515 1575 574 (coanleckeisenus
1589 519 1784 572 Philolog.

239 582 281 622 H
309 582 421 622 1847
448 595 487 633 p.
515 576 603 635 68).
665 581 728 621 Ne
765 582 807 620 in
845 581 1006 621 exordio
1043 594 1231 621 uersuum
1268 580 1502 631 plerumque
1539 581 1637 631 poni
1677 579 1785 631 apud

239 642 429 682 Plautum
461 641 630 681 adnotat
653 641 870 681 Lorenzius
896 641 947 681 ad
971 641 1143 681 Mostell.
1173 637 1501 693 75.'÷Magnifice,
1520 641 1545 679 i.
1566 652 1598 679 e.
1626 642 1786 693 μεγαλο-

239 706 398 757 πρεπῶς
442 696 630 757 (Quintil.
655 698 714 741 IV
741 703 786 752 2,
813 702 881 741 61.
909 697 1002 756 62),
1058 701 1178 741 sicuti
1232 700 1349 740 Plato
1406 701 1561 740 conuiu.
1588 713 1626 751 p.
1655 701 1738 739 199
1756 699 1785 738 O

241 760 377 813 ἐπειδὴ
415 760 482 801 καὶ
518 757 637 801 τᾶλλα
673 764 801 810 καλῶς
839 760 905 801 καὶ
942 762 1246 815 μεγαλοπρεπῶς
1283 760 1457 813 διῆλθες.
1519 760 1787 800 Interlocutor

239 822 388 862 Lucilii
418 835 533 862 suam
563 822 703 862 laudat
734 824 878 862 artem:
912 819 983 861 ‘At
1013 818 1116 874 ego’,
1147 822 1292 872 inquit,
1325 818 1509 874 ‘magnus
1540 833 1629 860 sum
1653 822 1786 871 poeta,

240 883 312 933 qui
341 883 458 922 illum
487 883 531 922 in
548 892 652 922 ‘arce
683 882 826 922 bouem
858 882 1049 933 descripsi
1081 878 1320 934 magnifice'.
1371 881 1569 921 Similiter
1591 880 1786 920 Horatius

241 943 289 982 de
323 944 410 982 arte
447 943 590 994 poetic.
620 944 674 982 14
689 955 796 994 seqq.
836 939 1021 993 ‘inceptis
1062 942 1252 994 grauibus
1289 942 1524 993 plerumque
1562 943 1603 980 et
1638 954 1787 994 magna

241 1003 428 1054 professis
469 1015 692 1054 purpureus
735 1003 818 1042 late
862 1004 932 1053 qui
975 1002 1184 1054 splendeat
1226 1015 1329 1050 unus
1373 1004 1414 1042 et
1456 1001 1560 1042 alter
1604 1001 1787 1041 adsuitur

241 1075 409 1114 pannus,
436 1076 526 1102 cum
550 1063 663 1102 lucus
686 1064 726 1102 et
751 1075 822 1102 ara
843 1062 1000 1102 Dianae
1020 1064 1060 1102 et
1078 1063 1332 1114 properantis
1354 1075 1483 1113 aquae
1508 1075 1580 1113 per
1599 1074 1786 1101 amoenos

242 1123 415 1163 ambitus
447 1135 565 1176 agros
596 1125 669 1163 aut
698 1123 847 1163 fiumen
878 1123 1062 1163 Rhenum
1094 1125 1164 1162 aut
1195 1123 1358 1174 pluuius
1390 1122 1629 1163 describitur
1661 1135 1785 1161 arcus.

241 1183 310 1223 sed
339 1196 445 1223 nunc
475 1197 555 1223 non
587 1185 674 1223 erat
703 1183 766 1223 his
797 1180 1142 1223 locus'..ide1n
1168 1184 1252 1222 416
1283 1180 1404 1223 ‘nunc
1429 1184 1527 1222 satis
1555 1184 1615 1223 est
1640 1182 1786 1222 dixisse

243 1240 348 1295 “ego
386 1245 490 1283 mira
526 1245 715 1294 poemata
749 1257 900 1296 pango:
945 1246 1112 1295 occupet
1149 1245 1368 1283 extremum
1409 1240 1593 1284 scabies'’
1629 1275 1636 1282 .
1665 1274 1673 1282 .
1701 1273 1709 1282 .
1741 1244 1788 1281 ut

240 1316 403 1356 praeco,
441 1304 494 1343 ad
523 1305 665 1343 mercis
696 1304 858 1343 turbam
890 1306 960 1355 qui
994 1306 1103 1356 cogit
1140 1304 1325 1343 emendas
1363 1304 1638 1343 adsentatores
1675 1302 1788 1342 iubet

241 1364 294 1403 ad
317 1364 474 1403 lucrum
498 1365 557 1403 ire
582 1366 714 1415 poeta,
746 1365 857 1405 diues
883 1366 1002 1417 agris,
1029 1365 1141 1404 diues
1166 1365 1308 1416 positis
1333 1365 1377 1403 in
1402 1365 1564 1404 faenore
1583 1359 1787 1403 nummis'·

242 1424 334 1463 uide
365 1424 417 1463 ad
447 1425 585 1464 incert.
611 1438 650 1463 ιι.
679 1426 792 1465 1282
808 1438 888 1476 seq.

364 1479 476 1525 389.
507 1485 662 1525 Nonius
687 1499 726 1536 p.
754 1486 852 1535 235,
880 1487 904 1525 2
940 1481 1109 1536 ‘Aptum
1138 1498 1298 1525 rursum
1326 1497 1519 1525 conexum
1543 1486 1585 1524 et
1610 1485 1786 1536 conliga-

242 1546 330 1583 tum
361 1544 572 1596 signifieat.
606 1576 614 1584 .
636 1576 644 1584 .
666 1576 674 1584 .
698 1545 879 1584 Lucilius
912 1548 1141 1596 satyrarum
1171 1545 1275 1584 libro
1300 1546 1337 1584 X
1370 1542 1596 1584 “consellas
1629 1556 1787 1595 quoque

242 1604 389 1644 ualidis
419 1606 463 1643 in
487 1605 649 1645 funibus
675 1599 947 1659 (praeualidis
970 1607 1015 1645 in
1039 1606 1202 1654 funibus
1223 1602 1371 1644 “uetus
1390 1602 1523 1644 liber''
1544 1605 1587 1644 F.
1609 1599 1786 1658 Dousae)

244 1660 421 1715 aptas”.'
483 1664 611 1705 Vetus
641 1666 719 1704 iste
749 1665 852 1704 liber
882 1665 1041 1704 Dousae
1073 1666 1108 1705 si
1137 1667 1244 1704 recte
1275 1666 1345 1705 ille
1380 1665 1551 1704 tradidit
1588 1666 1787 1704 correctus

244 1725 332 1763 erat
362 1736 387 1763 a
418 1725 506 1764 uiro
537 1724 655 1764 docto
688 1725 838 1765 saeculi
867 1727 915 1764 ut
944 1725 1105 1765 uidetur
1131 1725 1214 1765 XV.
1267 1725 1464 1765 Tonsillas
1487 1727 1594 1764 recte
1620 1725 1789 1777 agnouit

243 1784 398 1824 Iunius.
459 1783 710 1824 Vocabulum
747 1786 964 1836 explanant
1000 1785 1140 1826 Isidor.
1176 1787 1275 1838 orig.
1301 1785 1395 1824 XIX
1422 1787 1466 1836 2,
1496 1787 1550 1825 14
1591 1782 1788 1825 ‘Tonsilla

244 1845 412 1884 uncinus
450 1844 601 1884 ferreus
641 1845 707 1884 uel
744 1845 919 1898 ligneus,
963 1845 1014 1885 ad
1051 1858 1170 1897 quem
1212 1846 1255 1885 in
1297 1846 1416 1885 litore
1459 1845 1631 1885 defixum
1674 1846 1788 1885 funes

245 1905 411 1943 nauium
446 1905 668 1957 illigantur.
736 1904 796 1944 De
838 1918 916 1957 quo
954 1902 1123 1945 Ennius’
1171 1901 1324 1959 (annal.
1349 1919 1388 1945 u.
1415 1907 1500 1946 499
1515 1901 1584 1961 V).
1646 1905 1788 1945 Festus

244 1977 283 2015 p.
311 1965 394 2005 356
410 1964 452 2003 M
490 1961 753 2016 ‘<Tonsillam
791 1967 848 2005 ait
891 1963 1000 2017 ess>e
1036 1966 1201 2006 Verrius
1245 1966 1383 2017 palum
1427 1966 1607 2005 dolatum
1639 1987 1697 1993 —-
1732 1987 1787 1992 —

245 2024 409 2075 cuspide
449 2025 742 2075 praeferratum
784 2027 831 2064 ut
874 2022 1130 2078 existi<mat>
1161 2048 1211 2053 —
1240 2026 1386 2078 configi
1427 2028 1471 2065 in
1513 2026 1632 2066 litore
1672 2026 1788 2065 nauis

244 2081 527 2136 re<liqcmdae>
558 2097 689 2125 causa.
745 2085 942 2125 Pacuuius
973 2087 1017 2125 in
1047 2086 1163 2125 Medo
1197 2080 1302 2140 (218
1317 2082 1371 2140 R)
1391 2108 1451 2113 -—
1472 2108 1527 2113 ——-
1547 2083 1721 2138 <Accius
1746 2087 1790 2124 in

244 2141 453 2197 Phi>nidis
485 2141 592 2199 (574
606 2140 680 2199 R):
716 2147 934 2198 utriusque
955 2147 1102 2199 tragici
1132 2159 1269 2186 uersus
1301 2147 1479 2197 corrupti
1517 2148 1620 2186 sunt.
1676 2146 1789 2185 Paul.

245 2204 350 2244 Fest.
376 2218 413 2255 p.
443 2205 585 2244 224M
635 2202 907 2257 ‘Prymnesius
950 2207 1066 2258 palus
1111 2201 1268 2262 (incert.
1306 2220 1342 2246 u.
1386 2202 1520 2256 1371)
1571 2206 1623 2247 ad
1673 2219 1790 2257 quem

247 2265 353 2303 funis
384 2266 569 2304 nauticus
599 2266 807 2318 religatur,
839 2279 957 2318 quem
989 2266 1061 2306 alii
1092 2266 1260 2306 tosillam
1291 2264 1456 2306 dicunt'.
1507 2267 1650 2318 Itaque
1682 2267 1790 2315 funis

246 2325 316 2364 ille
342 2323 489 2364 Graece
521 2325 669 2364 dicitur
699 2326 948 2380 πρυμνήσιος
972 2325 1101 2374 κάλως
1126 2328 1211 2366 siue
1235 2325 1504 2381 πρυμνήσιον,
1536 2340 1615 2378 quo
1640 2328 1788 2377 puppis

248 2384 300 2423 ad
329 2385 478 2423 terram
508 2385 704 2438 religatur
732 2387 836 2425 unde
862 2385 1012 2440 ἐπίγεια
1037 2387 1232 2426 eiusmodi
1255 2387 1443 2426 rudentes
1469 2386 1788 2438 appellabantur.

247 2443 444 2484 Homerus
470 2459 484 2484 ι
513 2446 595 2484 136
617 2443 661 2485 ἐν
692 2443 734 2486 δὲ
766 2445 886 2499 λιμὴν
917 2444 1099 2499 εὔορμος,
1131 2441 1184 2486 ἵν’
1220 2446 1269 2486 οὐ
1300 2445 1397 2499 χρεὼ
1429 2445 1641 2499 πείσματός
1672 2445 1789 2497 ἐστιν,

249 2499 327 2543 οὔτ’
358 2502 478 2552 εὐνὰς
503 2502 658 2557 βαλέειν
683 2503 771 2546 οὔτε
796 2502 1006 2560 πρυμνήσι’
1035 2505 1191 2557 ἀνάψαι
1215 2506 1287 2545 ubi
1309 2507 1402 2546 uide
1426 2508 1581 2546 ueteres
1608 2508 1648 2545 et
1671 2506 1790 2545 huius

249 2565 394 2603 aetatis
424 2564 672 2616 interpretes.
722 2566 903 2606 Tonsilla
933 2579 1028 2606 uero
1059 2567 1175 2618 palus
1207 2568 1269 2606 est
1299 2568 1568 2618 praefer-ratus
1598 2567 1642 2605 ιιι
1672 2566 1790 2604 litore

248 2623 349 2662 fixus
379 2623 449 2663 ubi
485 2624 738 2679 πρυμνήσιον
774 2627 983 2679 alligatur:
1029 2640 1107 2678 quo
1144 2626 1191 2666 fit
1227 2628 1274 2666 ut
1310 2628 1446 2678 quieta
1484 2628 1525 2665 et
1561 2639 1699 2666 secura
1736 2627 1791 2664 sit

249 2684 364 2723 nauis
401 2685 491 2723 tuta
528 2697 552 2724 a
589 2685 774 2725 fluctibus
812 2689 853 2726 et
888 2687 1020 2726 uentis
1058 2681 1115 2741 (u.
1144 2681 1260 2742 390).
1329 2687 1443 2726 Vnde
1481 2686 1693 2737 Euripides
1732 2687 1791 2725 ait

250 2742 352 2782 Med.
381 2744 464 2783 768
498 2739 615 2792 οὗτος
644 2743 718 2799 γὰρ
743 2737 898 2800 ἀνὴρ
873 2763 898 2803 ῃ
925 2742 1072 2798 μάλιστ’
1100 2745 1320 2799 ἐκάμνομεν
1346 2746 1464 2799 λιμὴν
1490 2744 1687 2797 πέφανται
1712 2750 1790 2784 τῶν

251 2801 357 2854 ἐμῶν
412 2803 708 2856 βουλευμάτων
765 2804 808 2845 ἐκ
855 2802 966 2845 τοῦδ’
1024 2804 1310 2858 ἀναψόμεσθαι
1358 2806 1596 2859 πρυμνήτην
1647 2804 1789 2845 κάλων.

251 2862 410 2902 Hercul.
438 2864 525 2902 478
558 2861 611 2911 ὡς
642 2862 864 2917 ἀνημμένοι
894 2864 1022 2923 κάλως
1059 2866 1343 2919 πρυμνησίοισι
1380 2866 1471 2919 βίον
1509 2860 1616 2918 ἔχοιτ’
1657 2864 1790 2905 ευδαί-

253 2937 355 2974 μονα
386 2922 456 2962 AP
482 2923 560 2962 ΧΠ
586 2925 670 2964 159
703 2922 746 2964 ἐν
777 2923 840 2965 σοὶ
870 2923 992 2976 τάμά,
1032 2926 1211 2977 Μυΐσκε,
1248 2926 1340 2979 βίου
1371 2920 1583 2980 πρυμνήσι’
1618 2923 1791 2977 ἀνῆπται

252 2982 390 3033 Polyb.
415 2982 477 3021 ΠΙ
503 2984 572 3033 46,
599 2985 623 3023 3
662 2983 735 3037 την
773 2979 810 3024 δ’
851 2983 929 3025 ἀπὸ
966 2989 1037 3024 τοῦ
1074 2984 1266 3039 ῥεύματος
1308 2984 1482 3038 πλευρὰν
1526 2983 1790 3058 ἠσφαλίζοντο

251 3045 333 3090 τοῖς
370 3040 412 3082 ἐκ
448 3048 518 3095 τῆς
554 3049 628 3097 γῆς
665 3041 851 3098 ἐπιγείοις
887 3043 944 3092 εἰς
988 3043 1035 3084 τὰ
1078 3043 1166 3099 περι
1209 3044 1252 3084 τὸ
1295 3048 1420 3098 χεῖλος
1463 3044 1668 3096 πεφυκότα
1711 3051 1790 3085 τῶν

1435 3112 1503 3147 10*
