2060 3444
202 249 214 258 ⁹
270 261 356 303 218
520 261 621 296 XXII
646 272 681 295 u.
709 264 908 296 583—584.
959 260 1076 296 XXIII
1102 272 1136 296 u.
1164 265 1261 303 585„
1293 261 1395 297 XXV
1419 273 1454 297 u.
1482 265 1562 297 586.

272 376 384 414 1902
411 388 448 425 p.
477 375 558 412 381
576 368 715 426 seqq.).
764 374 911 413 Petilus
942 373 1183 413 adiectiuum
1210 374 1430 414 obsoletum
1455 376 1495 413 et
1523 375 1716 414 rusticum
1739 373 1799 413 in-

270 435 428 473 uenitur
451 435 493 472 in
518 433 653 472 Plauti
680 446 796 472 uersu
822 446 884 483 ap.
904 433 1006 472 Non.
1032 434 1058 472 l.
1084 447 1113 474 s.
1141 436 1181 473 et
1204 449 1241 485 p.
1265 435 1348 474 204
1375 447 1404 474 s.
1423 448 1460 473 u.
1486 436 1651 484 frontem
1676 434 1799 473 allato

269 496 309 532 et
339 493 381 532 in
413 493 598 532 carminis
632 492 797 532 Saliaris
829 494 1053 544 fragmento
1086 494 1191 544 apud
1221 494 1383 533 Festum
1414 508 1452 544 p.
1481 494 1564 534 205
1591 507 1620 533 s.
1645 507 1682 532 u.
1701 495 1800 542 peti-

269 555 349 592 lam
379 565 535 592 suram:
565 565 708 591 nomen
739 552 831 592 inde
863 553 1019 592 duxisse
1049 553 1210 592 uidetur
1239 553 1401 593 Petillia
1432 565 1537 605 gens.

390 607 500 652 584.
538 612 691 652 Nonius
722 626 760 662 p.
789 614 887 662 210,
915 613 968 651 28
1014 609 1201 652 ‘Lauium
1251 614 1382 652 neutri
1431 615 1490 653 est
1538 613 1692 664 generis
1720 643 1727 651 .
1755 643 1763 651 .
1791 643 1798 651 .

269 672 406 711 labeae
438 685 594 711 rursum
627 672 819 711 feminini.
848 704 854 710 .
883 704 889 710 .
919 704 925 711 .
951 672 1129 712 Lucilius
1167 674 1392 724 satyrarum
1424 673 1490 712 lib.
1516 672 1630 711 XXII
1662 669 1799 723 “zopi-

268 733 356 771 rion
382 764 389 770 .
418 764 425 770 .
453 762 461 771 .
488 728 661 771 secus'’.’
726 732 925 782 Zopyrion
956 745 1096 771 nomen
1129 734 1272 771 tritum
1303 745 1524 772 seruorum:
1556 732 1718 771 Lucian.
1752 731 1799 770 de

268 792 433 831 merced.
461 792 571 831 cond.
598 793 651 830 23
678 791 748 830 ΑΡ
768 792 825 830 ΧΙ
845 793 947 830 212:
973 792 1030 830 nil
1056 805 1181 842 neque
1208 792 1259 831 ad
1282 793 1386 831 hunc
1411 805 1450 830 u.
1475 792 1649 842 pertinet
1673 804 1800 842 neque

269 852 320 891 ad
349 851 417 890 lib.
443 852 499 890 IX
524 865 561 890 u.
590 852 672 890 336
714 848 861 902 Zopyri
902 852 1071 891 historia
1109 865 1228 902 quam
1271 852 1451 891 narrauit
1487 851 1713 895 Herodotus
1737 851 1799 890 ΙΠ

271 913 354 951 154
369 924 477 962 seqq.
529 910 776 951 Sententiam
807 923 945 951 uersus
978 913 1107 962 aperit
1130 912 1253 951 Nouii
1283 924 1418 952 uersus
1445 907 1517 965 (51
1533 907 1586 965 R)
1614 908 1799 961 ‘populus

267 972 420 1010 homini
460 971 594 1010 labeas
637 972 781 1023 pugnis
819 967 1008 1011 caedere'.
1078 970 1176 1010 Cum
1213 971 1490 1010 Atellanarum
1533 983 1712 1010 sermone
1754 972 1801 1009 ut

268 1044 385 1082 saepe
417 1032 601 1083 congruit
632 1043 759 1070 sermo
790 1031 1039 1070 Lucilianus:
1071 1031 1138 1070 lib.
1164 1031 1221 1070 IX
1245 1045 1283 1070 u.
1311 1032 1394 1070 336
1431 1031 1579 1082 legitur
1611 1027 1799 1069 ‘rostrum

268 1091 481 1141 labeasque
511 1087 706 1141 percutio’
733 1090 923 1141 Pompon.
953 1092 1036 1130 144
1070 1087 1160 1130 ‘tibi
1186 1104 1277 1130 cum
1302 1091 1509 1130 tunderem
1533 1086 1683 1129 labeas’
1715 1090 1797 1129 158

271 1147 356 1200 ‘qui
387 1150 563 1190 nondum
594 1151 728 1190 labeas
760 1150 892 1190 lirarit
922 1148 1034 1190 mihi'
1066 1151 1147 1190 156
1183 1148 1342 1190 ‘rictum
1370 1152 1410 1190 et
1434 1150 1569 1189 labeas
1594 1162 1683 1188 cum
1709 1161 1799 1188 con'-

268 1207 425 1249 sidero’.
469 1210 611 1260 Itaque
638 1211 836 1261 Zopyrion
868 1223 1003 1250 seruus
1035 1211 1166 1250 nescio
1193 1211 1257 1250 cui
1281 1210 1433 1250 homini
1458 1210 1656 1260 utrimque
1688 1221 1799 1248 secus

270 1271 295 1308 i.
323 1283 353 1309 e.
380 1270 524 1321 pugnis
569 1269 760 1309 ambobus
803 1271 976 1309 rostrum
1016 1270 1161 1309 tundit.
1229 1270 1287 1308 De
1331 1271 1522 1318 utrimque
1558 1280 1666 1308 secus
1709 1267 1803 1307 conf

267 1329 316 1368 H.
331 1329 451 1368 Keilii
471 1331 678 1369 comment.
698 1330 741 1368 in
762 1328 846 1369 Cat.
867 1330 914 1369 de
935 1343 1015 1381 agr.
1036 1330 1128 1369 cult.
1150 1343 1186 1380 p.
1209 1331 1283 1369 48:
1308 1330 1463 1369 Lucret.
1476 1329 1534 1367 IV
1556 1330 1639 1368 939
1661 1324 1798 1379 ‘quare

267 1390 466 1439 utrimque
499 1402 608 1429 secus
641 1402 781 1440 corpus
814 1402 902 1428 cum
933 1386 1125 1440 uapulet'.

932 1667 1136 1723 XXIII.

389 1768 498 1814 585.
530 1773 756 1812 Priscianus
787 1771 855 1811 GL
880 1772 921 1811 H
945 1786 983 1823 p.
1011 1772 1110 1821 506,
1137 1771 1243 1810 24Κ
1276 1768 1441 1810 ‘Lambo
1473 1782 1630 1820 quoque
1661 1768 1796 1809 lambi.

267 1833 445 1873 Lucilius
478 1827 624 1886 (lucius
656 1832 753 1872 codd
776 1845 825 1871 m.
855 1835 892 1877 1,
924 1835 1133 1871 correctum
1156 1844 1205 1870 m.
1232 1826 1280 1885 2)
1312 1831 1352 1869 in
1383 1829 1518 1869 xxm
1546 1824 1797 1883 (Sangallen-

268 1894 320 1932 sis
346 1906 425 1931 non
450 1892 572 1932 habet
602 1893 646 1931 in
672 1886 854 1944 XXIII)
882 1888 1182 1942 “iucundasque
1204 1923 1210 1929 .
1234 1922 1240 1929 .
1263 1922 1270 1929 .
1290 1885 1554 1941 placentas''.'
1607 1889 1799 1928 Statuunt

267 1954 439 2002 turpiter
470 1964 600 1991 errare
632 1952 953 2003 grammaticum:
985 1964 1111 2001 neque
1143 1952 1249 1990 enim
1274 1963 1298 1988 a
1323 1949 1532 1989 lambendo
1558 1949 1626 1989 sed
1651 1961 1674 1988 a
1698 1949 1798 1988 lam-

267 2011 441 2051 berando
473 2013 656 2062 oportere
687 2010 826 2050 deduci
858 2012 1048 2050 lamberat
1076 2012 1124 2049 ut
1155 2010 1285 2049 Plaut.
1312 2009 1451 2048 Pseud.
1481 2007 1503 2047 7
1509 2010 1563 2047 43
1599 2006 1701 2047 ‘meo
1735 2021 1797 2046 me

268 2071 363 2110 ludo
394 2067 606 2110 lamberas’
639 2070 708 2109 ubi
739 2071 834 2110 conf
859 2070 1106 2120 interpretes.
1168 2066 1305 2119 Neque
1336 2070 1470 2107 tamen
1509 2070 1569 2107 est
1606 2067 1711 2118 quod
1749 2067 1796 2106 de

266 2131 655 2181 plusquamperfecto
686 2129 860 2169 dubites:
898 2143 991 2169 nam
1023 2129 1286 2180 descripserat
1315 2129 1436 2179 poeta
1473 2140 1675 2166 seruorum
1711 2128 1797 2165 fata

268 2190 544 2230 defunctorum
574 2189 687 2229 libris
712 2189 1013 2228 XXH—XXV:
1057 2186 1341 2238 ‘iucundasque
1372 2200 1472 2238 puer
1503 2188 1572 2236 qui
1602 2186 1797 2225 lamberat

268 2263 334 2288 ore
373 2250 578 2300 placentas
616 2248 847 2299 nescioquid
890 2262 1029 2288 seruus
1066 2249 1135 2287 ille
1174 2249 1356 2298 peccauit
1398 2243 1541 2286 senex'.
1605 2245 1797 2285 Similiter

266 2309 471 2360 Aristoph.
496 2310 597 2360 Equ.
628 2310 740 2348 1089
772 2307 863 2361 χῶτι
894 2304 930 2361 γ’
966 2306 1008 2348 ἐν
1041 2304 1297 2359 Ἐκβατάνοις
1334 2305 1519 2353 δικάσεις
1540 2305 1677 2358 λείχων
1713 2303 1796 2345 ἐπί-

266 2380 394 2408 παστα
423 2370 559 2408 quen.
585 2369 642 2407 IX
669 2369 693 2407 5
741 2365 826 2407 ‘nos
870 2368 1081 2418 colaphum
1124 2367 1341 2406 incutimus
1384 2365 1575 2404 lambenti
1619 2365 1797 2404 crustula

267 2425 396 2468 seruo’
435 2442 552 2479 quem
588 2429 718 2467 locum
756 2428 926 2467 contulit
962 2428 1169 2466 Bentleius
1207 2427 1258 2466 ad
1294 2426 1389 2464 Hor.
1422 2438 1534 2464 serm.
1559 2425 1601 2463 II
1628 2426 1671 2474 6,
1699 2426 1794 2464 109.

267 2488 402 2527 Etiam
433 2488 533 2528 libro
559 2488 693 2527 xxm
724 2488 772 2527 de
803 2489 927 2527 seruis
959 2489 1093 2526 actum
1125 2487 1246 2526 fuisse
1278 2499 1302 2525 a
1325 2486 1445 2536 poeta
1469 2485 1543 2523 hoc
1567 2484 1654 2535 ipso
1679 2497 1797 2523 uersu

267 2548 313 2586 fit
343 2549 534 2598 apertum.

949 2775 1116 2831 XXV.

387 2876 497 2921 586.
519 2880 721 2920 Charisius
741 2880 808 2920 GL
827 2881 848 2919 I
866 2894 904 2931 p.
927 2881 1024 2929 123,
1044 2879 1118 2918 8K
1137 2875 1297 2917 ‘Arabis
1316 2878 1428 2916 Maro
1449 2872 1565 2931 (Aen.
1578 2876 1657 2916 VH
1677 2870 1795 2929 605),

267 2940 336 2979 ubi
367 2940 521 2980 Plinius
543 2972 550 2978 .
573 2972 579 2978 .
601 2970 610 2979 .
630 2940 726 2991 quid
757 2953 863 2992 ergo,
894 2941 929 2978 si
959 2939 1016 2978 sic
1046 2939 1262 2978 declinauit
1291 2939 1337 2976 ut
1367 2937 1533 2976 Plautus
1563 2937 1606 2974 in
1631 2935 1796 2975 Bacchi·

267 2999 383 3039 dibus
400 3001 450 3039 et
473 3001 513 3039 in
534 3000 710 3039 Poenulo
736 2994 890 3053 (1178)
918 2995 1106 3038 “Arabus
1131 2998 1329 3049 myrrinus
1355 2992 1494 3036 odor’'.
1540 2994 1697 3035 Arabus
1716 2995 1797 3033 Lu·
