2060 3444
92 1179 115 1193 ἱ
93 1149 134 1172 κδ

738 248 867 284 incert.
895 247 971 283 sod.
1000 259 1034 282 u.
1065 251 1311 283 1280—1282.
1716 247 1805 289 405

262 362 460 403 Ciceronis
498 362 745 412 Philippicis.
807 361 1029 400 Masculino
1067 374 1211 412 genere
1251 374 1340 400 cum
1378 363 1573 409 cmfixam
1614 362 1809 401 traditum

259 424 325 472 sit,
349 423 550 462 hominem
575 421 655 460 dici
680 421 868 460 ‹nzwulam
892 422 1076 472 apertum
1103 422 1163 460 est
1187 422 1309 471 inque
1335 422 1410 460 hac
1435 422 1523 472 ipsa
1543 422 1809 474 ambiguitate

259 495 380 534 quam
419 481 554 522 Cicero
590 482 765 520 testatur
800 481 931 520 iocum
971 479 1169 532 Scipionis
1206 482 1320 531 patet
1357 483 1551 521 constare.
1621 483 1810 532 consipere

257 543 416 595 proprie
467 541 616 581 dicitur
665 541 713 580 dc
764 541 925 593 sagittis
974 541 1068 580 inde
1119 553 1142 579 a
1186 540 1322 580 Plauti
1366 542 1500 580 aetate
1544 536 1657 595 (Aul.
1689 537 1808 595 395),

255 602 451 643 translate
501 600 580 641 Oic.
619 600 791 652 Philipp.
823 601 902 640 XH
937 602 980 650 7,
1014 601 1068 640 18
1128 597 1408 640 ‘meminerant
1463 602 1547 640 eius
1597 602 1808 641 sententiis

255 662 452 703 confixum
490 658 740 710 Antonium'3
779 662 973 709 confixum
1009 659 1142 712 facere
1178 662 1225 700 ut
1261 662 1425 700 missum
1463 661 1594 701 facere
1627 662 1707 700 alia
1739 656 1807 715 (de

255 723 399 774 quibus
438 722 533 761 conf
561 721 760 760 Haulerus
799 720 849 759 ad
881 720 1038 760 Terent.
1064 720 1223 760 Phorm.
1252 715 1358 775 559)
1398 722 1580 773 uulgaris
1613 722 1805 762 sermonis

254 785 316 822 est
339 783 564 834 proprium:
591 782 748 820 Terent.
775 780 920 820 Heaut.
948 781 1031 820 341
1062 778 1308 831 ‘ademptum
1330 781 1404 820 tibi
1427 782 1508 820 iam
1530 782 1623 821 faxo
1649 794 1806 821 omnem

254 839 433 882 metum'.
495 841 666 880 Videtur
697 840 832 892 Scipio
877 841 1012 880 ludere
1046 840 1232 889 Decium,
1275 841 1381 891 quod
1425 853 1572 893 magno
1613 841 1727 880 hiatu
1766 844 1806 881 et

253 903 418 942 summis
450 914 544 942 usus
576 901 729 941 uiribus
759 901 802 940 in
834 901 1035 940 hominem
1067 901 1283 951 paruulum
1314 901 1485 953 sagittas
1517 913 1608 941 suas
1636 901 1804 953 derigat,

232 951 373 1002 vsimul
407 963 467 1002 ita
498 961 673 1002 confidat
703 963 789 1001 arte
821 974 893 1001 sua
925 963 965 1000 et
996 961 1122 1000 oculis
1154 962 1200 1000 ut
1230 962 1296 1000 uel
1327 962 1515 1000 nuculam
1541 961 1737 1014 configere
1763 975 1804 1001 se

250 1035 364 1073 posse
414 1022 551 1063 credat
598 1022 725 1062 hastis
775 1021 858 1060 suis
907 1022 1094 1062 oratoriis
1140 1034 1242 1072 quae
1286 1022 1560 1072 appellantur:
1611 1022 1704 1061 uide
1750 1022 1800 1061 ad

251 1083 388 1123 incert.
413 1096 453 1122 ιι.
483 1083 610 1122 1317.
659 1082 803 1121 cornici·
834 1082 989 1120 oculum
1020 1082 1209 1131 confiyere
1239 1081 1443 1132 prouerbii
1468 1082 1556 1121 loco
1582 1082 1730 1121 dicitur
1755 1082 1803 1121 de

250 1156 329 1194 quo
361 1144 457 1182 conf
473 1141 569 1182 Otto
595 1142 643 1181 de
668 1142 852 1192 prouerb.
874 1155 911 1192 p.
932 1142 977 1180 R.
998 1154 1027 1180 s.
1048 1155 1084 1180 u.
1111 1143 1256 1180 cornix.
1301 1142 1393 1180 Nux
1418 1139 1531 1181 παισὶ
1556 1141 1799 1194 λιθοβλήτου

251 1202 438 1256 παίγνιον
469 1201 672 1255 εὐστοχίης
705 1202 778 1240 ΑΡ
803 1202 859 1240 IX
888 1203 924 1241 3.
982 1201 1286 1240 Praenestinum
1312 1203 1587 1241 contumacem
1613 1202 1803 1241 describit

250 1263 390 1302 Horat.
425 1275 539 1302 serm.
572 1262 592 1301 Ι
626 1263 670 1312 7,
704 1263 778 1301 282
817 1262 884 1301 sed
922 1261 1027 1301 hunc
1064 1261 1266 1301 Nuculam
1310 1261 1454 1301 Lucilii
1495 1261 1800 1302 Praenestinum

250 1317 374 1363 fuisse
408 1324 584 1362 statuere
616 1334 695 1361 non
728 1323 898 1372 oportet.

374 1377 515 1423 1281.
548 1383 677 1421 Varro
707 1382 754 1420 de
781 1383 920 1433 lingua
946 1381 1094 1421 Latina
1118 1381 1221 1421 libro
1247 1381 1326 1420 VH
1354 1382 1410 1420 30
1438 1378 1574 1432 ‘Apud
1601 1382 1800 1421 Lucilium

251 1440 381 1494 “quid
412 1443 487 1482 tibi
519 1455 593 1495 ego
620 1442 808 1494 ambages
834 1442 969 1481 ambiza
995 1436 1198 1495 (impressi
1223 1437 1407 1495 Ambiui)
1435 1441 1604 1481 scribere
1636 1439 1799 1482 coner'’.

248 1503 472 1554 profectum
516 1516 540 1542 a
576 1502 700 1542 uerbo
745 1502 876 1552 ambe,
921 1502 1027 1552 quod
1065 1503 1169 1541 inest
1206 1502 1248 1540 in
1287 1501 1441 1540 ambitu
1479 1504 1520 1541 et
1558 1499 1798 1542 ambitioso’.

249 1562 481 1603 Ambiuium
530 1563 774 1613 Turpionem
825 1561 990 1601 Caecilii
1039 1563 1080 1600 et
1129 1562 1306 1600 Terentii
1356 1561 1591 1601 histrionem
1634 1564 1800 1612 propter

248 1624 440 1674 temporis
464 1624 663 1662 rationem
687 1622 762 1661 hoc
786 1623 872 1661 loco
893 1621 1076 1673 intellegi
1095 1635 1174 1662 non
1194 1634 1309 1673 posse
1329 1621 1528 1660 intellexit
1553 1622 1797 1661 Ritschelius

248 1683 409 1734 Parerg.
434 1684 477 1722 in
515 1683 574 1721 Pl.
600 1684 642 1721 et
672 1682 760 1721 Ter.
793 1696 830 1733 p.
854 1682 937 1721 187
978 1681 1136 1722 adnot:
1174 1694 1302 1732 neque
1346 1683 1504 1721 constat
1547 1681 1594 1721 de
1638 1682 1797 1721 nomine

249 1742 430 1782 Ambiuii
459 1743 534 1782 hoc
565 1756 602 1781 u.
635 1742 694 1781 De
728 1742 954 1792 quantitate
985 1743 1001 1781 i
1031 1741 1186 1781 mediae
1217 1741 1309 1780 uide
1342 1754 1445 1791 quae
1476 1742 1641 1793 collegit
1666 1755 1713 1780 ex
1738 1743 1796 1781 in-

248 1802 533 1854 scriptionibus
554 1802 735 1853 exempla
755 1801 979 1841 Guilelmus
993 1801 1159 1841 Schulze
1175 1799 1273 1840 ‘Zur
1286 1800 1520 1840 Geschichte
1541 1801 1798 1842 lateinischer

247 1860 536 1915 Eigennamen'
565 1862 884 1915 Abhandlungen
910 1862 981 1901 der
999 1861 1046 1900 K.
1061 1861 1149 1901 Ges.
1165 1861 1234 1901 der
1247 1861 1488 1900 Wissensch.
1503 1875 1533 1900 z.
1550 1857 1796 1913 Goettingen

247 1922 350 1963 Phil.
370 1922 465 1962 Hist
494 1922 635 1961 Klasse
656 1922 692 1959 V
714 1925 738 1961 2
761 1917 918 1976 (1904)
938 1936 982 1974 gp.
1006 1925 1058 1961 68
1088 1921 1232 1972 quibus
1256 1935 1328 1972 pro
1354 1922 1476 1973 longa
1500 1922 1596 1972 poni
1616 1923 1795 1961 uocalem

246 1983 424 2034 potuisse
463 1982 671 2022 euincitur.
739 1982 880 2033 Itaque
919 1982 1151 2021 uocatiuum
1187 1981 1353 2021 Ambiunt
1392 1981 1558 2021 tolerari
1598 1981 1639 2020 in
1677 1995 1795 2021 uersu

247 2044 425 2094 apparet.
487 2043 670 2092 Frustra,
708 2043 842 2093 inquit
877 2044 1015 2093 poeta,
1046 2042 1123 2081 tibi
1154 2041 1343 2093 ambages
1381 2044 1422 2080 et
1458 2055 1585 2094 nugas
1622 2042 1795 2082 hominis

246 2103 310 2142 uel
340 2103 547 2142 hominum
578 2103 740 2142 illorum
773 2103 955 2153 equidem
988 2115 1106 2141 coner
1136 2102 1317 2141 scribere.

368 2157 511 2203 1282.
538 2161 691 2202 Gellius
715 2162 778 2201 III
808 2163 873 2212 14,
901 2163 926 2201 8
955 2159 1181 2201 ‘dimidium
1206 2174 1302 2201 uero
1328 2163 1399 2210 est,
1425 2174 1503 2200 non
1530 2162 1637 2212 quod
1663 2162 1793 2212 ipsum

246 2222 500 2262 dimidiatum
538 2224 614 2272 est,
653 2222 722 2262 sed
758 2235 860 2273 quae
898 2236 944 2261 ex
982 2222 1193 2261 dimidiato
1233 2234 1327 2272 pars
1365 2222 1494 2261 altera
1531 2224 1591 2260 est
1726 2218 1792 2276 (9)

245 2283 382 2333 itaque
420 2282 599 2322 Lucilius
637 2282 775 2321 eadem
813 2284 972 2321 secutus
1010 2276 1161 2335 (incert.
1187 2295 1225 2319 u.
1256 2276 1390 2333 1342)
1431 2278 1542 2320 “uno
1581 2283 1696 2322 oculo

246 2337 424 2393 porcus’'
462 2343 504 2381 et
540 2342 620 2381 alio
657 2343 744 2380 loco
779 2338 953 2392 “quidni
990 2344 1030 2381 et
1066 2335 1182 2394 (conf
1209 2341 1276 2380 lib.
1298 2341 1429 2379 XXVI
1454 2355 1491 2379 u.
1520 2336 1626 2395 649)
1659 2345 1792 2381 scruta

247 2401 408 2452 quidem
434 2404 479 2440 ut
503 2402 654 2441 uendat
673 2404 707 2442 et
725 2402 944 2441 scrutarius
963 2401 1104 2440 laudat
1122 2401 1391 2451 praefractam
1411 2395 1678 2454 (praefactam
1703 2397 1792 2456 VR)

246 2462 442 2514 strigilem
462 2462 610 2501 soleam
629 2461 820 2512 inprobus
840 2458 1153 2500 dimidiatam''.'
1206 2460 1410 2500 Charisius
1431 2459 1505 2499 GL
1520 2461 1590 2511 Ip.
1608 2462 1706 2510 126,
1721 2462 1791 2500 4Κ

247 2518 420 2561 ‘clauim
452 2521 636 2561 Tibullus
662 2516 866 2574 ‹114‚31)
887 2552 895 2560 .
912 2552 943 2560 ..
964 2522 1155 2573 strigilim
1181 2533 1339 2571 quoque
1365 2519 1555 2569 Lucilius,
1589 2521 1716 2560 Varro
1743 2521 1791 2560 de

245 2583 458 2631 poematon
490 2576 584 2635 (sic)
617 2581 658 2621 II
689 2582 841 2632 lentim,
873 2581 980 2632 quod
1018 2594 1154 2620 eorum
1185 2581 1391 2620 nominum
1424 2580 1625 2620 ablatiuus
1657 2582 1790 2633 singu·

244 2642 341 2680 laris
372 2642 414 2680 in
440 2642 455 2680 i
480 2638 588 2680 exit’.
643 2641 763 2692 Apud
789 2641 993 2680 Tibullum
1018 2641 1044 2680 1.
1065 2654 1094 2682 s.
1115 2654 1144 2681 s.
1171 2641 1271 2681 codd
1299 2653 1434 2680 omnes
1460 2641 1629 2680 clauem:
1652 2642 1789 2691 itaque

244 2702 287 2739 in
325 2701 471 2741 Lucilii
508 2715 546 2739 u.
578 2700 761 2751 strigilim
809 2701 1070 2741 uetustiorem
1120 2703 1160 2740 et
1203 2701 1405 2740 meliorem
1450 2701 1660 2740 lectionem
1705 2714 1789 2740 esse

246 2761 362 2799 facile
405 2760 628 2800 credideris.
703 2761 931 2801 Scrutarius
979 2760 1240 2814 γρυτοπώλην
1291 2773 1406 2810 quem
1458 2761 1598 2799 dicunt
1647 2760 1789 2800 Graeci

246 2819 426 2859 Volteius
457 2821 526 2859 ille
551 2820 668 2859 Mena
693 2821 772 2859 fuit
797 2833 916 2871 quem
940 2823 1136 2860 memorat
1160 2820 1301 2859 Horat.
1329 2820 1443 2870 epist.
1469 2820 1489 2858 Ι
1518 2821 1555 2868 7,
1583 2821 1637 2858 65
1673 2817 1789 2859 ‘uilia

245 2879 481 2918 uendentem
505 2880 685 2918 tunicato
706 2881 840 2919 scruta
859 2878 1045 2930 popello’.
1097 2879 1246 2918 Vendit
1264 2879 1482 2918 scrutarius
1504 2876 1785 2928 ‘praefractam

245 2935 463 2990 strigilim':
496 2939 664 2978 fractam
697 2951 864 2978 mercem
896 2939 1120 2990 improbam
1153 2940 1192 2977 et
1223 2937 1422 2988 perditam
1456 2938 1656 2977 uocabant
1686 2951 1787 2977 mer-

246 2999 398 3037 catores
443 2993 598 3052 (quen.
624 2998 681 3037 IV
710 2993 804 3052 33):
837 2994 1001 3037 ‘soleam
1051 2993 1331 3046 dimidiatam',
1375 2998 1486 3036 cuius
1537 3000 1578 3036 et
1626 2997 1788 3048 compar
