2060 3444
278 227 365 271 258
840 221 978 258 XXVII
1002 233 1036 256 u.
1066 223 1265 256 ἠε-720.

284 342 344 395 Τῷ
373 337 414 379 δὲ
445 337 658 391 παράσιτος
696 334 812 386 ὅμοιά
849 333 953 374 ἐστιν
991 331 1164 385 ὀνόματα
1202 330 1374 380 ἐπίσιτος
1402 362 1408 370 .
1437 362 1444 369 .
1473 362 1480 370 .
1506 328 1572 370 καὶ
1610 327 1817 383 οἰκόσιτος,

280 396 561 451 σιτόκουρός
597 410 635 435 τε
672 393 738 434 καὶ
778 393 980 441 αὐτόσιτος
1004 395 1082 432 κτλ.
1132 392 1312 431 Vtuntur
1347 392 1423 430 hac
1466 403 1560 430 uoce
1599 390 1740 430 comici
1774 390 1817 429 in

279 460 377 498 locis
425 458 518 497 huic
567 456 776 495 Luciliano
830 454 1064 502 simillimis,
1118 452 1231 491 uelut
1278 451 1461 490 Menand.
1490 452 1575 490 420
1608 444 1732 503 (OAF
1755 449 1819 489 ΙΠ
1854 449 1856 451 ’

279 533 318 570 p.
347 512 501 571 122)K
533 514 764 568 σιτόκουρον
795 511 939 553 ἄθλιον
970 510 1165 566 ἄχρηστον
1196 511 1252 558 εἰς
1283 510 1357 563 τὴν
1389 510 1548 550 οἰκίαν
1586 508 1819 562 εἰλήφαμεν,

279 578 322 617 id
366 580 425 617 est
467 579 675 626 tamquam
719 574 997 615 curculionem.
1070 572 1181 611 Idem
1209 572 1294 610 244
1320 585 1357 622 p.
1387 570 1493 609 701<
1536 567 1589 618 ὡς
1636 566 1819 622 ὀκνηρός,

281 637 410 677 πάντα
437 634 599 688 μέλλων,
631 633 859 687 σιτόκουρος
885 630 1086 686 ὁμολογῶν
1112 628 1518 684 παρατρέφεσθαι.
1568 628 1705 669 Alexis
1734 630 1816 668 177

281 692 342 752 (H
366 711 405 748 p.
433 690 589 750 363)K
620 693 695 733 ἔσει
727 698 951 747 περιπατῶν
983 690 1224 745 σιτόκουρος.
1274 690 1516 741 Adloquitur
1546 690 1667 740 poeta
1694 689 1820 728 homi-

281 770 371 796 nem
403 757 570 795 diuitem
601 757 640 794 et
670 754 845 794 nobilem
883 753 1012 804 qualis
1050 753 1136 791 erat
1168 750 1301 802 Scipio
1344 751 1454 789 cuius
1491 749 1593 788 nihil
1628 749 1822 788 intererat

283 819 381 867 quot
410 816 608 866 parasitos
640 815 774 853 aleret.

405 870 513 916 Ι719.
544 874 699 913 Nonius
737 887 777 924 p.
805 874 910 922 370,
938 873 992 911 28
1033 869 1232 920 ‘Parcere,
1276 882 1445 909 seruare.
1514 868 1715 921 Vergilius
1751 866 1821 907 lib.

248 960 251 963 v
282 936 319 975 X
345 930 469 990 (532)
504 932 694 986 “argenti
719 935 839 983 atque
874 933 962 971 auri
993 943 1189 970 memoras
1222 943 1323 981 quae
1354 930 1482 968 multa
1507 929 1678 979 talenta,
1716 928 1822 967 natis

286 1008 403 1046 parce
440 991 566 1034 tuis'’.
627 994 805 1032 Lucilius
836 992 904 1031 lib.
929 991 1082 1030 XXVII
1121 987 1293 1041 “parcat
1329 990 1391 1028 illi
1427 990 1556 1028 maius
1593 989 1657 1028 cui
1695 988 1823 1038 possit

284 1056 348 1094 cui
384 1054 503 1093 fidem
541 1066 624 1093 esse
663 1049 884 1092 eximent''.'
955 1051 1118 1090 Seruius
1156 1050 1208 1089 ad
1244 1050 1416 1102 Vergilii
1441 1063 1478 1088 u.
1505 1061 1533 1088 s.
1561 1061 1590 1088 s.
1625 1047 1822 1087 Aeneidos

283 1115 319 1154 X
347 1115 431 1153 532
459 1113 600 1153 Gnatis
632 1125 749 1163 parce
779 1113 871 1151 tuis.
935 1108 1072 1150 ‘Parce
1113 1112 1246 1149 autem
1285 1111 1344 1149 est
1381 1109 1596 1148 secundum
1637 1107 1823 1158 antiquos

286 1187 420 1224 serua,
457 1175 505 1212 ut
536 1173 643 1224 apud
673 1172 872 1211 Lucilium
910 1172 950 1210 et
987 1170 1162 1209 Ennium
1198 1165 1429 1208 inuenitur'.
1492 1168 1583 1207 Non
1620 1169 1680 1207 est
1719 1166 1825 1218 quod

286 1234 511 1273 dubitemus
549 1234 644 1284 quin
681 1232 860 1270 Lucilius
899 1230 1036 1270 eadem
1074 1243 1153 1280 qua
1190 1229 1393 1281 Vergilius
1437 1229 1616 1279 posuerit
1661 1239 1823 1278 parcere

286 1294 452 1333 uerbum
473 1292 773 1345 significatione.
805 1291 884 1330 Pro
904 1292 1034 1330 maius
1054 1289 1155 1329 codd
1174 1289 1387 1328 deteriores
1407 1289 1536 1327 malus
1557 1286 1662 1338 quod
1674 1286 1824 1337 recepit

286 1353 522 1403 Muellerus,
565 1353 692 1401 mayis
736 1350 968 1390 Gerlachius
1012 1348 1205 1400 Oorpetus
1248 1349 1546 1388 Lachmannus:
1596 1348 1660 1387 cui
1695 1347 1827 1396 prosit

285 1413 511 1452 Muellerus.
569 1412 782 1451 existiment
823 1411 977 1460 Dousa,
1027 1410 1214 1449 existimet
1254 1408 1487 1447 Muellerus:
1539 1404 1694 1457 ‘parcat
1742 1406 1824 1445 illis

286 1474 415 1525 magis
448 1473 518 1522 qui
549 1473 640 1522 post
671 1472 762 1520 sint,
794 1471 858 1510 cui
883 1469 1000 1508 fidem
1026 1481 1108 1508 esse
1134 1465 1370 1508 existimem’
1397 1467 1687 1507 LachmannuS.
1737 1466 1824 1517 Ego

289 1532 394 1583 quod
420 1532 537 1582 posui
565 1528 719 1582 ‘parcat
743 1531 807 1569 illi
831 1529 972 1582 magis,
1004 1528 1074 1579 qui
1099 1529 1237 1579 possit,
1270 1529 1335 1567 cui
1359 1527 1476 1566 fidem
1501 1538 1584 1566 esse
1611 1521 1823 1565 existimet'

286 1594 345 1631 ita
376 1592 566 1643 intellego
600 1588 907 1641 ‘paterfamilias
939 1590 1071 1628 seruet
1101 1589 1237 1639 potius
1267 1601 1351 1626 rem
1382 1587 1444 1626 illi
1474 1587 1557 1625 filio
1590 1587 1661 1625 aut
1686 1586 1826 1635 amico,

287 1653 323 1691 si
352 1652 474 1691 liceat
501 1664 580 1690 non
606 1651 741 1689 omnia
766 1662 994 1689 consumere
1020 1649 1143 1698 uictu,
1175 1649 1242 1686 cui
1266 1647 1384 1686 fidem
1410 1649 1450 1686 et
1474 1645 1717 1697 probitatem
1742 1657 1825 1685 esse

288 1712 499 1761 existimet,
530 1724 610 1750 non
642 1711 813 1763 ganeoni
845 1711 915 1748 aut
945 1709 1123 1759 parasito
1155 1704 1306 1746 infido’:
1337 1707 1424 1746 Liu.
1450 1706 1471 1745 I
1498 1708 1565 1755 27,
1593 1706 1617 1744 5
1652 1702 1824 1744 ‘Albano

288 1784 367 1811 non
398 1771 488 1822 plus
520 1770 645 1810 animi
677 1772 762 1808 erat
794 1782 914 1820 quam
938 1765 1058 1807 fidei'.
1110 1768 1295 1807 existimet
1323 1766 1489 1806 uerbum
1515 1767 1614 1805 alias
1640 1778 1721 1805 non
1744 1766 1824 1804 tra-

290 1832 399 1870 ditur
429 1831 536 1881 apud
566 1830 783 1869 Lucilium:
821 1829 927 1879 quod
959 1827 1185 1867 comoediae
1217 1829 1277 1866 est
1306 1828 1530 1878 proprium,
1567 1826 1771 1877 spernitur
1801 1837 1826 1864 a

288 1891 452 1942 tragicis
479 1890 609 1929 Ennio
635 1889 815 1941 Vergilio
840 1887 1026 1927 Lucretio
1053 1886 1210 1926 Catullo
1242 1887 1441 1939 elegiacis,
1473 1886 1676 1925 abstinent
1703 1885 1827 1924 etiam

290 1950 482 1989 Horatius
513 1949 670 1988 Persius
701 1949 899 1987 Martialis
929 1947 1142 1986 quenalis.

415 2004 522 2048 720.
554 2009 708 2047 Nonius
739 2021 776 2058 p.
805 2008 873 2057 29,
901 2007 924 2045 6
959 2003 1235 2046 ‘Pedetemtim
1267 1999 1572 2058 (pedetemptim
1598 1999 1650 2059 G)
1683 2006 1724 2043 et
1759 2017 1827 2055 pe-

293 2069 509 2119 depressim
540 2068 692 2107 dictum
724 2068 783 2106 est
814 2068 940 2116 caute,
974 2067 1088 2116 quasi
1118 2066 1228 2104 lenta
1260 2067 1299 2103 et
1330 2065 1446 2103 tarda
1477 2065 1612 2103 itione.
1642 2094 1648 2101 .
1678 2095 1684 2101 .
1714 2094 1721 2102 .
1747 2063 1825 2102 Lu-

294 2127 500 2179 ciliuslib.
526 2127 679 2166 XXVII
712 2124 812 2166 “ille
844 2128 981 2165 contra
1007 2127 1141 2165 omnia
1161 2157 1168 2164 .
1192 2156 1198 2162 .
1221 2156 1228 2163 .
1249 2121 1443 2163 laedat’'.'
1494 2124 1663 2162 Numeri
1687 2136 1826 2162 uersus

298 2188 385 2227 sani
418 2189 520 2237 sunt,
551 2200 678 2237 neque
709 2187 905 2226 sententia
935 2186 1179 2236 imperfecta.
1240 2185 1318 2223 Ille
1347 2197 1419 2234 pro
1451 2183 1679 2234 pyrrhichio
1715 2195 1828 2234 prae-

295 2247 409 2297 cipue
439 2248 482 2285 in
512 2247 709 2297 principio
741 2247 837 2297 poni
867 2258 1054 2285 uersuum
1083 2245 1159 2284 hoc
1189 2256 1307 2283 uersu
1339 2244 1462 2283 allato
1488 2243 1635 2282 Lucilii
1666 2244 1829 2294 exponit

293 2307 485 2345 Dziatzko
512 2306 562 2344 ad
588 2306 743 2345 Terent.
763 2306 930 2356 Adelph.
953 2301 1077 2360 (Lips.
1101 2299 1235 2358 1881)
1262 2317 1299 2342 u.
1323 2305 1394 2342 72:
1420 2303 1512 2342 uide
1538 2303 1588 2342 ad
1611 2302 1678 2341 lib.
1698 2301 1828 2341 XXJX

294 2380 332 2404 u.
362 2367 457 2404 826.
508 2365 573 2404 Ad
603 2367 734 2405 omnia
766 2365 1035 2416 supplendum
1067 2365 1126 2404 est
1157 2365 1275 2403 facit:
1308 2363 1438 2402 adfert
1463 2363 1616 2402 Nonius
1641 2363 1667 2401 1.
1693 2375 1722 2401 s.
1750 2361 1828 2401 Cic.

295 2426 343 2464 de
370 2426 432 2464 off.
459 2426 480 2464 I
509 2427 592 2464 120
626 2422 702 2465 ‘sin
733 2426 884 2475 minus,
922 2426 1068 2464 sensim
1099 2424 1174 2463 erit
1203 2423 1540 2474 'pedetemtimque
1575 2418 1829 2461 faciendum’.

297 2484 401 2524 Oonf
424 2484 502 2523 Cic.
529 2498 601 2535 pro
632 2485 716 2523 Mil.
744 2486 797 2524 36
833 2482 949 2523 ‘nihil
977 2497 1048 2535 per
1071 2485 1155 2523 uim
1179 2495 1370 2534 umquam
1398 2482 1570 2533 Clodius,
1601 2483 1735 2521 omnia
1759 2493 1830 2532 per

294 2546 378 2583 uim
409 2542 522 2583 Milo’
555 2545 656 2583 Plin.
683 2545 796 2595 epist.
822 2544 864 2583 H
890 2545 928 2594 8,
957 2547 978 2582 1
1015 2541 1175 2582 ‘Studes
1213 2556 1264 2582 an
1294 2542 1460 2593 piscaris
1496 2555 1547 2581 an
1582 2542 1740 2581 uenaris
1766 2534 1830 2580 'an

295 2605 414 2644 simul
439 2603 599 2643 omnia‘?
642 2605 814 2644 Possunt
839 2605 945 2643 enim
970 2603 1104 2642 omnia
1128 2603 1248 2642 simul
1272 2602 1359 2641 fieri
1378 2602 1430 2640 ad
1447 2602 1614 2640 Larium
1632 2597 1827 2641 nostrum'

296 2664 452 2702 Terent.
477 2664 621 2702 Heaut.
650 2665 703 2702 97
749 2661 859 2702 ‘Eius
891 2663 1016 2701 filiam
1053 2663 1122 2701 ille
1160 2675 1293 2701 amare
1332 2662 1462 2712 coepit
1497 2662 1670 2712 perdite,
1706 2673 1829 2711 prope

295 2725 377 2762 iam
414 2725 460 2762 ut
495 2736 568 2773 pro
606 2736 727 2762 uxore
764 2723 944 2762 haberet:
982 2722 1080 2761 haec
1111 2723 1213 2761 clam
1250 2735 1313 2760 me
1350 2718 1518 2761 omnia':
1557 2721 1652 2760 conf
1679 2720 1731 2759 ad
1759 2719 1828 2758 lib.

214 2821 220 2825 .
295 2783 370 2821 XV
394 2796 432 2821 u.
461 2784 545 2822 489
574 2782 838 2822 Stowasserus
865 2782 966 2822 stud.
986 2781 1157 2821 Vindob.
1176 2782 1214 2819 V
1242 2782 1354 2820 1883
1381 2795 1418 2831 p.
1443 2781 1538 2820 255.
1583 2780 1830 2820 Sententiam

300 2855 376 2892 quo
415 2843 542 2894 magis
579 2843 807 2894 intellegas,
847 2842 941 2881 conf
969 2841 1125 2881 Petron.
1154 2843 1209 2880 44
1251 2838 1369 2880 ‘nunc
1404 2841 1577 2892 populus
1621 2842 1681 2879 est
1723 2839 1830 2879 domi

298 2902 442 2951 leones,
472 2902 581 2941 foras
613 2899 781 2953 uulpes’.
841 2902 984 2952 Itaque
1015 2902 1133 2940 homo
1165 2901 1232 2940 ille
1263 2902 1369 2939 inter
1399 2901 1533 2951 plures
1563 2901 1662 2940 foris
1697 2899 1831 2939 omnia

298 2963 443 3000 sensim
479 2961 595 3011 facit,
633 2962 741 3001 domi
778 2962 885 3001 solus
924 2974 1012 3000 cum
1051 2963 1111 3000 est
1148 2962 1281 3000 omnia
1317 2961 1533 2999 inhumane
1571 2962 1612 2999 et
1648 2958 1829 2999 saeuiter.
