2060 3444
289 258 376 300 362
773 256 903 292 ineerta.
931 255 1007 291 sed.
1034 267 1070 290 u.
1099 257 1344 290 1139—1144.

288 370 340 410 ad
370 370 524 409 XXVII
548 383 585 408 u.
609 371 694 409 710
719 369 850 408 XXIX
876 381 914 407 u.
937 363 1056 422 843),
1087 367 1229 407 deinde
1255 368 1333 407 luci
1364 369 1526 417 effictae,
1557 369 1644 407 tum
1669 369 1828 408 cinaedo

289 433 329 470 et
359 431 538 470 sectatori
569 441 650 468 suo.
706 428 949 480 Appellatur
980 441 1116 468 scurra
1146 428 1216 467 ille
1243 427 1442 479 Scipionis
1473 429 1646 478 primum
1671 428 1830 468 deliciae

289 493 329 529 et
372 491 441 529 lux
484 491 587 539 eius,
636 491 724 528 tum
768 501 852 528 sese
894 488 1026 539 ipsum
1071 488 1236 539 corrigit
1277 489 1397 539 poeta
1440 488 1697 539 appellatque
1740 501 1826 527 eum

288 551 493 590 cinaedwm
536 551 577 588 et
619 551 841 588 sectatorem
884 550 986 598 eius,
1029 561 1108 599 quo
1151 547 1268 587 modo
1304 548 1454 587 rectius
1492 547 1638 598 aliquis
1674 546 1829 587 Lucilio

288 610 416 649 iudice
446 610 647 649 hominem
678 610 867 648 nominet.
930 611 1045 657 atque
1082 609 1177 647 adeo
1214 608 1390 659 positum
1429 608 1477 647 ut
1507 606 1586 647 Cic.
1610 620 1684 658 pro
1715 607 1828 647 Rosc.

287 670 377 709 Am.
405 671 459 709 29
506 667 595 710 ‘hoc
639 669 805 709 consilio
844 670 964 719 atque
1002 668 1100 708 adeo
1135 668 1211 707 hac
1253 668 1428 707 amentia
1471 664 1649 718 impulsi’
1689 680 1720 706 e.
1741 680 1777 718 q.
1798 679 1828 706 s.

260 756 262 758 v
290 729 406 769 Catil.
425 730 446 768 I
473 731 497 768 5
539 727 661 769 ‘intra
697 729 856 768 moenia
893 730 1016 779 atque
1053 728 1152 767 adeo
1190 728 1232 767 in
1272 724 1441 767 senatu'.
1502 739 1590 767 mea
1620 727 1707 773 lux,
1743 739 1831 767 mea

288 791 384 835 uita,
416 801 524 829 meus
555 790 636 829 dies
666 790 789 838 festus
819 789 938 828 tritas
976 787 1188 828 cottidiani
1225 787 1416 827 sermonis
1446 786 1663 827 blanditias
1694 799 1830 827 omnes

288 851 437 890 norunt
468 863 514 888 ex
546 849 749 889 comoedia
782 848 940 888 Catullo
973 848 1080 888 aliis:
1113 849 1190 887 lum·
1221 860 1315 887 suae
1347 847 1472 900 igitur
1503 847 1654 886 dictum
1683 847 1731 886 ut
1761 847 1830 886 lux

288 922 374 950 mea
420 909 791 959 Catu11.68‚132.
827 909 929 958 160,
972 911 1042 948 tua
1083 909 1168 947 uita
1211 908 1314 957 155,
1358 919 1469 946 meae
1512 906 1622 946 uitae
1661 907 1764 956 104,
1792 908 1829 946 1.

292 971 395 1020 109,
424 973 459 1008 1.
493 971 568 1019 45,
597 971 669 1009 13:
705 970 765 1008 ita
805 967 1019 1008 Horatium
1062 968 1241 1019 appellat
1282 979 1369 1006 mea
1411 968 1496 1006 uita
1536 966 1745 1006 Maecenas
1787 967 1830 1006 in

289 1030 463 1069 carmine
492 1029 606 1068 FPR
630 1043 668 1080 p.
691 1030 788 1078 338,
817 1031 838 1067 1
855 1028 1116 1068 ’Β88111811311
1150 1050 1204 1055 -
1239 1028 1390 1076 effictae
1420 1028 1576 1066 mutare
1607 1038 1726 1066 ausus
1751 1038 1831 1066 non

290 1102 396 1128 sum:
440 1089 599 1128 uidetur
638 1089 767 1128 dicere
810 1089 1011 1127 hominem
1054 1087 1228 1127 nitidum
1263 1088 1422 1126 lautum
1459 1090 1604 1126 tersum
1639 1085 1831 1136 Lucilius,

290 1150 409 1189 sicuti
442 1148 540 1188 Cato
573 1149 619 1188 de
652 1148 739 1200 agri
771 1149 864 1188 cult.
887 1149 955 1198 67,
983 1150 1007 1187 2
1042 1145 1215 1187 ‘fiscinas
1246 1147 1414 1198 spongia
1445 1143 1624 1198 effingat’
1653 1145 1732 1185 010.
1756 1158 1830 1197 pro

293 1208 392 1249 Sest.
427 1210 480 1247 77
522 1206 558 1248 ‘e
601 1209 687 1248 foro
732 1209 909 1260 spongiis
950 1208 1087 1259 effingi
1123 1203 1372 1259 sanguinem’
1414 1206 1508 1245 conf
1540 1206 1646 1245 Fest.
1677 1220 1715 1257 p.
1744 1206 1828 1246 363

292 1266 474 1309 ‘Tersum
511 1269 616 1308 diem
652 1281 724 1319 pro
764 1280 900 1308 sereno
938 1267 1089 1306 dictum
1127 1266 1175 1306 ab
1214 1267 1390 1316 antiquis
1420 1278 1492 1305 nec
1524 1278 1564 1304 se
1595 1265 1741 1305 habere
1771 1266 1831 1304 rei

290 1330 493 1369 auctorem
537 1326 622 1367 ait'.
690 1328 834 1379 Itaque
876 1328 934 1367 nil
975 1327 1212 1366 mutandum
1255 1327 1333 1365 nisi
1375 1340 1412 1366 u.
1442 1326 1552 1365 1141
1597 1326 1681 1375 ipse
1724 1325 1831 1375 quod

290 1389 440 1428 dudum
488 1389 722 1428 restitutum
771 1389 841 1427 est.
921 1387 1111 1427 Praesens
1166 1388 1358 1436 &retorquet
1405 1385 1556 1425 indicat
1606 1384 1830 1437 Scipionem

291 1449 510 1488 etiamtunc
551 1448 706 1487 uiuere:
747 1449 883 1498 itaque
920 1447 1014 1486 libri
1050 1447 1161 1486 XXX
1203 1447 1471 1497 fragmentum
1515 1445 1725 1495 attribuas,
1764 1445 1829 1484 uel

290 1509 464 1547 XXVIII
507 1508 571 1547 uel
609 1508 756 1546 XXIX:
801 1521 821 1546 e
858 1507 968 1546 XXX
1010 1507 1113 1546 libro
1157 1506 1288 1545 adfert
1329 1505 1471 1544 Festus
1508 1518 1547 1544 u.
1583 1506 1694 1545 1031
1735 1517 1764 1544 s.
1791 1518 1828 1543 u.

290 1571 419 1617 tayax.
471 1567 566 1613 Quis
586 1567 708 1606 fuerit
727 1580 862 1607 scurra
879 1567 949 1606 1118
970 1566 1180 1618 Scipionis,
1204 1579 1284 1605 non
1309 1564 1503 1604 traditum
1529 1565 1606 1604 est:
1631 1564 1831 1604 Lucilium

289 1628 421 1679 ipsum
453 1628 531 1667 dici
568 1628 653 1667 noli
683 1627 858 1677 credere,
895 1626 1030 1667 obstat
1066 1625 1306 1665 uocabulum
1344 1625 1540 1664 cinaedus.
1603 1623 1759 1664 Gonicit
1787 1623 1830 1663 in

289 1701 426 1727 uersus
458 1690 577 1739 poeta
609 1688 910 1727 altercationem
937 1686 1134 1737 Scipionis
1165 1687 1205 1725 et
1230 1698 1388 1725 scurrae
1412 1684 1521 1724 illius
1547 1684 1667 1723 sicuti
1692 1683 1830 1723 Granii

290 1749 496 1799 praeconis
529 1747 678 1786 dictum
709 1747 776 1786 lib.
796 1747 853 1786 XI
879 1761 915 1785 u.
938 1748 1034 1785 411.
1090 1745 1230 1785 Datiui
1255 1747 1298 1784 in
1322 1744 1501 1783 membra
1525 1744 1603 1784 duo
1629 1744 1830 1794 dispertiti

291 1810 395 1856 sunt,
427 1807 585 1858 utrique
614 1811 647 1846 et
672 1808 932 1858 praeponitur
956 1805 1151 1845 membro:
1182 1806 1224 1844 in
1249 1805 1382 1857 priore
1406 1803 1583 1844 membro
1610 1804 1830 1854 asyndeton

291 1867 471 1906 exhibuit
502 1869 543 1906 et
573 1870 685 1915 atque
715 1867 973 1918 particulam:
1005 1867 1100 1905 conf
1128 1864 1238 1905 Caes.
1265 1865 1301 1903 b.
1328 1864 1455 1904 G.111
1481 1865 1521 1913 8,
1549 1866 1585 1902 1.

413 1921 555 1966 1143.
599 1927 775 1966 Isidorus
819 1927 915 1978 orig.
943 1926 1035 1964 XIX
1057 1926 1131 1974 30,
1154 1928 1175 1964 1
1225 1921 1396 1963 ‘Corona
1439 1923 1594 1975 insigne
1637 1923 1830 1963 uictoriae

293 1986 376 2025 siue
407 1986 509 2037 regii
539 1986 701 2025 honoris
733 1987 890 2038 signum
917 2016 925 2024 .
948 2016 955 2023 .
977 2016 984 2023 .
1010 1985 1108 2024 haec
1140 1997 1163 2023 a
1194 1983 1350 2023 Lucilio
1382 1984 1542 2033 corolla,
1575 1983 1625 2022 ab
1655 1982 1829 2023 Homero

293 2045 468 2096 στεφάνη
500 2045 609 2084 dicta
640 2042 727 2084 est'.

412 2099 554 2145 1144.
588 2103 756 2144 Crebrae
792 2106 1064 2155 papaueratae
1102 2103 1241 2154 quales
1279 2105 1410 2142 uestes
1447 2101 1598 2141 fuerint
1628 2114 1707 2141 non
1739 2114 1828 2141 con-

292 2166 383 2204 stat.
435 2164 647 2204 Confertur
665 2165 706 2203 in
726 2163 956 2204 Forcellinii
974 2164 1100 2203 lexico
1120 2165 1160 2202 et
1183 2162 1375 2214 Hesychii
1399 2163 1532 2214 glossa
1557 2160 1735 2213 μήκωνες
1761 2192 1768 2200 .
1791 2192 1798 2199 .
1820 2192 1828 2200 .

291 2223 456 2275 ὕφασμα
505 2224 698 2276 βύσσινον
741 2225 780 2263 81
822 2224 924 2266 Ρ1111.
950 2223 975 2262 1.
997 2236 1025 2262 s.
1051 2223 1145 2262 XIX
1172 2224 1223 2262 21
1273 2219 1349 2262 ‘est
1397 2223 1438 2261 et
1480 2221 1584 2260 inter
1625 2233 1830 2272 papauera

292 2296 415 2335 genus
442 2284 652 2334 quoddam,
679 2298 756 2334 quo
783 2284 995 2323 candorem
1018 2283 1144 2322 lintea
1168 2283 1428 2334 praecipuum
1452 2277 1633 2320 trahunt'
1661 2293 1830 2332 quorum

291 2341 471 2383 locorum
502 2346 642 2382 neuter
672 2344 748 2382 huc
781 2345 967 2394 pertinet,
998 2356 1088 2382 cum
1111 2343 1266 2382 Plinius
1291 2342 1340 2381 de
1364 2342 1459 2381 lana
1484 2335 1598 2395 (conf
1617 2340 1716 2380 VIII
1745 2334 1828 2380 194

294 2400 462 2442 ‘Lanam
491 2404 534 2442 in
566 2404 660 2443 coluv
681 2405 721 2442 et
746 2400 848 2442 fuso’
882 2417 913 2442 e.
934 2416 970 2453 q.
991 2398 1040 2457 s.)
1065 2403 1137 2442 illo
1162 2403 1250 2442 loco
1275 2402 1323 2441 de
1349 2414 1428 2452 quo
1453 2402 1587 2452 agitur
1612 2402 1708 2452 agat
1731 2400 1829 2451 sola,

292 2475 372 2502 non
409 2463 456 2502 de
493 2463 587 2502 lino.
655 2463 793 2514 Neque
838 2476 862 2502 a
897 2463 1036 2502 malua
1072 2475 1174 2513 quae
1209 2462 1400 2501 maluella
1440 2461 1563 2500 uestis
1604 2460 1830 2511 appellatur

291 2521 446 2572 Latine,
478 2521 626 2562 Graece
657 2523 866 2572 molocina,
897 2523 1046 2573 poterit
1070 2523 1293 2573 comparari
1317 2521 1366 2560 de
1394 2533 1474 2571 qua
1498 2519 1589 2559 Isid.
1616 2521 1715 2571 orig.
1734 2519 1829 2558 XIX

224 2619 230 2622 .
295 2584 368 2631 22,
397 2584 448 2621 12
487 2582 589 2622 Νο11.
615 2597 653 2633 p.
675 2583 774 2632 548,
802 2583 854 2621 16
887 2582 1019 2621 Plaut.
1045 2582 1135 2621 Aul.
1165 2582 1261 2620 514.
1329 2581 1484 2620 crebrae
1523 2581 1652 2619 uestes
1691 2579 1827 2630 quales

293 2642 374 2680 sint
403 2642 650 2693 intellegitur
679 2643 838 2681 Vitruu.
863 2642 899 2680 X
928 2643 995 2692 14,
1021 2643 1046 2681 3
1078 2655 1117 2692 p.
1139 2642 1237 2690 276,
1264 2641 1368 2680 23ss
1401 2637 1544 2679 ‘crates
1572 2652 1619 2678 ex
1643 2638 1828 2678 tenuibus

293 2702 419 2753 uirgis
451 2702 684 2740 creberrime
715 2698 863 2741 ‘textae’
896 2701 998 2741 Plin.
1024 2703 1107 2740 nat.
1131 2701 1223 2739 hist.
1249 2700 1307 2739 XI
1333 2701 1385 2739 81
1422 2697 1641 2739 ‘crebratae
1672 2699 1827 2749 pexitas

292 2758 430 2799 telae':
463 2762 663 2800 contraria
694 2763 755 2801 est
784 2761 921 2800 tunica
950 2774 1050 2801 rara
1081 2759 1216 2800 Ouidii
1248 2773 1323 2799 am.
1348 2759 1370 2798 I
1397 2760 1434 2809 5,
1463 2760 1529 2798 13.
1566 2759 1638 2797 sub
1672 2758 1827 2797 Lucilio

371 2822 414 2859 in
447 2821 641 2869 Torquato
665 2824 820 2860 notatae
844 2822 950 2860 recte
976 2821 1087 2870 codd,
1112 2821 1162 2859 ab
1187 2820 1343 2859 Lucilio
1363 2819 1533 2861 editores
1552 2831 1641 2858 cum
1659 2817 1825 2856 Bouter-

293 2881 431 2919 wekio.
506 2879 621 2919 Ouid.
652 2894 699 2919 ex
738 2880 852 2919 Pont.
878 2880 937 2919 IV
965 2882 1031 2930 12,
1059 2880 1113 2919 25
1161 2876 1294 2930 ‘saepe
1343 2892 1416 2931 ego
1465 2877 1615 2918 correxi
1665 2877 1737 2916 sub
1786 2878 1826 2915 te

295 2952 452 2979 censore
483 2937 655 2979 libellos'
688 2940 838 2991 Vergil.
864 2940 962 2990 Aen.
986 2940 1088 2979 Vm
1115 2940 1197 2978 515
1233 2935 1321 2978 ‘sub
1360 2940 1401 2977 te
1432 2938 1602 2977 tolerare
1633 2938 1826 2988 magistro

293 2996 494 3037 militiam'
527 2999 660 3038 Valer.
685 3000 787 3039 Max.
812 2999 872 3038 IV
898 3001 937 3050 2,
966 3001 987 3038 7
1024 2997 1190 3039 ‘factum
1225 2999 1388 3049 propter
1421 2997 1608 3037 eximiam
1642 2996 1826 3035 humani·
