2060 3444
267 305 353 347 316
650 301 938 337 XXVI—XXIX
964 313 999 335 u.
1026 303 1107 336 969.
1158 299 1259 334 XXX
1284 311 1319 334 u.
1347 302 1426 334 970.

265 431 360 456 11610
399 417 474 457 3011
506 416 601 467 quid
633 429 674 454 re
706 417 746 454 et
783 416 932 463 quaesti
970 413 1166 453 conducat
1203 409 1302 452 suo'.
1352 414 1514 461 quaestu
1552 411 1645 450 edit.
1676 410 1802 462 princ.

266 477 434 527 Scripsit
463 476 677 515 Muellerus
718 472 841 514 ‘solus
879 486 972 513 uero
1011 474 1087 512 scit
1125 472 1221 523 quid
1258 484 1299 510 re
1337 473 1458 522 atque
1496 472 1665 522 quaestu
1697 482 1727 509 c.
1755 483 1784 510 3.
1789 467 1800 485 ’

265 539 305 576 et
341 536 495 576 Lucilio
533 548 689 575 uersum
729 535 881 574 tribuit.
943 533 1050 572 Illud
1086 545 1230 584 parum
1267 531 1527 583 probabiliter
1563 531 1676 580 fecit,
1714 542 1803 570 cum

264 597 369 636 solus
407 597 480 635 soh·
517 595 670 634 dictum
707 595 760 634 sit
798 596 838 634 et
874 593 1055 645 legitimo
1093 592 1230 632 ordine
1267 591 1479 631 uerborum
1515 590 1564 629 de
1602 603 1680 641 quo
1710 589 1803 630 uide

265 656 311 694 A.
324 656 608 707 Kiesslingium
628 655 728 694 Mus.
743 655 867 693 Rhen.
881 653 1015 692 XXIJI
1033 653 1144 692 1868
1166 660 1203 703 p.
1220 653 1301 691 411
1317 664 1425 702 seqq.
1446 651 1492 690 Ε.
1501 650 1804 689 Kellerhoffium

268 716 309 754 in
353 716 455 755 stud.
489 714 746 754 Studemund.
771 715 813 753 H
843 727 881 764 p
909 714 976 752 58.
1005 714 1071 751 59.
1147 711 1232 758 Quo
1282 711 1323 750 in
1376 710 1514 750 ordine
1564 709 1804 749 Graecorum

267 789 416 815 morem
449 776 575 814 secuti
606 776 699 814 sunt
728 774 865 812 Latini
898 786 1015 823 quem
1045 772 1267 812 Lobeckius
1300 771 1483 822 exposuit
1513 769 1563 808 ad
1596 769 1804 820 Sophoclis

266 836 430 875 Aiacem
455 849 492 873 u.
520 835 619 873 467.
682 834 863 884 Sophocl.
890 833 1000 872 Aiac.
1031 832 1144 872 1283
1172 828 1364 883 Ἕκτορος
1405 829 1527 882 μόνος
1569 828 1696 881 μόνου
1724 861 1731 868 .
1760 860 1767 868 .
1795 860 1803 868 .

268 889 358 946 ἦλθ’
392 893 569 941 ἐναντίος
594 894 774 944 Euripid.
800 893 902 932 Med.
932 893 1015 932 513
1049 891 1124 931 σὺν
1154 889 1306 938 τέκνοις
1335 889 1437 942 μόνη
1465 889 1601 940 μόνοις
1625 889 1803 940 Xenoph.

269 954 490 1005 Cyrupaed.
511 954 569 992 VI
592 956 629 1002 1,
650 954 704 992 36
733 952 854 1005 μόνος
880 951 988 1007 μόνῳ
1014 950 1140 999 ἔλεξεν
1165 950 1370 990 Demosth.
1397 950 1444 988 de
1471 962 1548 989 cor.
1571 950 1654 988 137
1681 947 1806 1000 μόνος

267 1014 376 1069 μόνῳ
409 1010 546 1069 συνῄει
579 984 710 1052 Plaut.
736 1013 847 1052 Asin.
877 1013 962 1052 500
1002 1009 1124 1051 solus
1163 1011 1263 1049 mihi
1299 1011 1496 1050 talentum
1534 1010 1692 1060 argenti
1729 1009 1806 1048 soli

267 1070 560 1113 adnumerauit’
590 1072 703 1123 Capt.
732 1074 815 1111 602
851 1069 974 1111 ‘solus
1004 1073 1045 1110 te
1077 1071 1204 1110 solum
1229 1067 1337 1110 uolo'
1366 1070 1472 1108 Trin.
1502 1070 1586 1108 153
1615 1065 1672 1107 ‘id
1698 1068 1804 1108 solus

267 1133 395 1172 solum
423 1154 477 1160 -—
505 1145 566 1171 me
593 1129 832 1183 opsecrauit'
860 1133 947 1170 Ter.
974 1131 1068 1169 Hec.
1091 1131 1174 1170 557
1204 1128 1326 1170 solus
1353 1130 1480 1169 solum
1507 1125 1688 1168 conueni'
1718 1129 1804 1168 350

268 1190 440 1232 ‘omnem
471 1205 555 1231 rem
586 1193 767 1232 narrabit
792 1192 872 1231 scio
899 1191 1086 1230 continuo
1114 1191 1199 1229 sola
1224 1187 1314 1230 soli'
1342 1184 1539 1243 (Eunuch.
1562 1189 1646 1228 579
1674 1188 1804 1227 Plaut.

267 1253 350 1291 Mil.
380 1247 525 1306 1019).
577 1252 736 1291 Excidit
765 1252 893 1303 igitur
924 1252 995 1290 aut
1020 1250 1267 1300 septenarius
1296 1262 1400 1289 unus
1426 1262 1506 1287 una
1531 1261 1620 1287 cum
1645 1249 1804 1288 nomine

266 1314 406 1363 poetae
444 1325 522 1362 quo
560 1312 725 1351 uerbum
762 1311 919 1350 finitum
955 1311 1131 1361 positum
1169 1311 1255 1348 erat
1296 1311 1367 1348 aut
1411 1308 1517 1359 quod
1559 1307 1804 1358 probabilius

267 1371 507 1423 sequebatur
547 1384 682 1411 uersus
721 1372 790 1422 qui
828 1370 1088 1421 compleuerit
1124 1370 1364 1410 sententiam
1402 1368 1572 1408 omissus
1607 1380 1631 1407 a
1661 1367 1804 1406 Nonio.

948 1685 1126 1740 XXX.

384 1790 503 1829 Liber
528 1790 637 1828 XXX
667 1790 820 1840 primus
853 1791 912 1828 est
942 1790 1012 1840 qui
1042 1790 1152 1828 totus
1179 1787 1425 1838 conscriptus
1450 1787 1504 1827 sit
1527 1786 1656 1826 herois
1682 1787 1806 1826 uersi-

268 1849 351 1899 bus,
385 1849 570 1900 scriptus,
595 1852 643 1888 ut
668 1849 838 1898 uidetur,
864 1851 956 1888 ante
983 1848 1178 1899 Scipionis
1204 1850 1383 1887 mortem.
1428 1846 1610 1898 Quinque
1635 1846 1807 1886 arbitror

268 1923 329 1947 me
362 1909 591 1961 dignoscere
624 1911 798 1949 saturas:
834 1922 1001 1959 quarum
1032 1910 1162 1958 prima
1192 1902 1247 1961 (u.
1277 1903 1560 1960 970—1007)
1593 1905 1727 1958 agitur
1757 1905 1806 1944 de

268 1969 373 2007 bello
404 1969 652 2008 Numantino
685 1971 724 2007 et
755 1968 986 2017 PalantinO,
1023 1968 1070 2007 de
1102 1967 1315 2006 mulierum
1345 1968 1505 2018 ingenio
1538 1967 1579 2005 et
1617 1965 1805 2015 moribus,

269 2029 396 2067 altera
415 2023 750 2081 (1008—1038)
777 2028 828 2067 ad
852 2029 1011 2078 poetam
1037 2028 1231 2066 comicum
1257 2021 1312 2079 (u.
1337 2020 1470 2078 1029)
1497 2026 1620 2081 missa
1646 2027 1805 2064 saturae

269 2101 362 2126 suae
394 2089 589 2126 rationem
622 2087 799 2126 defendit
830 2089 969 2126 contra
999 2087 1158 2136 iniquos
1184 2098 1304 2136 quam
1332 2086 1515 2124 imitatus
1534 2086 1595 2124 est
1613 2084 1804 2124 Horatius

270 2160 382 2186 serm.
408 2147 429 2185 I
455 2150 481 2185 4
526 2147 701 2185 omnium
749 2146 1056 2196 nobilissimam,
1105 2146 1227 2185 tertia
1276 2139 1609 2199 (1039—1059)
1659 2145 1805 2183 iterum

269 2208 404 2257 agitur
440 2206 488 2244 de
526 2206 758 2245 mulieribus
797 2208 838 2245 et
874 2206 922 2245 de
959 2197 1191 2257 nuptiarum
1228 2207 1268 2243 et
1310 2203 1557 2243 matrimonii
1599 2203 1804 2253 molestiis,

270 2267 413 2316 quarta
457 2261 652 2319 (1060-
659 2261 793 2319 1077)
839 2266 1042 2305 exorditur
1086 2279 1109 2304 a
1153 2277 1270 2304 cenae
1315 2263 1496 2303 sordidae
1542 2264 1806 2312 enarratione,

273 2327 419 2364 tractat
431 2325 516 2364 uini
531 2325 685 2375 cibique
698 2339 813 2365 usum
826 2327 976 2365 iustum
991 2328 1031 2364 et
1042 2325 1297 2374 laudabilem,
1314 2325 1455 2374 quinta
1468 2317 1804 2377 (1078—1098)

271 2386 392 2424 missa
422 2385 583 2423 uidetur
620 2386 670 2423 ad
701 2386 749 2424 N.
778 2385 956 2424 Caelium
992 2385 1133 2436 poetae
1172 2386 1342 2424 amicum
1374 2377 1550 2437 (1079):
1588 2382 1720 2434 agitur
1757 2381 1806 2422 (16

269 2444 373 2483 bello
405 2445 671 2494 Numantino,
701 2445 749 2483 de
780 2446 896 2484 nouis
926 2445 1098 2496 legibus,
1130 2445 1178 2483 de
1210 2444 1406 2483 sociorum
1438 2442 1621 2493 querelis.
1682 2442 1804 2481 Pecu-

269 2505 409 2542 liarem
440 2504 487 2543 de
518 2504 585 2543 lib.
610 2505 720 2543 XXX
752 2505 913 2555 scripsit
940 2504 1259 2544 dissertationem
1282 2503 1403 2542 Ianus
1429 2501 1665 2541 Guilielmus
1690 2501 1803 2541 Veri-

272 2564 461 2603 similium
488 2564 582 2602 libri
606 2566 687 2603 tres
713 2565 906 2614 Antuerp.
936 2565 1047 2603 1582
1074 2564 1142 2603 lib.
1162 2563 1203 2602 II
1229 2575 1312 2612 cap.
1337 2564 1358 2601 1
1386 2576 1424 2613 p.
1446 2563 1502 2601 34
1517 2574 1624 2611 seqq.
1667 2561 1805 2601 Mono-

269 2623 417 2673 byblon
448 2623 515 2661 lib.
541 2624 651 2662 XXX
682 2624 806 2662 fuisse
839 2624 969 2674 spatio
1000 2623 1192 2673 temporis
1225 2622 1359 2672 aliquo
1390 2623 1496 2661 inter
1531 2621 1654 2660 libros
1696 2621 1805 2659 ante-

235 2684 241 2688 ’
270 2683 450 2721 cedentes
471 2685 511 2721 et
529 2683 597 2721 lib.
612 2683 721 2721 XXX
739 2683 947 2722 interiecto
968 2684 1037 2733 qui
1056 2683 1187 2722 editus
1206 2682 1329 2720 fuerit
1346 2682 1595 2732 intellegitur
1613 2694 1650 2719 u.
1672 2681 1804 2720 1013:

270 2742 361 2780 uide
395 2743 572 2794 prolegg.
598 2756 635 2792 p.
661 2743 819 2781 XXXV.
847 2741 946 2781 CVI.

392 2797 502 2840 970.
534 2802 688 2840 Nonius
712 2816 750 2852 p.
775 2803 874 2851 275,
901 2804 924 2840 2
954 2799 1265 2851 ‘Concelebrare,
1290 2797 1321 2851 †
1347 2801 1550 2839 diuamare
1577 2794 1806 2853 (diffamare

271 2855 468 2913 Lipsius),
507 2860 657 2899 dictum
695 2874 719 2899 a
756 2861 997 2900 celebritate.
1066 2860 1242 2899 Lucilius
1279 2861 1347 2899 lib.
1373 2861 1483 2899 XXX
1520 2856 1692 2898 “multis
1724 2889 1732 2897 .
1760 2889 1768 2897 .
1796 2889 1804 2897 .

271 2917 653 2959 concelebrarunt’'.'
716 2921 776 2959 De
807 2921 944 2959 fabula
976 2920 1166 2971 quadam,
1206 2933 1327 2970 quam
1356 2921 1400 2958 in
1430 2919 1639 2959 tonstrinis
1677 2920 1717 2957 et
1753 2917 1804 2957 ad

271 2980 381 3017 lacus
412 2980 535 3030 uulgo
567 2980 786 3019 narrabant
814 2981 958 3030 incipit
987 2982 1123 3030 poeta:
1155 2979 1293 3018 eodem
1316 2979 1434 3018 modo
1458 2978 1601 3028 incipit
1624 2978 1805 3016 fabulam

273 3038 340 3075 lib.
366 3038 407 3077 Π
432 3052 468 3077 u.
498 3039 564 3078 55.
614 3041 746 3079 multis
776 3041 876 3079 indu
907 3041 998 3079 locis
1029 3040 1188 3079 uidetur
1219 3051 1302 3078 esse
1334 3038 1572 3077 Ennianum.
