2060 3444
280 299 366 342 140
879 298 930 334 IX
954 311 991 335 u.
1019 303 1217 336 377—381.

279 414 446 464 apparet
476 412 625 452 Lucilii
662 425 799 452 uersus
837 412 936 453 istos
974 426 1057 454 esse
1095 413 1146 452 ad
1181 412 1392 453 historiam
1430 415 1636 454 nominum
1675 414 1818 466 quibus

276 474 432 513 litteras
464 473 646 513 solebant
676 474 883 512 nominare
914 475 1067 513 ueteres
1098 474 1204 512 recte
1230 474 1495 513 statuendam.
1544 474 1678 526 Atque
1703 473 1819 515 docet

276 533 415 573 Velius
440 533 466 572 1.
494 546 522 573 s.
550 546 578 573 s.
604 547 642 584 p.
671 533 739 581 46,
768 535 840 572 17:
880 530 1057 573 ‘quenti
1087 534 1181 573 sunt
1211 534 1347 572 tamen
1380 535 1449 584 qui
1487 535 1527 574 et
1564 534 1647 574 sine
1684 535 1817 575 uocali

277 594 422 644 putent
452 606 567 644 posse
599 593 798 644 syllabam
830 593 926 632 fieri.
981 594 1087 632 Nam
1118 594 1474 634 animaduertimus
1506 594 1613 645 apud
1646 595 1816 635 comicos

276 666 293 692 s
338 654 379 692 et
422 654 440 692 t
483 654 636 704 pariter
678 654 847 704 scriptas
890 653 1047 694 litteras
1091 654 1137 692 ut
1179 653 1287 705 apud
1332 653 1563 694 Terentium
1608 655 1651 694 in
1694 654 1816 695 Phor-

279 714 412 753 mione
444 708 571 768 (742)

849 769 879 826 †
911 787 989 813 non
1020 773 1055 813 is
1087 773 1248 813 obsecro
1280 774 1341 814 est

398 847 515 885 quem
546 835 586 873 te
618 846 774 884 semper
805 833 953 873 dicunt.
1016 833 1064 872 St
1096 834 1192 884 quid
1222 833 1294 873 has
1325 836 1476 875 metues
1507 835 1628 876 fores:

274 894 350 934 hoc
388 907 405 933 s
445 895 486 933 et
522 896 541 933 t
578 896 730 945 pariter
771 894 977 933 renuntiat
1018 893 1233 934 silentium.
1302 893 1380 934 Sed
1417 896 1452 936 si
1488 895 1564 935 hoc
1603 896 1816 946 sectentur,

264 954 430 1005 ‘possint
468 955 591 994 etiam
627 955 838 1005 plerasque
877 955 1138 994 consonantes
1177 955 1217 993 et
1261 967 1396 995 omnes
1441 955 1698 996 semiuocales
1744 969 1816 1008 pro

277 1014 444 1065 syllabis
475 1027 631 1066 ponere.
681 1015 787 1054 Nam
818 1014 925 1066 apud
955 1014 1157 1054 Lucilium
1187 1014 1229 1052 in
1260 1027 1377 1065 nono,
1407 1016 1451 1055 in
1482 1028 1561 1067 quo
1593 1015 1641 1054 de
1670 1015 1816 1056 litteris

276 1074 466 1126 disputat,
499 1086 634 1114 omnes
659 1074 1061 1125 uicem'syllabarum
1084 1074 1265 1126 implent,
1294 1088 1383 1115 cum
1409 1075 1508 1115 dicit
1527 1106 1534 1114 .
1557 1106 1565 1114 .
1587 1105 1596 1116 .
1616 1069 1817 1130 (secwnbtw

276 1135 354 1174 duo
385 1147 485 1184 quae
514 1135 627 1174 modo
660 1136 850 1174 warram·
880 1134 1031 1174 Lucilii
1059 1129 1315 1189 fraymenta).
1376 1135 1559 1187 Apparet
1589 1148 1684 1188 ergo
1717 1135 1816 1176 haec

276 1195 376 1234 nihil
409 1194 519 1234 aliud
550 1207 670 1246 quam
701 1194 833 1234 locum
865 1194 1043 1245 syllabae
1073 1196 1207 1234 tenere
1237 1208 1309 1235 nec
1340 1196 1475 1235 tamen
1501 1195 1676 1246 syllabas
1702 1192 1813 1236 esse’.

276 1254 386 1301 Quae
407 1256 541 1294 omnia
561 1268 607 1294 ex
627 1256 790 1306 optimis
810 1255 986 1294 fontibus
1006 1254 1176 1294 deducta
1200 1255 1451 1306 ineptissima
1473 1269 1556 1296 csse
1575 1255 1814 1308 Veliumque

277 1316 393 1366 plane
425 1315 569 1368 nugari
599 1316 723 1366 patet,
750 1316 785 1355 si
814 1316 857 1354 in
888 1315 1069 1355 uersibus
1093 1314 1241 1354 Lucilii
1265 1315 1451 1368 legantur
1481 1316 1640 1355 litterae
1671 1328 1694 1355 r
1724 1318 1764 1356 et
1793 1329 1813 1356 s

274 1376 389 1415 uelut
439 1388 479 1415 cr
529 1377 569 1414 et
624 1387 663 1414 es
718 1376 1070 1427 grammaticorum
1124 1387 1233 1414 more
1290 1370 1429 1428 (Prisc.
1456 1374 1523 1415 GL
1548 1375 1590 1415 Π
1614 1389 1651 1426 p.
1680 1377 1724 1426 7,
1757 1377 1811 1415 27

275 1435 450 1485 Pompei.
476 1435 512 1471 V
537 1449 575 1486 p.
605 1437 702 1486 101,
731 1435 784 1475 16
813 1434 920 1487 Serg.
946 1435 1005 1474 IV
1030 1449 1068 1486 p.
1096 1436 1194 1484 476,
1221 1435 1273 1475 31
1290 1429 1361 1490 Κ),
1397 1449 1499 1486 quae
1537 1435 1627 1486 quis
1660 1436 1813 1487 primus

275 1495 504 1535 adhibuerit
533 1495 760 1534 litterarum
795 1496 958 1534 nomina
995 1496 1207 1535 nescimus:
1245 1495 1314 1534 sed
1350 1495 1669 1546 pronuntiandae
1706 1497 1812 1536 certo

274 1555 442 1595 eundem
480 1555 521 1594 in
560 1555 719 1595 modum
758 1557 869 1605 sunt,
913 1568 991 1606 quo
1028 1558 1064 1594 st
1099 1554 1201 1594 illud
1238 1555 1494 1606 comicorum
1538 1568 1665 1607 neque
1708 1557 1814 1596 enim

276 1617 491 1666 quisquam
521 1627 541 1655 s
573 1616 614 1655 et
643 1629 665 1655 r
695 1616 853 1656 litteras
885 1616 920 1655 si
952 1627 990 1655 es
1021 1616 1062 1655 et
1093 1627 1135 1654 cr
1164 1616 1473 1667 pronuntientur
1502 1629 1582 1655 non
1614 1628 1697 1656 esse
1734 1615 1813 1667 syl-

274 1676 387 1716 labas
419 1676 547 1715 dicere
579 1677 649 1715 aut
680 1688 770 1715 cum
800 1679 836 1715 st
866 1688 962 1715 uoce
995 1688 1225 1726 comparare
1256 1676 1404 1727 potest,
1437 1677 1541 1716 certe
1565 1675 1703 1715 Velius
1727 1675 1813 1727 ipse

274 1736 314 1775 in
347 1736 603 1786 sequentibus
635 1730 692 1789 (p.
720 1737 789 1785 47,
817 1731 890 1790 13)
916 1748 943 1775 x
966 1735 1144 1775 litteram
1174 1749 1254 1775 non
1285 1737 1404 1776 uocat
1433 1736 1486 1783 ix,
1517 1735 1585 1776 sed
1610 1748 1661 1782 cs,
1693 1748 1813 1787 quam

274 1796 373 1836 dicit
404 1796 627 1848 significare
659 1795 824 1847 aliquid,
855 1808 927 1835 nec
957 1797 1092 1835 tamen
1123 1807 1206 1835 esse
1237 1795 1434 1847 syllabam
1465 1797 1537 1836 aut
1566 1796 1689 1835 lexin:
1726 1797 1813 1836 tum

272 1870 310 1906 p.
339 1857 407 1906 47,
436 1858 507 1895 11:
541 1853 647 1895 ‘Non
678 1869 771 1908 ergo
804 1855 1067 1896 accedendum
1099 1857 1160 1895 est
1189 1855 1252 1906 iis,
1284 1854 1355 1906 qui
1384 1857 1531 1906 putant
1561 1856 1645 1895 sine
1679 1856 1814 1896 uocali

275 1916 473 1967 syllabam
498 1917 586 1964 fieri
603 1927 720 1966 posse
745 1910 846 1969 (add
864 1916 1033 1965 Keadas,
1058 1927 1120 1954 om
1139 1910 1239 1968 cod),
1264 1917 1312 1955 ut
1337 1917 1459 1956 etiam
1482 1915 1813 1968 significationem

275 1977 387 2015 uocis
416 1975 615 2024 terminet,
648 1976 837 2026 quoniam
867 1978 904 2015 st
934 1970 1035 2029 (add
1058 1970 1232 2028 Keilius)
1262 1976 1466 2016 silentium
1491 1975 1708 2016 denuntiet.
1758 1975 1813 2016 Et

274 2038 424 2075 errant:
468 2049 563 2075 nam
601 2038 641 2074 et
676 2049 700 2074 x
738 2035 938 2087 significat
974 2035 1128 2086 aliquid
1165 2030 1242 2090 (sic
1285 2037 1390 2075 enim
1432 2030 1639 2090 uocamus)
1683 2048 1812 2087 neque

273 2097 408 2135 tamen
439 2095 529 2135 ideo
561 2095 716 2146 syllaba
748 2096 820 2134 aut
850 2095 948 2134 lexis
980 2097 1051 2135 est.
1101 2096 1155 2134 Et
1178 2096 1276 2135 haec
1300 2096 1390 2147 ipsa
1416 2096 1574 2135 constat
1597 2109 1644 2135 ex
1670 2108 1690 2134 c
1716 2097 1757 2135 et
1780 2108 1811 2146 s,

273 2169 344 2195 nec
375 2156 465 2195 ideo
495 2157 536 2194 et
559 2155 673 2194 illam
698 2155 911 2206 quisquam
937 2155 1135 2206 syllabam
1160 2155 1272 2205 dixit,
1303 2155 1372 2195 sed
1397 2155 1597 2207 duplicem
1620 2156 1809 2195 litteram.

275 2215 427 2254 Deinde
466 2215 562 2266 quid
600 2215 705 2266 quod
743 2217 783 2254 et
819 2228 936 2255 uoces
974 2227 1052 2255 non
1090 2215 1286 2266 scriptiles
1323 2215 1473 2255 habent
1500 2216 1644 2255 >tamen
1687 2216 1810 2268 signi-

273 2275 511 2325 ficationem,
544 2276 728 2326 quamuis
760 2275 880 2315 scribi
909 2288 991 2315 non
1021 2274 1204 2326 possint?
1251 2275 1357 2314 Nam
1388 2277 1428 2315 et
1459 2274 1676 2328 digitorum
1713 2287 1809 2316 sono

273 2347 417 2386 pueros
449 2335 500 2375 ad
530 2335 851 2386 respondendum
882 2332 1060 2375 ciemus’.
1102 2335 1190 2375 >Vbi
1219 2347 1299 2374 non
1329 2337 1435 2375 recte
1464 2335 1620 2375 Keilius
1651 2334 1811 2387 scripsit

274 2392 314 2434 ‘x
343 2395 543 2447 significat
568 2395 740 2446 aliquid:
773 2395 829 2435 sic
854 2395 960 2435 enim
984 2395 1152 2435 litteram
1175 2392 1393 2446 uocamus',
1424 2408 1513 2435 cum
1538 2395 1676 2435 Velius
1702 2395 1811 2436 dicat

273 2468 312 2494 cs
345 2457 430 2495 siue
459 2469 484 2494 x
516 2468 599 2495 esse
630 2457 863 2495 uocantium
894 2456 1012 2495 sicuti
1042 2454 1187 2507 ψύττα,
1218 2456 1322 2495 sicut
1352 2458 1388 2494 st
1416 2467 1513 2494 uoce
1543 2457 1674 2495 tacere
1699 2455 1808 2495 iube-

272 2529 374 2564 mur,
405 2515 623 2568 digitorum
655 2515 811 2567 crepitu
842 2528 984 2567 pueros
1015 2515 1067 2555 ad
1096 2515 1412 2567 respondendum
1444 2516 1600 2555 ciemus.
1658 2514 1809 2562 Quodsi

272 2575 380 2615 Velii
411 2577 552 2615 auctor
581 2588 604 2613 r
634 2575 742 2629 apud
770 2575 973 2615 Lucilium
1002 2575 1178 2626 positum
1209 2587 1292 2615 esse
1316 2588 1389 2626 pro
1417 2586 1458 2614 er
1481 2574 1669 2625 uouisset,
1698 2575 1742 2614 id
1766 2575 1808 2614 in

273 2648 344 2675 sua
374 2635 682 2675 ratiocinatione
712 2648 786 2686 pro
818 2637 1053 2687 argumento
1084 2636 1291 2686 posuisset.
1350 2635 1493 2685 Itaque
1526 2634 1631 2685 quod
1661 2634 1809 2675 Lucilii

272 2708 389 2735 uersu
417 2696 499 2735 381
535 2696 606 2746 qui
637 2696 721 2735 exit
750 2696 794 2734 in
821 2696 994 2745 yeminat
1017 2696 1031 2734 l
1062 2694 1250 2745 efficitur,
1287 2694 1393 2734 idem
1422 2695 1498 2734 hac
1528 2694 1635 2734 Velii
1672 2694 1807 2746 dispu-

272 2756 426 2795 tatione
462 2755 720 2808 intellegitur.
790 2754 950 2795 Scilicet
990 2755 1097 2806 apud
1132 2755 1333 2795 Lucilium
1374 2754 1538 2794 nomina
1578 2754 1807 2794 litterarum

208 2826 214 2830 ⁴
273 2816 366 2854 sunt
398 2817 468 2855 aut
507 2816 594 2854 soni
630 2815 859 2854 litterarum
894 2815 974 2866 ipsi
1011 2816 1081 2855 aut
1116 2814 1279 2855 nomina
1310 2814 1469 2854 Graeca.
1523 2813 1645 2865 Apud
1674 2814 1804 2853 Plaut.

271 2875 390 2914 Merc.
418 2876 503 2915 304
540 2875 767 2914 litterarum
807 2887 923 2915 sonos
965 2887 1038 2926 pro
1080 2875 1307 2915 nominibus
1351 2887 1435 2914 esse
1475 2873 1637 2913 uidetur
1678 2875 1804 2913 metro

273 2935 415 2984 euinci,
447 2948 537 2974 cum
567 2934 675 2975 dicat
704 2934 802 2975 haec
833 2934 1031 2985 Demipho
1064 2931 1209 2974 ‘Hodie
1238 2935 1297 2974 ire
1327 2935 1371 2973 in
1400 2933 1539 2974 ludum
1570 2934 1706 2984 occepi
1737 2933 1804 2973 lit-

271 2995 465 3032 terarium
495 2994 742 3045 Lysimacho,
771 2996 906 3034 ternas
936 2995 1017 3034 scio
1048 2995 1141 3034 iam.
1166 2994 1211 3033 L.
1238 2993 1341 3040 Quid
1370 2992 1532 3033 ternas?
1562 2993 1611 3032 D.
1635 2992 1739 3032 AM
1743 2989 1803 3033 0’.

273 3054 496 3093 Trinummi
520 3067 557 3093 u.
586 3054 669 3094 915
702 3056 749 3094 ut
785 3055 1015 3105 corruptum
1052 3055 1204 3093 omitto.
1265 3054 1441 3093 Nomina
1477 3053 1612 3093 autem
1646 3053 1801 3092 littera-
