2060 3444
257 243 345 286 280
803 237 957 273 xxvm
981 249 1016 271 u.
1046 239 1244 272 796—4800.

258 359 369 395 tinuo
402 355 606 404 ponuntur
636 353 766 391 omnia
800 353 839 390 et
872 361 931 389 res
962 351 1097 389 omnis.
1150 349 1236 400 Ego
1267 349 1396 400 magis
1417 342 1795 389 'ad-traditaaooe-
1855 381 1857 384 Α

260 417 350 454 dere
375 414 548 453 arbitror
567 424 668 461 prae
693 423 753 450 se:
778 413 825 449 ut
842 422 945 459 prae
969 416 1010 448 se
1027 412 1191 458 portant
1215 408 1282 448 lib.
1302 408 1360 447 IV
1379 421 1417 446 u.
1441 408 1535 446 166.
1558 426 1613 434 --
1632 404 1796 445 uiscatis

259 474 458 514 manibus:
495 471 589 522 ἰξοί,
627 469 919 524 ρυποκόνόυλοι
951 469 1120 508 audiunt
1151 468 1263 508 auari
1295 469 1335 507 et
1366 466 1517 507 sordidi
1547 479 1610 517 ap.
1642 465 1795 505 Aristo-

259 536 429 586 phanem
457 531 558 577 CAF
584 531 603 569 I
629 545 666 582 p.
695 531 793 578 566,
822 530 905 568 718
921 529 974 568 K:
1008 528 1152 568 catull.
1179 528 1288 567 XXV
1316 530 1340 567 9
1369 524 1487 578 ‘quae
1512 539 1618 566 nunc
1640 525 1722 565 tuis
1747 524 1797 565 ab

263 594 419 645 ungulis
451 592 652 643 reglutina
681 592 721 629 et
746 586 919 628 remitte'
946 588 1015 628 ubi
1041 589 1142 628 editt
1168 589 1338 628 afferunt
1362 587 1536 627 Martial.
1562 585 1663 624 VIII
1683 586 1751 634 59,
1771 585 1797 623 4

263 652 366 693 ‘non-
383 654 462 691 suit
486 651 676 701 Autolyci
702 653 786 690 tam
811 650 995 700 piperata
1019 646 1190 687 manus'.
1236 647 1416 687 Contulit
1439 646 1653 686 Muellerus
1675 645 1799 685 Rutil.

261 715 420 753 Namat.
446 713 468 751 I
495 713 580 751 610
613 712 682 761 qui
714 710 762 749 de
794 709 968 760 Harpyis
1002 706 1119 759 ‘quae
1151 708 1249 759 pede
1281 708 1461 759 glutineo
1493 706 1599 757 quod
1634 706 1801 757 tetigere

264 770 456 813 trahunt’.
911 806 914 810 .
1721 775 1727 787 ”
1774 804 1776 806 ,

386 827 494 872 798.
527 831 681 870 Nonius
714 844 751 881 p.
779 830 878 879 394,
906 831 961 868 24
996 826 1209 880 ‘Spurcum
1241 829 1363 867 etiam
1401 826 1582 866 fetidum.
1611 856 1617 863 .
1640 855 1647 863 .
1670 855 1677 863 .
1697 824 1802 864 idem

247 894 331 933 lib.
351 891 524 931 XXVIII
545 888 757 941 “quaeque
779 921 787 928 .
809 922 816 929 .
839 920 847 927 .
867 885 1047 928 odore”.'
1089 887 1194 927 Sunt
1213 900 1260 927 ea
1279 900 1369 938 qua,
1385 886 1606 938 appellauit
1626 884 1802 935 Xenoph.

265 954 427 992 Memor.
453 951 472 990 I
499 952 538 1000 4,
566 951 589 990 6
617 948 662 988 τὰ
687 949 870 1002 δυσχερῆ,
900 950 925 987 i.
953 963 984 987 e.
1011 947 1058 988 τὰ
1083 947 1246 1000 δυσειδῆ
1273 945 1338 987 καὶ
1363 945 1541 998 δυσώδηε
1575 942 1657 984 ‘mxl
1681 942 1804 996 στόμα

266 1011 356 1064 μέν,
394 1006 441 1051 δι’
476 1005 524 1050 οὗ
556 1003 612 1049 ὧν
644 1007 838 1060 ἐπιθυμεῖ
867 1007 915 1048 τὰ
952 1009 1030 1064 ζῷα
1067 1005 1336 1060 εἰσπέμπεται,
1373 1005 1540 1058 πλησίον
1579 1002 1804 1056 ὀφθαλμῶν

267 1070 331 1112 καὶ
357 1072 480 1124 ῥινῶν
505 1072 754 1109 καταθεῖναι·
787 1067 868 1108 ἐπεὶ
894 1065 937 1108 δὲ
961 1067 1008 1108 τὰ
1032 1065 1314 1140 ἀποζωροῠντα
1348 1067 1530 1119 δυσχερῆ,
1559 1061 1806 1117 ἀποστρέψαι

266 1131 359 1178 τοὺς
390 1130 540 1171 τούτων
571 1126 728 1182 ὀχετοὺς
758 1126 824 1168 καὶ
854 1126 1083 1180 ἀπενεγκεῖν
1115 1144 1141 1184 ῃ
1166 1126 1338 1167 δυνατὸν
1362 1124 1599 1179 προσωτάτω
1625 1122 1703 1164 ἀπὸ
1727 1128 1807 1164 τῶν

267 1186 525 1242 αἰσθήσεων’τ
556 1189 651 1229 conf
671 1188 740 1227 lib.
767 1188 846 1227 VH
869 1201 907 1227 u.
936 1189 1033 1227 267.

390 1245 499 1290 799.
543 1248 697 1288 Nonius
737 1262 774 1299 p.
802 1249 901 1296 407,
929 1249 952 1287 3
993 1243 1165 1287 ‘Tollere
1212 1249 1273 1286 est
1310 1247 1476 1286 eleuare.
1517 1275 1524 1284 .
1554 1276 1560 1283 .
1588 1275 1596 1284 .
1628 1244 1808 1284 Lucilius

269 1312 335 1350 lib.
362 1309 534 1350 XXVIII
572 1306 709 1347 “tanti
751 1321 792 1347 se
823 1309 1004 1357 temporis
1035 1309 1188 1347 montes
1221 1310 1254 1346 et
1284 1308 1435 1355 faetere
1463 1301 1668 1346 tollent”.’
1731 1304 1808 1344 Pro

271 1372 451 1420 temporis
483 1368 642 1419 scripsit
673 1368 877 1418 Emporiis
908 1367 1140 1417 Palmerius,
1172 1367 1277 1406 idem
1308 1367 1362 1406 ad
1391 1366 1524 1405 sidera
1554 1364 1710 1414 tollent,
1741 1364 1806 1403 ubi

271 1433 325 1470 eis
356 1431 510 1470 aethera
550 1429 695 1468 tollent
724 1427 870 1467 maluit
899 1427 1123 1476 Vahlenus,
1156 1423 1295 1466 ‘tantis
1327 1439 1348 1465 e
1379 1425 1552 1465 tenebris
1583 1426 1737 1464 montes
1769 1436 1808 1464 se

270 1492 312 1530 in
333 1490 494 1529 aethera
512 1484 670 1528 tollent’
685 1488 964 1527 Lachmannus
983 1488 1114 1527 nescio
1134 1500 1184 1526 an
1205 1499 1356 1526 memor
1368 1498 1506 1525 uersus
1518 1484 1696 1524 Lucretii
1707 1483 1768 1523 ΙΙΙ
1782 1484 1806 1522 41

273 1548 309 1589 ‘e
359 1549 533 1589 tenebris
581 1549 707 1587 tantis
755 1548 839 1589 tam
889 1547 1040 1586 clarum
1091 1546 1278 1586 extollere
1333 1542 1502 1584 lumen’:
1551 1545 1622 1595 qui
1656 1543 1699 1583 H
1725 1544 1809 1583 325

272 1607 422 1661 ‘fulgor
446 1609 503 1648 ibi
528 1608 580 1647 ad
605 1607 760 1647 caelum
785 1618 826 1646 se
851 1606 961 1646 tollit
986 1637 994 1645 .
1016 1637 1023 1644 .
1046 1637 1053 1644 .
1077 1606 1326 1657 clamoreque
1351 1606 1510 1645 montes·
1530 1604 1601 1644 icti
1619 1604 1813 1644 reiectant

272 1682 388 1709 uoces
426 1669 478 1708 ad
514 1668 644 1707 sidera
680 1664 846 1706 mundi’.
915 1667 1025 1706 Idem
1069 1679 1208 1706 uersus
1253 1666 1458 1705 character
1501 1666 1623 1716 atque
1657 1663 1723 1703 lib.
1750 1663 1813 1702 111

274 1744 309 1768 u.
341 1731 435 1768 113.

395 1784 506 1829 800.
532 1788 688 1827 Nonius
713 1801 750 1837 p.
773 1788 841 1836 25,
865 1787 916 1825 15
946 1784 957 1800 ‘
973 1787 1119 1825 Vanum:
1145 1788 1186 1825 et
1204 1787 1432 1831 varicosus,
1456 1784 1623 1836 pedibus
1643 1783 1812 1823 uitiosis.

277 1849 452 1888 Lucilius
495 1848 561 1886 lib.
587 1846 762 1886 XXVIII
807 1843 885 1885 “ut
928 1847 963 1885 si
997 1878 1003 1884 .
1033 1877 1039 1884 .
1069 1877 1075 1884 .
1109 1846 1272 1896 quintus
1315 1857 1445 1885 uanam
1487 1857 1566 1894 qua
1611 1845 1815 1883 uaricosus

276 1905 458 1947 uataa:”.'
522 1906 645 1946 Nonii
682 1907 874 1945 lemmata
910 1908 1015 1944 recte
1053 1907 1259 1957 corrigunt
1299 1904 1469 1943 editores
1514 1903 1565 1943 ad
1608 1902 1735 1942 uerba>
1772 1903 1815 1942 in

277 1968 423 2006 Lucilii
455 1979 572 2006 uersu
597 1967 774 2004 seruata:
807 1965 979 2005 uaricosi
1005 1965 1111 2004 enim
1133 1965 1320 2003 dicuntur
1344 1966 1449 2003 recte
1475 1964 1725 2003 centuriones
1750 1975 1814 2015 ap.

278 2028 383 2072 Pers.
410 2027 446 2063 V
469 2027 566 2076 189,
592 2026 662 2075 qui
685 2025 857 2064 multum
883 2024 1025 2064 stando
1051 2026 1092 2063 et
1117 2024 1374 2063 commeando
1400 2024 1554 2062 uarices
1578 2024 1622 2062 in
1646 2022 1815 2073 pedibus

278 2082 355 2126 sibi
399 2086 687 2134 contraxerint,
730 2087 854 2123 waiam
897 2097 975 2135 quo
1020 2084 1255 2135 explicetur,
1305 2084 1387 2122 iam
1429 2083 1631 2122 Mercerus
1677 2081 1818 2121 attulit

288 2147 405 2186 Vatia
429 2158 647 2197 cognomen
672 2144 720 2183 de
748 2157 825 2194 quo
851 2144 979 2183 Varro
1005 2143 1054 2183 de
1078 2145 1175 2195 ling.
1201 2143 1288 2182 Lat.
1315 2143 1372 2182 IX
1400 2144 1465 2182 10.
1506 2142 1629 2181 Adde
1655 2141 1814 2192 leian.

279 2207 370 2257 Dig.
396 2205 490 2244 XXI
519 2208 561 2255 1,
590 2206 644 2244 10
668 2206 763 2243 extr.
789 2204 964 2243 Martial.
991 2203 1069 2243 XII
1097 2205 1169 2255 70,
1199 2206 1219 2242 1
1255 2203 1369 2242 Varr.
1403 2215 1477 2242 rer.
1509 2203 1606 2241 rust.
1637 2201 1679 2241 II
1713 2203 1756 2251 9,
1790 2202 1815 2239 4

281 2264 349 2304 ubi
379 2267 511 2304 uatius
543 2263 781 2304 uocabulum
812 2264 1018 2303 inuenitur
1055 2264 1111 2303 de‘
1141 2276 1220 2314 quo
1251 2262 1407 2302 Keilius
1446 2263 1531 2314 egit
1566 2261 1618 2301 ad
1648 2261 1816 2300 Varron.

282 2327 480 2364 comment
515 2338 552 2375 p.
582 2325 684 2363 201:
717 2326 777 2362 est
808 2325 930 2362 uatax
960 2325 1000 2362 et
1024 2324 1169 2372 uatius,
1202 2322 1270 2373 qui
1296 2335 1411 2362 crura
1434 2321 1556 2362 habet
1580 2323 1623 2362 in
1647 2320 1817 2360 formam

281 2385 317 2423 X
347 2385 505 2424 litterae
544 2383 724 2423 distorta.
786 2382 986 2423 Maximus
1017 2382 1187 2429 Quintus
1224 2394 1304 2422 non
1340 2383 1475 2434 potest
1511 2393 1596 2421 esse
1632 2380 1711 2420 nisi
1749 2381 1819 2431 qui

281 2445 361 2484 fnit
391 2443 660 2483 nobilissimus
689 2455 794 2482 anno
819 2443 902 2481 fere
930 2438 1118 2495 624l130
1144 2443 1294 2482 Romae
1318 2442 1394 2482 hoc
1418 2441 1581 2482 nomine
1596 2440 1816 2492 praeditus.

282 2504 424 2554 Itaque
462 2517 553 2543 cum
591 2504 716 2542 frater
748 2503 946 2553 Scipionis
976 2502 1195 2542 Aemiliani
1226 2501 1270 2548 Q.
1290 2502 1438 2541 Fabius
1462 2502 1660 2540 Maximus
1684 2499 1818 2541 Aemi-

283 2564 414 2603 lianus
459 2576 535 2603 cos.
563 2558 761 2614 6097145
811 2562 916 2601 bell'o
960 2562 1206 2603 Numantino
1251 2561 1437 2612 Appiano
1487 2563 1647 2602 auctore
1697 2554 1818 2614 (Iber.

285 2636 368 2674 cap.
397 2625 453 2662 90
472 2617 580 2676 init.)
617 2622 754 2662 fratris
790 2622 914 2661 fuerit
950 2622 1126 2676 legatus,
1164 2623 1225 2661 est
1255 2621 1362 2671 quod
1393 2621 1440 2660 de
1457 2650 1460 2653 -
1478 2620 1553 2660 hoc
1588 2620 1676 2659 uiro
1714 2620 1818 2671 cogi-

285 2685 424 2722 temus.
489 2682 639 2721 Tamen
671 2682 715 2728 Q.
734 2681 904 2720 Fabium
928 2681 1146 2725 Maximum
1178 2681 1479 2732 Allobrogicum
1516 2679 1670 2719 cohorti
1699 2691 1818 2730 ,prae-

223 2765 229 2769 ·
284 2743 411 2781 toriae
454 2741 558 2781 bello
601 2741 850 2780 Numantino
895 2742 965 2791 qui
1005 2743 1192 2791 praeerat
1240 2741 1378 2780 eodem
1423 2740 1610 2791 Appiano
1660 2740 1819 2778 auctore

276 2797 331 2854 (l.
358 2814 386 2840 s.
415 2814 497 2852 cap.
525 2802 581 2840 84
596 2795 712 2855 extr.)
744 2800 856 2839 illius
886 2800 1015 2839 filium
1046 2795 1142 2854 (cos.
1171 2795 1378 2853 633s121)
1403 2800 1485 2839 hac
1516 2799 1565 2839 de
1596 2811 1717 2838 causa.
1746 2798 1821 2837 hoc

287 2862 372 2899 loco
429 2860 601 2900 arbitror
655 2873 738 2900 esse
789 2860 1054 2911 appellatum,
1105 2860 1210 2911 quod
1259 2860 1326 2899 lib.
1361 2860 1472 2899 XXX
1514 2873 1551 2898 u.
1587 2859 1699 2898 1053
1751 2857 1820 2908 qui

287 2922 467 2959 mortuus
505 2932 588 2959 esse
627 2920 860 2971 perhibetur
896 2932 999 2959 anno
1035 2921 1118 2959 fere
1151 2914 1347 2972 623s131
1383 2914 1583 2972 624s130
1613 2918 1821 2958 Maoeimus

288 2992 365 3019 non
397 2981 532 3030 potuit
563 2992 644 3019 esse
676 2980 755 3023 nisi
785 2979 854 3019 ille
885 2981 1010 3031 pater,
1042 2981 1168 3020 frater
1199 2979 1413 3031 Scipionis:
1447 2978 1549 3019 liber
1579 2978 1685 3016 enim
1710 2976 1821 3018 XXX
