2060 3444
267 278 352 322 313
837 271 938 308 XXX
962 285 999 309 u.
1026 274 1226 308 974-978.

268 393 292 430 l.
319 404 347 430 s.
373 404 410 441 p.
439 390 541 428 158:
573 387 727 426 ἅπαντα
757 385 805 426 τὰ
835 381 894 441 ζῷ’
930 384 1009 425 ἐστὶ
1046 384 1316 438 μακαριώτεροι
1353 379 1645 439 (μακαριώτατα
1681 382 1800 422 codd:

269 464 330 489 em
367 443 548 502 Grotius)
584 445 652 486 καὶ
688 452 788 486 νοῦν
825 445 961 498 ἔχοντα
999 447 1146 497 μᾶλλον
1182 443 1404 497 ἀνθρώπου
1440 443 1552 483 πολύ.
1595 442 1664 483 τὸν
1704 441 1801 484 ὄνον

270 508 366 563 ὁρᾶν
397 508 518 557 ἔξεστι
547 513 680 561 πρῶτα
711 505 884 545 τουτονί·
917 500 1033 552 οὗτος
1057 504 1311 556 κακοδαίμων
1336 502 1440 544 ἐστὶν
1465 501 1801 557 ὁμολογουμένως.

269 570 418 608 Locum
448 568 622 619 priorem
652 565 861 605 Menandri
897 567 1051 616 spectat
1082 565 1280 604 Plutarch.
1313 565 1464 614 quaest.
1490 576 1602 602 conu.
1627 563 1684 601 IX
1710 562 1749 612 5,
1777 563 1799 600 1

270 628 365 669 ὄνον
396 625 583 681 γενέσθαι
613 629 788 679 κρεῖττον
815 658 822 666 .
844 657 852 663 .
875 656 882 663 .
909 623 974 664 καὶ
1006 622 1026 663 ὃ
1053 626 1215 671 Σῶσπις
1245 623 1409 677 γελάσας
1435 618 1535 662 (ἀλλ’
1570 621 1643 670 ἕως
1668 620 1802 674 μέλλο-

271 703 341 741 μεν
367 686 579 727 ἐνδύεσθαι
605 685 647 725 τὸ
673 684 910 736 κανθήλιον,
937 716 944 723 .
967 716 974 723 .
997 715 1003 722 .
1031 684 1193 732 δίδαξον
1223 680 1341 735 ἡμᾶς’
1369 685 1448 723 κτλ.
1497 686 1531 723 te
1556 682 1804 732 Guilielmus,

271 752 353 788 tum
383 747 668 786 Baehrensius:
705 747 764 784 uti
786 745 974 793 pecudem
1005 747 1039 782 te
1070 746 1302 792 asinumque
1330 746 1391 792 ut,
1420 743 1447 782 i.
1473 755 1504 782 e.
1535 744 1594 782 uti
1617 742 1806 791 pecudem

264 811 305 847 -te
336 810 371 847 et
399 810 443 846 ut
473 808 649 846 asinum:
681 805 721 844 G.
742 803 942 844 Gracchus
968 803 1070 843 ORE*
1096 803 1144 842 ed
1168 803 1210 842 II
1234 816 1271 853 p.
1300 803 1384 842 235
1400 803 1442 841 M
1473 800 1532 842 ‘ut
1567 801 1804 853 pateremini

271 869 346 907 hoc
376 869 554 917 tempore
585 878 648 904 me
680 865 880 915 quiescere
910 876 959 902 ne
991 876 1016 902 a
1046 865 1170 913 stirpe
1202 875 1324 915 genus
1355 864 1536 902 nostrum
1560 861 1742 901 interiret
1773 863 1808 901 et

272 929 330 966 uti
360 927 496 976 aliqua
526 938 705 976 propago
737 924 891 976 generis
922 924 1049 963 nostri
1078 923 1233 973 reliqua
1264 919 1395 963 esset’.

394 982 505 1025 976.
537 986 691 1024 Nonius
715 998 753 1035 p.
782 985 879 1032 413,
908 985 961 1023 13
996 980 1200 1022 ‘Taetrum
1232 983 1378 1021 dicitur
1404 982 1660 1031 inluuiosum,
1691 979 1806 1020 faeti-

275 1047 379 1085 dum.
413 1077 420 1084 .
449 1077 455 1083 .
483 1076 492 1084 .
522 1044 700 1084 Lucilius
736 1043 805 1082 lib.
831 1044 940 1082 XXX
979 1040 1116 1093 “quae
1152 1055 1232 1081 non
1271 1045 1447 1091 spectams
1491 1036 1722 1096 (expectans
1750 1035 1807 1095 G)

275 1106 473 1155 spectandi
504 1104 637 1143 studio
668 1116 708 1143 se
740 1104 792 1142 ad
823 1099 900 1157 (ita
924 1103 963 1141 L
987 1115 1038 1141 m.
1067 1106 1109 1141 1:
1142 1104 1184 1142 at
1208 1115 1257 1141 m.
1283 1104 1324 1151 2,
1356 1102 1406 1141 ab
1433 1096 1490 1156 G)
1520 1102 1688 1140 hominis
1725 1094 1808 1154 (leo-

275 1165 445 1204 minibus
467 1159 523 1217 G)
548 1163 670 1203 taetri
694 1163 857 1213 inpulsu
874 1159 1135 1215 ingressus''.'
1182 1162 1350 1212 Scripsit
1369 1161 1604 1201 Guilielmus
1622 1160 1808 1199 Verisim.

275 1239 313 1276 p.
341 1226 394 1263 37
435 1221 521 1274 ‘qui
557 1236 637 1262 non
674 1222 878 1273 spectandi
915 1221 1065 1272 studio,
1108 1221 1176 1261 sed
1214 1222 1357 1261 ominis
1395 1221 1491 1260 tetri
1530 1221 1707 1271 impulsu
1748 1219 1809 1258 in-

277 1280 448 1337 gressus'
483 1283 552 1333 qui
587 1283 637 1321 ad
673 1282 887 1334 apologum
925 1281 972 1321 de
1009 1282 1123 1321 leone
1161 1283 1324 1333 aegroto
1363 1275 1419 1335 (u.
1447 1281 1532 1321 980
1546 1275 1674 1334 seqq.)
1711 1279 1809 1318 haec

277 1344 399 1383 uerba
425 1343 644 1382 arbitratur
669 1343 883 1392 pertinere:
910 1354 1029 1392 quem
1055 1342 1180 1380 secuti
1199 1343 1293 1380 sunt
1313 1340 1504 1391 Corpetus
1524 1342 1565 1379 et
1581 1339 1810 1389 Muellerus,

278 1403 346 1443 sed
384 1404 455 1453 qui
489 1404 702 1451 inyressast
738 1402 899 1452 scripsit
940 1403 988 1440 ut
1030 1401 1177 1440 debuit.
1246 1400 1526 1440 Baehrensius:
1571 1397 1688 1450 ‘quae
1730 1411 1811 1437 non

280 1462 485 1514 spectandi
516 1461 712 1511 studiosa,
750 1461 972 1500 abdominis
1009 1462 1135 1501 taetri.
1166 1461 1343 1511 impulsu
1378 1455 1623 1511 ingressast’.
1684 1458 1810 1498 Lach-

278 1535 446 1561 mannus
486 1521 692 1560 Guilielmi
728 1521 862 1571 posuit
899 1521 980 1559 fere
1018 1521 1240 1560 lectionem.
1308 1519 1441 1559 Verba
1478 1520 1528 1558 ad
1565 1519 1679 1558 illum
1718 1531 1811 1568 apo-

280 1583 416 1634 logum
445 1582 644 1632 pertinere
676 1580 840 1632 negabit
870 1581 941 1630 qui
970 1582 1016 1619 ut
1053 1579 1170 1619 debet
1208 1581 1403 1629 inyressus
1441 1578 1635 1619 seruabit:
1671 1578 1812 1629 uulpes

280 1643 385 1681 enirn
409 1642 572 1680 minime
597 1640 821 1692 ingreditur
844 1641 888 1678 in
913 1641 1142 1690 speluncam
1167 1642 1208 1678 et
1233 1642 1294 1679 est
1317 1639 1477 1678 femina.
1524 1639 1631 1688 Quae
1657 1638 1813 1677 intelle-

281 1701 409 1754 genda
439 1703 534 1741 sunt
563 1700 699 1751 potius
724 1700 824 1750 loca,
855 1700 982 1739 ueluti
1007 1701 1136 1739 infera
1162 1698 1271 1738 Orci:
1304 1712 1355 1738 ea
1375 1699 1574 1750 ingressus
1599 1699 1660 1738 est
1684 1697 1814 1737 ueluti

282 1762 419 1800 Vlixes
456 1761 521 1800 uel
558 1760 747 1799 Hercules
789 1760 855 1798 uel
899 1759 1001 1798 alius
1044 1760 1267 1809 nescioquis
1310 1772 1389 1798 non
1432 1758 1638 1810 spectandi
1683 1757 1813 1797 studio

282 1816 459 1874 (uisendi
495 1819 630 1859 studio
660 1819 779 1872 Verg.
806 1819 902 1858 Aen.
929 1819 969 1858 II
997 1814 1089 1873 63),
1134 1819 1203 1858 sed
1240 1820 1416 1858 uwmiuis
1457 1818 1580 1858 taetri
1621 1817 1814 1868 impulsu:

282 1881 349 1920 sed
379 1879 693 1930 recuperandum
725 1881 785 1918 est
815 1893 862 1917 ex
892 1891 932 1918 se
963 1880 1017 1918 ad
1047 1879 1217 1918 lectione
1249 1878 1394 1918 codicis
1418 1878 1451 1917 L
1477 1892 1527 1917 m.
1557 1880 1596 1920 1.

402 1935 514 1979 978.
546 1939 700 1978 Nonius
730 1952 768 1988 p.
797 1940 895 1988 274,
923 1941 973 1977 11
1010 1935 1231 1987 ‘Curatum,
1263 1951 1351 1976 cum
1383 1938 1532 1977 dilectu
1564 1939 1814 1988 apparatum.

283 1999 461 2037 Lucilius
499 1998 568 2037 lib.
594 1999 703 2036 XXX
742 1994 814 2036 “et
845 1998 1169 2036 circuinuolitant
1199 1998 1375 2045 ficetulae
1404 1997 1513 2036 turdi
1550 1999 1697 2036 curatis
1739 1998 1816 2035 coci

286 2054 454 2112 (curatis
498 2058 581 2096 soci
607 2052 724 2111 G)”.'
801 2056 948 2096 Curare
990 2057 1154 2095 uerbum
1197 2057 1358 2107 proprie
1401 2058 1462 2095 est
1499 2057 1676 2103 culinae:
1726 2056 1820 2095 conf

285 2118 431 2157 Donat.
457 2117 509 2156 ad
539 2117 662 2155 Andr.
687 2117 709 2155 I
735 2119 778 2166 1,
805 2117 829 2155 3
882 2113 1084 2155 ‘curentur
1137 2114 1261 2166 recte]
1312 2116 1525 2168 diligenter
1578 2112 1814 2166 coquantur’

285 2177 450 2227 Apicius
474 2176 532 2215 IV
561 2177 643 2215 143
678 2173 819 2226 ‘pisces
852 2176 1105 2226 qualeslibet,
1120 2177 1277 2215 curatos
1307 2172 1444 2227 friges’
1481 2176 1561 2214 151
1593 2172 1817 2225 ‘denticem,

286 2238 471 2275 auratam
497 2238 537 2274 et
561 2236 751 2287 mugilem
771 2237 952 2286 accipies,
978 2237 1135 2275 curatos
1161 2235 1386 2275 subassabis
1408 2267 1415 2274 .
1437 2266 1445 2274 .
1468 2266 1475 2273 .
1496 2235 1636 2274 deinde
1656 2235 1817 2274 hostrea

288 2293 460 2335 curabis'
493 2295 593 2334 VIII
626 2296 709 2334 372
751 2292 986 2346 ‘porcellum
1023 2296 1200 2335 farsilem
1237 2295 1389 2334 duobus
1421 2294 1648 2346 generibus:
1686 2291 1816 2334 curas’

288 2369 319 2394 e.
340 2369 376 2405 q.
397 2368 426 2395 s.
453 2356 540 2395 400
567 2352 757 2405 ‘leporem
783 2367 909 2405 curas,
938 2367 1107 2405 exossas,
1133 2351 1279 2395 ornas':
1310 2355 1479 2405 denique
1503 2356 1608 2393 recte
1633 2354 1820 2394 scribitur

289 2415 402 2465 Apic.
427 2415 485 2453 IV
514 2416 596 2453 125
631 2411 824 2454 ‘ficetulas
855 2411 1098 2467 cur<a>tas’.
1148 2415 1272 2453 Turdi
1303 2427 1394 2454 cum
1424 2414 1601 2453 ficedulis
1635 2427 1715 2453 una
1739 2422 1818 2452 me-

279 2476 495 2514 morantur
525 2474 648 2524 Apic.v
663 2474 763 2513 VHI
789 2475 874 2513 384
908 2472 1049 2523 ‘turdi,
1085 2474 1283 2524 ficetulae,
1320 2474 1434 2513 isicia
1472 2474 1520 2512 de
1557 2474 1682 2524 pulpa
1718 2470 1819 2523 sua'3

288 2536 331 2572 in
362 2534 490 2573 edicto
522 2534 764 2573 Diocletiani
787 2534 846 2572 IV
873 2535 926 2572 36
959 2546 1102 2573 nomen
1127 2533 1316 2572 Latinum
1346 2535 1478 2583 periit,
1510 2533 1656 2573 Graece
1684 2533 1819 2572 dicun-

290 2596 357 2632 tur
394 2593 619 2643 συκαλίὸες,
655 2593 765 2632 turdi
800 2594 1054 2632 recensentur
1077 2593 1135 2631 IV
1163 2594 1231 2642 27,
1268 2592 1415 2632 Graece
1455 2593 1641 2632 dicuntur
1682 2592 1820 2645 κίχλαι.

211 2692 217 2696 ,
290 2653 397 2691 Ante
427 2653 626 2691 Lucilium
655 2653 737 2691 iam
767 2653 845 2692 duo
875 2654 956 2691 ista
987 2654 1121 2691 auium
1153 2665 1297 2704 genera
1327 2666 1407 2691 una
1438 2654 1678 2692 memorarat
1702 2652 1820 2691 Plau-

293 2714 358 2751 tus
383 2714 469 2752 ioco
493 2712 564 2751 illo
593 2711 704 2762 Gapt.
734 2713 816 2751 163
845 2709 959 2762 ‘opus
983 2713 1218 2761 turdetanis,
1249 2725 1347 2762 opus
1375 2708 1692 2752 ficedulensibus’
1717 2711 1821 2750 unde

294 2774 450 2811 constat
493 2771 542 2810 de
585 2771 870 2822 orthographia
912 2772 1096 2811 uocabuli
1139 2772 1244 2822 quod
1286 2774 1392 2811 recte
1435 2774 1688 2822 comparatur
1733 2784 1822 2810 cum

294 2832 479 2870 acredula
517 2831 725 2870 monedula
760 2832 935 2870 nitedula
976 2832 1239 2880 querquedula
1281 2831 1506 2871 nominibus
1543 2833 1584 2870 et
1618 2832 1645 2870 d
1686 2832 1822 2870 littera

294 2892 486 2940 scriptum
523 2890 708 2929 exhibent
745 2890 844 2931 codd
873 2891 1073 2930 Martialis
1103 2891 1282 2930 Petronii
1313 2891 1436 2930 Plinii
1470 2890 1673 2930 quenalis
1704 2890 1824 2929 Gellii

297 2949 503 2998 Varronis,
536 2951 607 3000 qui
637 2950 684 2988 de
709 2950 734 2988 l.
759 2950 848 2989 Lat.
874 2950 911 2987 V
939 2951 991 2989 76
1026 2948 1208 2990 ‘ficedula
1239 2952 1279 2989 et
1307 2951 1505 2989 miliar-iae
1537 2963 1561 2988 a
1589 2950 1688 3000 cibo,
1718 2949 1824 3000 quod

300 3009 449 3048 alterae
479 3009 566 3060 fico,
597 3010 747 3049 alterae
777 3010 888 3049 milio
919 3010 1023 3048 fiunt
1052 3007 1246 3062 pingues'.
1307 3010 1455 3049 Lucilii
1484 3009 1606 3048 uerba
1639 3011 1824 3061 corrupta
