2060 3444
880 287 914 323 11
939 299 973 324 u.
1002 290 1154 324 84—85.
1733 288 1790 332 39

246 404 293 444 ut
335 403 393 442 ait
432 401 629 452 Lucilius,
673 404 869 442 structum
913 401 1077 442 uerbum
1122 398 1303 441 uideres’.
1373 401 1527 442 Plinius
1571 405 1652 442 nat.
1697 403 1788 442 hist.

245 462 412 502 XXXVI
435 463 517 501 185
546 459 831 512 ‘Frequentata
856 475 951 502 uero
971 462 1204 513 pauimenta
1223 463 1317 501 ante
1337 461 1578 502 Cimbricum
1601 458 1787 517 (bellum)

245 535 392 575 magna
422 522 555 575 gratia
585 523 810 562 animorum
842 522 990 562 indicio
1025 523 1086 562 est
1116 521 1347 561 Lucilianus
1386 522 1454 562 ille
1492 535 1631 563 uersus
1670 520 1789 563 “arte

237 583 461 634 pauimenti
507 578 583 636 (sic
627 582 700 622 cod
743 582 1049 635 Bambergensis
1093 581 1260 633 aliique:
1312 582 1383 621 alii
1420 578 1674 638 pauimenta)
1709 615 1715 621 .
1745 614 1751 621 .
1780 614 1788 622 .

244 643 504 683 uermiculato
559 637 851 697 (uermiculatos
901 642 1224 694 Bambergensis:
1281 643 1464 693 sequitur
1515 641 1788 683 Subdialia’'.'

244 702 514 749 Quinfflianus
539 703 595 742 IX
623 704 663 753 4,
693 704 774 742 113
810 700 834 741 ‘.
858 734 863 741 .
887 735 893 741 .
930 704 964 743 si
995 703 1156 754 quidem
1194 702 1334 742 relicto
1366 715 1499 741 rerum
1531 703 1706 753 pondere
1746 716 1791 743 ac

242 763 372 803 nitore
404 764 632 814 contempto
663 763 888 813 tesserulas,
919 764 966 802 ut
996 764 1055 802 ait
1079 761 1269 812 Lucilius,
1302 763 1430 801 struet
1462 764 1501 802 et
1526 763 1789 803 uermiculate

244 817 522 877 (uermiculata
540 818 846 877 Ambrosianus)
873 819 1030 875 in<ter>
1056 835 1098 862 se
1117 823 1216 862 lexis
1236 823 1463 862 committet
1483 817 1603 877 (inter
1628 824 1790 875 Regius,

242 884 286 923 in
317 877 465 938 codd)’.
521 882 647 923 Ludit
677 884 813 934 aperte
846 882 1040 923 Scaeuola
1069 883 1132 923 his
1164 882 1297 922 uerbis
1329 881 1492 922 Albucii
1523 882 1790 923 adulescentis

242 943 464 983 orationem
508 943 723 996 diligenter
765 943 1043 982 elucubratam
1087 942 1377 993 uerborumque
1423 943 1685 983 collocatione
1729 944 1789 982 in-

242 1004 395 1043 usitata
424 1004 634 1055 pueriliter
663 1016 928 1043 numerosam.
990 1003 1030 1043 Is
1064 1003 1107 1042 T.
1127 1002 1324 1043 Albucius
1359 999 1452 1042 ‘fuit
1483 1002 1654 1043 Athenis
1692 1003 1789 1043 adu-

241 1064 403 1114 lescens,
434 1064 632 1115 perfectus
659 1063 879 1114 Epicureus
910 1064 1110 1103 euaserat:
1142 1064 1308 1103 minime
1333 1064 1471 1114 aptum
1500 1063 1550 1103 ad
1577 1063 1789 1104 dicendum

240 1121 380 1176 genus'
416 1118 515 1177 (Cic.
542 1124 657 1163 Brut.
686 1118 790 1178 131)
822 1125 863 1163 et
891 1125 1028 1164 orator
1053 1124 1219 1175 Epicuri
1244 1124 1429 1175 magistri
1454 1124 1604 1163 malam
1630 1124 1788 1164 dicendi

240 1183 569 1223 consuetudinem
601 1184 761 1224 uidetur
792 1196 876 1224 esse
909 1185 1068 1224 secutus
1100 1183 1149 1223 de
1182 1196 1262 1235 qua
1294 1184 1403 1223 Theo
1432 1182 1503 1223 RG
1529 1183 1549 1222 Ι
1574 1198 1613 1236 p.
1643 1183 1788 1224 169W

238 1243 280 1283 Π
309 1244 376 1293 71,
406 1243 527 1296 7Sp.:
570 1241 823 1296 ἐπιμελητέον
861 1241 903 1283 δὲ
947 1241 1014 1283 καὶ
1058 1249 1128 1295 τῆς
1173 1241 1401 1292 συνθέσεως
1444 1249 1523 1284 τῶν
1567 1241 1788 1297 ὀνομάτων,

238 1302 368 1342 πάντα
405 1302 644 1343 διδάσκοντα
681 1302 720 1352 ἐξ
759 1297 816 1343 ὧν
856 1302 1140 1355 διαφεύξονται
1183 1301 1226 1344 τὸ
1270 1309 1401 1352 κακῶς
1445 1301 1679 1344 συντιθέναι
1722 1303 1788 1344 καὶ

238 1361 404 1414 μάλιστα
441 1360 483 1403 δὲ
520 1362 594 1416 τὴν
631 1361 821 1417 ἔμμετρον
859 1362 926 1404 καὶ
963 1363 1170 1418 ἔνρυθμον
1208 1362 1312 1413 λέξιν
1355 1361 1408 1412 ὡς
1452 1362 1499 1403 τὰ
1542 1362 1666 1404 πολλὰ
1709 1369 1788 1405 τῶν

232 1417 427 1477 Ἡγησίου
459 1428 530 1463 τοῦ
564 1422 730 1478 ῥήτορος
767 1422 833 1463 καὶ
870 1429 950 1464 τῶν
977 1419 1172 1464 Ἀσιανῶν
1209 1421 1466 1476 καλουμένων
1503 1423 1684 1478 ρητόρων
1720 1425 1791 1464 καί

237 1497 325 1523 τινα
367 1489 446 1523 τῶν
487 1478 729 1538 Ἐπικούρου
767 1478 930 1538 (fragm.
960 1486 1055 1524 105.
1086 1485 1168 1524 131
1196 1478 1358 1539 Vsen.):
1400 1484 1568 1536 Epicuri
1613 1485 1786 1526 doctoris

236 1544 345 1583 enim
381 1544 645 1584 elocutionem
683 1544 865 1585 solebant
901 1546 1057 1584 imitari
1099 1544 1289 1596 discipuli
1326 1546 1366 1584 et
1410 1545 1630 1595 discipulae
1676 1539 1791 1599 (conf

236 1602 493 1644 Wilhelmius
520 1602 689 1644 Oesterr.
715 1604 897 1645 Jahresh.
923 1605 965 1644 H
994 1605 1107 1644 1899
1134 1618 1171 1655 p.
1202 1606 1288 1644 270
1303 1601 1442 1655 seqq).
1495 1603 1647 1644 Similis
1673 1605 1785 1645 uide-

236 1665 304 1702 tur
333 1663 455 1703 fuisse
487 1663 638 1704 locutio
669 1663 830 1704 Albucii
860 1665 924 1704 illi
956 1675 1076 1715 quam
1108 1663 1267 1704 Caelius
1298 1663 1516 1716 Antipater
1549 1665 1591 1703 in
1630 1664 1784 1706 deliciis

237 1723 395 1762 habuit:
427 1724 524 1764 conf
552 1722 630 1763 Cic.
658 1737 712 1764 or.
742 1725 838 1762 230.
894 1724 1042 1764 Irridet
1073 1723 1289 1764 Albucium
1319 1724 1475 1764 Mucius
1511 1726 1556 1764 ut
1588 1724 1785 1766 Graecum

236 1783 437 1823 hominem
470 1796 560 1824 cum
590 1785 717 1835 ponat
748 1783 989 1825 Graecorum
1020 1785 1376 1837 grammaticorum
1407 1784 1649 1825 uocabulum
1686 1786 1784 1826 lexis

236 1843 447 1894 lepideque
479 1845 687 1895 comparat
717 1844 914 1884 uocabula
946 1843 1159 1884 artificiose
1191 1845 1412 1895 composita
1444 1845 1648 1885 tesserulis
1686 1846 1783 1885 arti-

235 1903 354 1943 ficum
385 1905 597 1944 musiuarii
627 1905 698 1955 qui
729 1904 926 1944 dicuntur.
990 1903 1131 1955 Operis
1166 1906 1315 1944 musiui
1352 1906 1668 1945 uetustissimum
1701 1905 1779 1944 Lu-

236 1963 320 2003 cilii
350 1964 450 2004 istos
481 1976 618 2004 uersus
650 1974 734 2004 esse
766 1965 1042 2004 testimonium
1073 1965 1114 2004 et
1138 1964 1294 2004 Plinius
1322 1964 1523 2005 intellexit
1547 1965 1572 2003 l.
1599 1978 1628 2005 s.
1656 1979 1684 2005 s.
1713 1967 1783 2016 qui

228 2025 454 2073 pawitmcnti
490 2024 596 2063 male
632 2037 705 2075 pro
743 2024 976 2076 pauimento
1007 2023 1194 2064 uideatur
1224 2026 1422 2076 posuisse,
1460 2024 1578 2065 modo
1610 2038 1658 2064 ne
1692 2038 1782 2077 pec-

235 2083 338 2123 carit
373 2083 578 2134 librarius,
623 2085 664 2123 et
701 2097 836 2124 omnes
874 2086 944 2136 qui
981 2084 1057 2125 hoc
1093 2085 1252 2125 saeculo
1291 2085 1339 2124 de
1376 2085 1453 2125 hac
1489 2086 1575 2124 arte
1616 2087 1783 2138 egerunt

235 2143 364 2183 ueluti
394 2138 693 2194 Marquardtius
731 2145 890 2184 Mauius
928 2144 978 2184 de
1014 2145 1102 2184 uita
1138 2146 1302 2196 priuata
1331 2159 1371 2197 p.
1397 2145 1443 2184 R.
1470 2159 1507 2196 p.
1536 2146 1640 2184 627:
1678 2158 1782 2197 quae

236 2215 302 2242 ars
332 2203 528 2256 Pergamo
560 2203 678 2244 modo
715 2204 881 2245 inducta
917 2217 1001 2245 esse
1037 2199 1200 2244 uidetur
1237 2206 1278 2245 et
1307 2205 1476 2245 Romam
1514 2206 1555 2244 et
1591 2206 1634 2245 in
1666 2204 1781 2246 Gam-

235 2262 417 2314 paniam:
456 2265 550 2303 sunt
580 2264 687 2303 enim
718 2265 941 2304 clarissima
971 2266 1044 2305 illa,
1075 2265 1309 2305 lithostrota
1339 2265 1480 2305 domus
1511 2265 1641 2305 Fauni
1679 2279 1781 2317 quae

236 2322 384 2362 dicitur
402 2323 670 2375 Pompeianae
697 2326 828 2364 aetate
854 2325 936 2363 fere
956 2324 1102 2364 Lucilii
1130 2326 1234 2365 senis
1260 2325 1325 2364 uel
1350 2326 1472 2376 paulo
1495 2326 1587 2376 post
1611 2328 1780 2366 mortem

234 2383 378 2433 poetae
425 2384 673 2423 concinnata.
711 2406 757 2411 —-
797 2381 1042 2438 compostae]
1095 2385 1206 2425 deest
1254 2385 1421 2425 uerbum
1471 2385 1780 2436 substantiuum,

236 2443 332 2482 conf
352 2443 433 2482 ind.
454 2456 619 2496 gramm.
641 2457 670 2483 s.
690 2458 728 2483 u.
755 2444 917 2497 ellipsis.
938 2466 997 2472 -—
1018 2445 1085 2484 85.
1113 2443 1217 2497 arte]
1246 2445 1306 2486 ita
1330 2445 1448 2498 Verg.
1469 2444 1610 2498 Georg.
1636 2445 1695 2486 IV
1722 2446 1777 2485 56

237 2499 346 2542 ‘hinc
377 2504 462 2542 arte
493 2505 669 2544 recentes
701 2504 901 2544 excudunt
931 2501 1056 2545 ceras’
1083 2505 1223 2545 eadem
1253 2517 1392 2546 uersus
1417 2505 1508 2545 sede
1532 2504 1631 2545 Aen.
1651 2506 1672 2545 Ι
1693 2506 1777 2547 639

236 2558 338 2602 ‘arte
362 2562 568 2604 laboratae
593 2565 725 2604 uestes
750 2566 938 2616 ostroque
964 2562 1149 2616 superbo’
1177 2563 1293 2604 Ouid.
1321 2578 1355 2605 a.
1382 2578 1416 2604 a.
1443 2565 1464 2604 Ι
1490 2566 1515 2604 3
1547 2562 1649 2605 ‘arte
1675 2566 1778 2606 citae

235 2622 402 2674 ueloque
427 2624 534 2663 rates
557 2637 747 2675 remoque
771 2621 998 2665 mouentur'
1021 2638 1052 2664 e.
1074 2638 1110 2676 q.
1130 2638 1159 2664 s.
1188 2623 1266 2664 Cic.
1288 2625 1336 2665 de
1356 2638 1411 2664 or.
1431 2625 1494 2664 ΠΙ
1517 2626 1599 2665 196
1629 2622 1777 2665 ‘uerbis

235 2683 321 2721 arte
363 2683 506 2734 positis
549 2685 762 2723 mouentur
805 2681 967 2725 omnes’.
1002 2706 1058 2712 —
1090 2684 1323 2736 pauimento
1368 2686 1489 2735 atque
1540 2685 1776 2725 emblemate

237 2738 517 2795 uermiculato]
543 2742 757 2783 Ablatiuus
786 2745 848 2783 est
865 2745 944 2784 loci
969 2745 1089 2784 sicuti
1113 2745 1215 2784 libro
1234 2745 1254 2784 I
1281 2742 1464 2785 ‘concilio
1492 2746 1659 2795 antiquo
1680 2739 1776 2799 (30)

233 2801 364 2852 priore
391 2803 559 2843 concilio
587 2797 702 2857 (28):
727 2803 820 2843 uide
844 2804 924 2844 ind.
951 2817 1117 2855 gramm.
1138 2817 1166 2844 s.
1187 2818 1224 2844 u.
1252 2804 1463 2844 ablatiuus.
1499 2805 1778 2845 Pauimcntum

234 2861 542 2902 uermiculatum
595 2862 701 2914 quod
755 2863 903 2904 dicitur
951 2863 1095 2904 Latine
1145 2863 1293 2904 Graece
1349 2864 1496 2904 dicitur
1551 2866 1775 2905 accuratius

235 2921 419 2961 emblema
449 2922 774 2972 uermiculatum‚
812 2936 916 2974 quae
952 2924 1160 2975 tamquam
1191 2923 1325 2976 lapide
1356 2924 1464 2965 facta
1502 2925 1596 2964 sunt
1633 2925 1776 2964 aulaea

234 2979 413 3020 Attalica
449 2981 563 3021 humi
598 2984 819 3032 prostrata:
862 2983 1045 3024 tessellae
1082 2983 1263 3036 singulae
1301 2997 1391 3024 cum
1428 2985 1655 3025 uermiculis
1694 2985 1776 3025 sint

235 3041 476 3091 simillimae,
508 3054 607 3093 opus
639 3044 769 3083 totum
795 3043 942 3083 dicitur
967 3044 1274 3084 uermiculatum
1298 3044 1403 3084 unde
1429 3044 1663 3084 aduerbium
1688 3057 1774 3084 ucr-
