<?xml version="1.0" encoding="UTF-8"?>
<!DOCTYPE html PUBLIC "-//W3C//DTD XHTML 1.0 Transitional//EN"
    "http://www.w3.org/TR/xhtml1/DTD/xhtml1-transitional.dtd">
<html xmlns="http://www.w3.org/1999/xhtml" xml:lang="en" lang="en">
 <head>
  <title>
</title>
<meta http-equiv="Content-Type" content="text/html;charset=utf-8" />
  <meta name='ocr-system' content='tesseract 3.04.00' />
  <meta name='ocr-capabilities' content='ocr_page ocr_carea ocr_par ocr_line ocrx_word'/>
</head>
<body>
  <div class='ocr_page' id='page_1' title='image "./carminumreliquia02luciuoft_0075.png"; bbox 0 0 2060 3444; ppageno 0'>
   <div class='ocr_carea' id='block_1_1' title="bbox 861 274 1770 320">
    <p class='ocr_par' dir='ltr' id='par_1_1' title="bbox 861 274 1770 320">
     <span class='ocr_line' id='line_1_1' title="bbox 861 274 1770 320; baseline 0.011 -10"><span class='ocrx_word' id='word_1_1' title='bbox 861 274 896 311; x_wconf 91' lang='lat'><strong>11</strong></span> <span class='ocrx_word' id='word_1_2' title='bbox 921 287 955 311; x_wconf 89' lang='lat' dir='ltr'><strong>u.</strong></span> <span class='ocrx_word' id='word_1_3' title='bbox 983 278 1138 313; x_wconf 79' lang='lat'><strong>89—93.</strong></span> <span class='ocrx_word' id='word_1_4' title='bbox 1711 275 1770 320; x_wconf 87' lang='lat'><strong>43</strong></span> 
     </span>
    </p>
   </div>
   <div class='ocr_carea' id='block_1_2' title="bbox 203 387 1772 3090">
    <p class='ocr_par' dir='ltr' id='par_1_2' title="bbox 203 387 1772 3090">
     <span class='ocr_line' id='line_1_2' title="bbox 225 387 1772 441; baseline 0.001 -12"><span class='ocrx_word' id='word_1_5' title='bbox 225 388 370 430; x_wconf 83' lang='lat' dir='ltr'><strong>Lucilii</strong></span> <span class='ocrx_word' id='word_1_6' title='bbox 401 387 723 429; x_wconf 72' lang='lat' dir='ltr'><strong>centurionatum</strong></span> <span class='ocrx_word' id='word_1_7' title='bbox 755 390 921 441; x_wconf 84' lang='lat' dir='ltr'><strong>gessisse</strong></span> <span class='ocrx_word' id='word_1_8' title='bbox 953 389 1061 429; x_wconf 87' lang='lat' dir='ltr'><strong>credi</strong></span> <span class='ocrx_word' id='word_1_9' title='bbox 1098 390 1260 430; x_wconf 90' lang='lat' dir='ltr'><strong>omnino</strong></span> <span class='ocrx_word' id='word_1_10' title='bbox 1299 391 1489 440; x_wconf 77' lang='lat' dir='ltr'><strong>nequeat,</strong></span> <span class='ocrx_word' id='word_1_11' title='bbox 1526 389 1621 430; x_wconf 86' lang='lat' dir='ltr'><strong>licet</strong></span> <span class='ocrx_word' id='word_1_12' title='bbox 1652 390 1772 431; x_wconf 87' lang='lat' dir='ltr'><strong>aliter</strong></span> 
     </span>
     <span class='ocr_line' id='line_1_3' title="bbox 225 449 1771 501; baseline 0.002 -13"><span class='ocrx_word' id='word_1_13' title='bbox 225 449 273 490; x_wconf 85' lang='lat' dir='ltr'><strong>de</strong></span> <span class='ocrx_word' id='word_1_14' title='bbox 304 449 379 489; x_wconf 85' lang='lat' dir='ltr'><strong>hac</strong></span> <span class='ocrx_word' id='word_1_15' title='bbox 410 461 451 488; x_wconf 89' lang='lat' dir='ltr'><strong>re</strong></span> <span class='ocrx_word' id='word_1_16' title='bbox 483 449 632 489; x_wconf 89' lang='lat' dir='ltr'><strong>sentiat</strong></span> <span class='ocrx_word' id='word_1_17' title='bbox 674 449 908 489; x_wconf 88' lang='lat' dir='ltr'><strong>Huebnerus</strong></span> <span class='ocrx_word' id='word_1_18' title='bbox 947 450 1112 501; x_wconf 84' lang='lat' dir='ltr'><strong>Ephem.</strong></span> <span class='ocrx_word' id='word_1_19' title='bbox 1133 450 1271 501; x_wconf 87' lang='lat' dir='ltr'><strong>Epigr.</strong></span> <span class='ocrx_word' id='word_1_20' title='bbox 1291 449 1332 489; x_wconf 87' lang='lat' dir='ltr'><strong>H</strong></span> <span class='ocrx_word' id='word_1_21' title='bbox 1362 450 1474 489; x_wconf 86' lang='lat'>1875</span> <span class='ocrx_word' id='word_1_22' title='bbox 1501 463 1539 501; x_wconf 90' lang='lat' dir='ltr'><strong>p.</strong></span> <span class='ocrx_word' id='word_1_23' title='bbox 1562 451 1629 490; x_wconf 85' lang='lat'><strong>48.</strong></span> <span class='ocrx_word' id='word_1_24' title='bbox 1693 450 1771 491; x_wconf 85' lang='lat' dir='ltr'><strong>Sed</strong></span> 
     </span>
     <span class='ocr_line' id='line_1_4' title="bbox 223 508 1771 560; baseline 0.002 -12"><span class='ocrx_word' id='word_1_25' title='bbox 223 508 352 550; x_wconf 85' lang='lat' dir='ltr'><strong>Varro</strong></span> <span class='ocrx_word' id='word_1_26' title='bbox 379 521 498 560; x_wconf 89' lang='lat' dir='ltr'><strong>quem</strong></span> <span class='ocrx_word' id='word_1_27' title='bbox 523 510 719 549; x_wconf 92' lang='lat' dir='ltr'><strong>memorat</strong></span> <span class='ocrx_word' id='word_1_28' title='bbox 744 510 934 549; x_wconf 88' lang='lat' dir='ltr'><strong>Tritanus</strong></span> <span class='ocrx_word' id='word_1_29' title='bbox 959 509 1258 550; x_wconf 87' lang='lat' dir='ltr'><strong>robustissimus</strong></span> <span class='ocrx_word' id='word_1_30' title='bbox 1284 523 1374 550; x_wconf 92' lang='lat' dir='ltr'><strong>cum</strong></span> <span class='ocrx_word' id='word_1_31' title='bbox 1400 509 1536 550; x_wconf 90' lang='lat' dir='ltr'><strong>Pontii</strong></span> <span class='ocrx_word' id='word_1_32' title='bbox 1560 511 1603 550; x_wconf 91' lang='lat' dir='ltr'><strong>in</strong></span> <span class='ocrx_word' id='word_1_33' title='bbox 1623 511 1771 551; x_wconf 87' lang='lat' dir='ltr'><strong>uirium</strong></span> 
     </span>
     <span class='ocr_line' id='line_1_5' title="bbox 222 568 1771 623; baseline 0.001 -14"><span class='ocrx_word' id='word_1_34' title='bbox 222 569 498 622; x_wconf 67' lang='lat' dir='ltr'><strong>magnitudine</strong></span> <span class='ocrx_word' id='word_1_35' title='bbox 535 570 654 621; x_wconf 85' lang='lat' dir='ltr'><strong>plane</strong></span> <span class='ocrx_word' id='word_1_36' title='bbox 693 570 836 610; x_wconf 87' lang='lat' dir='ltr'><strong>similis</strong></span> <span class='ocrx_word' id='word_1_37' title='bbox 875 569 929 610; x_wconf 87' lang='lat' dir='ltr'><strong>sit</strong></span> <span class='ocrx_word' id='word_1_38' title='bbox 966 570 1224 621; x_wconf 90' lang='lat' dir='ltr'><strong>codicumque</strong></span> <span class='ocrx_word' id='word_1_39' title='bbox 1258 568 1458 610; x_wconf 85' lang='lat' dir='ltr'><strong>Ciceronis</strong></span> <span class='ocrx_word' id='word_1_40' title='bbox 1494 571 1640 611; x_wconf 87' lang='lat' dir='ltr'><strong>menda</strong></span> <span class='ocrx_word' id='word_1_41' title='bbox 1677 573 1771 623; x_wconf 88' lang='lat' dir='ltr'><strong>apte</strong></span> 
     </span>
     <span class='ocr_line' id='line_1_6' title="bbox 223 629 1771 682; baseline 0.001 -12"><span class='ocrx_word' id='word_1_42' title='bbox 223 629 422 682; x_wconf 84' lang='lat' dir='ltr'><strong>explicent</strong></span> <span class='ocrx_word' id='word_1_43' title='bbox 458 629 607 669; x_wconf 85' lang='lat' dir='ltr'><strong>similia</strong></span> <span class='ocrx_word' id='word_1_44' title='bbox 645 630 689 669; x_wconf 88' lang='lat' dir='ltr'><strong>in</strong></span> <span class='ocrx_word' id='word_1_45' title='bbox 726 629 826 670; x_wconf 89' lang='lat' dir='ltr'><strong>codd</strong></span> <span class='ocrx_word' id='word_1_46' title='bbox 858 630 1021 681; x_wconf 79' lang='lat' dir='ltr'><strong>Vopisci</strong></span> <span class='ocrx_word' id='word_1_47' title='bbox 1063 630 1292 680; x_wconf 89' lang='lat' dir='ltr'><strong>commissa,</strong></span> <span class='ocrx_word' id='word_1_48' title='bbox 1333 630 1501 670; x_wconf 91' lang='lat' dir='ltr'><strong>eundem</strong></span> <span class='ocrx_word' id='word_1_49' title='bbox 1540 643 1624 671; x_wconf 89' lang='lat' dir='ltr'><strong>esse</strong></span> <span class='ocrx_word' id='word_1_50' title='bbox 1664 632 1771 679; x_wconf 84' lang='lat' dir='ltr'><strong>hunc</strong></span> 
     </span>
     <span class='ocr_line' id='line_1_7' title="bbox 223 689 1772 742; baseline 0.001 -12"><span class='ocrx_word' id='word_1_51' title='bbox 223 690 434 730; x_wconf 83' lang='lat' dir='ltr'><strong>Tritanum</strong></span> <span class='ocrx_word' id='word_1_52' title='bbox 478 691 749 730; x_wconf 87' lang='lat' dir='ltr'><strong>centurionem</strong></span> <span class='ocrx_word' id='word_1_53' title='bbox 793 690 940 730; x_wconf 82' lang='lat' dir='ltr'><strong>Lucilii</strong></span> <span class='ocrx_word' id='word_1_54' title='bbox 984 692 1104 741; x_wconf 89' lang='lat' dir='ltr'><strong>atque</strong></span> <span class='ocrx_word' id='word_1_55' title='bbox 1155 689 1421 742; x_wconf 80' lang='lat' dir='ltr'><strong>gladiatorem</strong></span> <span class='ocrx_word' id='word_1_56' title='bbox 1464 690 1658 731; x_wconf 85' lang='lat' dir='ltr'><strong>Varronis</strong></span> <span class='ocrx_word' id='word_1_57' title='bbox 1703 692 1772 732; x_wconf 80' lang='lat' dir='ltr'><strong>ad-</strong></span> 
     </span>
     <span class='ocr_line' id='line_1_8' title="bbox 221 749 1770 801; baseline 0.001 -11"><span class='ocrx_word' id='word_1_58' title='bbox 221 749 383 791; x_wconf 87' lang='lat' dir='ltr'><strong>modum</strong></span> <span class='ocrx_word' id='word_1_59' title='bbox 422 749 628 801; x_wconf 80' lang='lat' dir='ltr'><strong>probabile</strong></span> <span class='ocrx_word' id='word_1_60' title='bbox 667 751 743 790; x_wconf 57' lang='lat' dir='ltr'><strong>est*</strong></span> <span class='ocrx_word' id='word_1_61' title='bbox 765 750 1102 801; x_wconf 85' lang='lat' dir='ltr'><strong>statuendumque</strong></span> <span class='ocrx_word' id='word_1_62' title='bbox 1140 751 1218 790; x_wconf 83' lang='lat' dir='ltr'><strong>erit</strong></span> <span class='ocrx_word' id='word_1_63' title='bbox 1255 751 1528 790; x_wconf 86' lang='lat' dir='ltr'><strong>centurionem</strong></span> <span class='ocrx_word' id='word_1_64' title='bbox 1560 751 1770 791; x_wconf 89' lang='lat' dir='ltr'><strong>Tritanum</strong></span> 
     </span>
     <span class='ocr_line' id='line_1_9' title="bbox 222 810 1770 862; baseline 0.001 -12"><span class='ocrx_word' id='word_1_65' title='bbox 222 811 264 850; x_wconf 90' lang='lat' dir='ltr'><strong>in</strong></span> <span class='ocrx_word' id='word_1_66' title='bbox 294 810 514 861; x_wconf 89' lang='lat' dir='ltr'><strong>municipio</strong></span> <span class='ocrx_word' id='word_1_67' title='bbox 546 812 618 850; x_wconf 91' lang='lat' dir='ltr'><strong>aut</strong></span> <span class='ocrx_word' id='word_1_68' title='bbox 642 811 746 850; x_wconf 87' lang='lat' dir='ltr'><strong>male</strong></span> <span class='ocrx_word' id='word_1_69' title='bbox 773 810 1029 850; x_wconf 81' lang='lat' dir='ltr'><strong>conturbasse</strong></span> <span class='ocrx_word' id='word_1_70' title='bbox 1057 812 1128 850; x_wconf 87' lang='lat' dir='ltr'><strong>aut</strong></span> <span class='ocrx_word' id='word_1_71' title='bbox 1152 824 1231 850; x_wconf 89' lang='lat' dir='ltr'><strong>non</strong></span> <span class='ocrx_word' id='word_1_72' title='bbox 1257 811 1396 850; x_wconf 88' lang='lat' dir='ltr'><strong>tulisse</strong></span> <span class='ocrx_word' id='word_1_73' title='bbox 1421 823 1562 862; x_wconf 87' lang='lat' dir='ltr'><strong>pacem</strong></span> <span class='ocrx_word' id='word_1_74' title='bbox 1588 812 1770 862; x_wconf 86' lang='lat' dir='ltr'><strong>oppiduli</strong></span> 
     </span>
     <span class='ocr_line' id='line_1_10' title="bbox 221 870 1770 922; baseline 0.001 -12"><span class='ocrx_word' id='word_1_75' title='bbox 221 871 428 922; x_wconf 89' lang='lat' dir='ltr'><strong>uitamque</strong></span> <span class='ocrx_word' id='word_1_76' title='bbox 465 871 635 911; x_wconf 90' lang='lat' dir='ltr'><strong>otiosam</strong></span> <span class='ocrx_word' id='word_1_77' title='bbox 673 872 1052 922; x_wconf 86' lang='lat' dir='ltr'><strong>exauctoratumque</strong></span> <span class='ocrx_word' id='word_1_78' title='bbox 1091 870 1321 922; x_wconf 88' lang='lat' dir='ltr'><strong>depressum</strong></span> <span class='ocrx_word' id='word_1_79' title='bbox 1364 871 1488 911; x_wconf 87' lang='lat' dir='ltr'><strong>fuisse</strong></span> <span class='ocrx_word' id='word_1_80' title='bbox 1532 872 1574 910; x_wconf 89' lang='lat' dir='ltr'><strong>in</strong></span> <span class='ocrx_word' id='word_1_81' title='bbox 1613 872 1770 911; x_wconf 86' lang='lat' dir='ltr'><strong>ludum:</strong></span> 
     </span>
     <span class='ocr_line' id='line_1_11' title="bbox 222 928 1771 984; baseline 0.001 -13"><span class='ocrx_word' id='word_1_82' title='bbox 222 931 317 971; x_wconf 81' lang='lat' dir='ltr'><strong>conf</strong></span> <span class='ocrx_word' id='word_1_83' title='bbox 355 931 431 984; x_wconf 88' lang='lat' dir='ltr'><strong>leg.</strong></span> <span class='ocrx_word' id='word_1_84' title='bbox 463 932 586 982; x_wconf 88' lang='lat' dir='ltr'><strong>repet.</strong></span> <span class='ocrx_word' id='word_1_85' title='bbox 619 930 705 970; x_wconf 83' lang='lat' dir='ltr'><strong>CIL</strong></span> <span class='ocrx_word' id='word_1_86' title='bbox 729 931 750 970; x_wconf 94' lang='lat' dir='ltr'>I</span> <span class='ocrx_word' id='word_1_87' title='bbox 785 931 888 981; x_wconf 88' lang='grc'>198,</span> <span class='ocrx_word' id='word_1_88' title='bbox 917 931 970 970; x_wconf 89' lang='grc'><strong>16</strong></span> <span class='ocrx_word' id='word_1_89' title='bbox 1009 931 1147 970; x_wconf 90' lang='lat' dir='ltr'><strong>Manil.</strong></span> <span class='ocrx_word' id='word_1_90' title='bbox 1174 930 1234 970; x_wconf 91' lang='lat' dir='ltr'><strong>IV</strong></span> <span class='ocrx_word' id='word_1_91' title='bbox 1268 932 1352 971; x_wconf 84' lang='lat'><strong>225</strong></span> <span class='ocrx_word' id='word_1_92' title='bbox 1400 928 1520 971; x_wconf 81' lang='lat' dir='ltr'><strong>‘nunc</strong></span> <span class='ocrx_word' id='word_1_93' title='bbox 1565 933 1687 982; x_wconf 88' lang='lat' dir='ltr'><strong>caput</strong></span> <span class='ocrx_word' id='word_1_94' title='bbox 1729 934 1771 972; x_wconf 89' lang='lat' dir='ltr'><strong>in</strong></span> 
     </span>
     <span class='ocr_line' id='line_1_12' title="bbox 221 991 1772 1044; baseline 0.001 -14"><span class='ocrx_word' id='word_1_95' title='bbox 221 992 392 1031; x_wconf 88' lang='lat' dir='ltr'><strong>mortem</strong></span> <span class='ocrx_word' id='word_1_96' title='bbox 423 991 603 1031; x_wconf 91' lang='lat' dir='ltr'><strong>uendunt</strong></span> <span class='ocrx_word' id='word_1_97' title='bbox 633 992 673 1030; x_wconf 88' lang='lat' dir='ltr'><strong>et</strong></span> <span class='ocrx_word' id='word_1_98' title='bbox 703 991 823 1030; x_wconf 75' lang='lat' dir='ltr'><strong>funus</strong></span> <span class='ocrx_word' id='word_1_99' title='bbox 855 1004 999 1031; x_wconf 88' lang='lat' dir='ltr'><strong>arenae</strong></span> <span class='ocrx_word' id='word_1_100' title='bbox 1027 993 1149 1042; x_wconf 88' lang='lat' dir='ltr'><strong>atque</strong></span> <span class='ocrx_word' id='word_1_101' title='bbox 1174 992 1331 1031; x_wconf 89' lang='lat' dir='ltr'><strong>hostem</strong></span> <span class='ocrx_word' id='word_1_102' title='bbox 1356 991 1434 1031; x_wconf 86' lang='lat' dir='ltr'><strong>sibi</strong></span> <span class='ocrx_word' id='word_1_103' title='bbox 1460 992 1628 1043; x_wconf 90' lang='lat' dir='ltr'><strong>quisque</strong></span> <span class='ocrx_word' id='word_1_104' title='bbox 1654 994 1772 1044; x_wconf 89' lang='lat' dir='ltr'><strong>parat</strong></span> 
     </span>
     <span class='ocr_line' id='line_1_13' title="bbox 223 1048 1770 1103; baseline 0.001 -12"><span class='ocrx_word' id='word_1_105' title='bbox 223 1064 312 1091; x_wconf 89' lang='lat' dir='ltr'><strong>cum</strong></span> <span class='ocrx_word' id='word_1_106' title='bbox 343 1051 450 1091; x_wconf 90' lang='lat' dir='ltr'><strong>bella</strong></span> <span class='ocrx_word' id='word_1_107' title='bbox 482 1048 719 1102; x_wconf 86' lang='lat' dir='ltr'><strong>quiescunt&#39;.</strong></span> <span class='ocrx_word' id='word_1_108' title='bbox 782 1051 948 1092; x_wconf 87' lang='lat' dir='ltr'><strong>Poterat</strong></span> <span class='ocrx_word' id='word_1_109' title='bbox 977 1051 1158 1092; x_wconf 89' lang='lat' dir='ltr'><strong>Lucilius</strong></span> <span class='ocrx_word' id='word_1_110' title='bbox 1190 1052 1361 1092; x_wconf 88' lang='lat' dir='ltr'><strong>scribere</strong></span> <span class='ocrx_word' id='word_1_111' title='bbox 1391 1053 1508 1091; x_wconf 78' lang='lat' dir='ltr'><strong>Ponti</strong></span> <span class='ocrx_word' id='word_1_112' title='bbox 1539 1055 1574 1091; x_wconf 77' lang='lat' dir='ltr'><strong>ct</strong></span> <span class='ocrx_word' id='word_1_113' title='bbox 1603 1054 1770 1103; x_wconf 71' lang='lat' dir='ltr'><strong>Tritum,</strong></span> 
     </span>
     <span class='ocr_line' id='line_1_14' title="bbox 222 1111 1770 1164; baseline 0.001 -13"><span class='ocrx_word' id='word_1_114' title='bbox 222 1111 329 1162; x_wconf 89' lang='lat' dir='ltr'><strong>quod</strong></span> <span class='ocrx_word' id='word_1_115' title='bbox 377 1124 457 1151; x_wconf 89' lang='lat' dir='ltr'><strong>non</strong></span> <span class='ocrx_word' id='word_1_116' title='bbox 506 1111 619 1162; x_wconf 81' lang='lat' dir='ltr'><strong>fecit,</strong></span> <span class='ocrx_word' id='word_1_117' title='bbox 670 1112 767 1163; x_wconf 87' lang='lat' dir='ltr'><strong>quia</strong></span> <span class='ocrx_word' id='word_1_118' title='bbox 815 1111 1009 1164; x_wconf 83' lang='lat' dir='ltr'><strong>asyndeto</strong></span> <span class='ocrx_word' id='word_1_119' title='bbox 1060 1112 1180 1151; x_wconf 89' lang='lat' dir='ltr'><strong>etiam</strong></span> <span class='ocrx_word' id='word_1_120' title='bbox 1230 1113 1365 1163; x_wconf 88' lang='lat' dir='ltr'><strong>plures</strong></span> <span class='ocrx_word' id='word_1_121' title='bbox 1405 1113 1684 1164; x_wconf 83' lang='lat' dir='ltr'><strong>magnanimos</strong></span> <span class='ocrx_word' id='word_1_122' title='bbox 1730 1126 1770 1153; x_wconf 90' lang='lat' dir='ltr'><strong>se</strong></span> 
     </span>
     <span class='ocr_line' id='line_1_15' title="bbox 221 1171 1771 1226; baseline 0.002 -16"><span class='ocrx_word' id='word_1_123' title='bbox 221 1183 454 1226; x_wconf 78' lang='lat' dir='ltr'><strong>enumerare</strong></span> <span class='ocrx_word' id='word_1_124' title='bbox 485 1184 601 1223; x_wconf 89' lang='lat' dir='ltr'><strong>posse</strong></span> <span class='ocrx_word' id='word_1_125' title='bbox 631 1171 739 1212; x_wconf 89' lang='lat' dir='ltr'><strong>uiros</strong></span> <span class='ocrx_word' id='word_1_126' title='bbox 772 1173 867 1224; x_wconf 87' lang='lat' dir='ltr'><strong>apte</strong></span> <span class='ocrx_word' id='word_1_127' title='bbox 896 1173 1033 1224; x_wconf 91' lang='lat' dir='ltr'><strong>potuit</strong></span> <span class='ocrx_word' id='word_1_128' title='bbox 1062 1172 1250 1212; x_wconf 83' lang='lat' dir='ltr'><strong>indicare.</strong></span> <span class='ocrx_word' id='word_1_129' title='bbox 1315 1171 1578 1213; x_wconf 78' lang='lat' dir='ltr'><strong>Centuriones</strong></span> <span class='ocrx_word' id='word_1_130' title='bbox 1604 1175 1771 1214; x_wconf 85' lang='lat' dir='ltr'><strong>immani</strong></span> 
     </span>
     <span class='ocr_line' id='line_1_16' title="bbox 221 1231 1770 1284; baseline 0.001 -13"><span class='ocrx_word' id='word_1_131' title='bbox 221 1232 398 1282; x_wconf 86' lang='lat' dir='ltr'><strong>corporis</strong></span> <span class='ocrx_word' id='word_1_132' title='bbox 422 1231 562 1271; x_wconf 86' lang='lat' dir='ltr'><strong>robore</strong></span> <span class='ocrx_word' id='word_1_133' title='bbox 587 1232 790 1284; x_wconf 90' lang='lat' dir='ltr'><strong>praeditos</strong></span> <span class='ocrx_word' id='word_1_134' title='bbox 809 1232 1002 1272; x_wconf 85' lang='lat' dir='ltr'><strong>Albucius</strong></span> <span class='ocrx_word' id='word_1_135' title='bbox 1028 1234 1258 1273; x_wconf 87' lang='lat' dir='ltr'><strong>nominarat</strong></span> <span class='ocrx_word' id='word_1_136' title='bbox 1283 1234 1329 1272; x_wconf 89' lang='lat' dir='ltr'><strong>ut</strong></span> <span class='ocrx_word' id='word_1_137' title='bbox 1346 1234 1519 1272; x_wconf 89' lang='lat' dir='ltr'><strong>rusticos</strong></span> <span class='ocrx_word' id='word_1_138' title='bbox 1538 1233 1770 1273; x_wconf 80' lang='lat' dir='ltr'><strong>illitteratos</strong></span> 
     </span>
     <span class='ocr_line' id='line_1_17' title="bbox 221 1291 1768 1343; baseline 0.001 -11"><span class='ocrx_word' id='word_1_139' title='bbox 221 1291 420 1343; x_wconf 88' lang='lat' dir='ltr'><strong>stupidos,</strong></span> <span class='ocrx_word' id='word_1_140' title='bbox 458 1291 700 1332; x_wconf 87' lang='lat' dir='ltr'><strong>Graecorum</strong></span> <span class='ocrx_word' id='word_1_141' title='bbox 741 1292 947 1333; x_wconf 85' lang='lat' dir='ltr'><strong>doctrinae</strong></span> <span class='ocrx_word' id='word_1_142' title='bbox 983 1293 1176 1332; x_wconf 85' lang='lat' dir='ltr'><strong>infensos:</strong></span> <span class='ocrx_word' id='word_1_143' title='bbox 1218 1293 1404 1332; x_wconf 85' lang='lat' dir='ltr'><strong>similiter</strong></span> <span class='ocrx_word' id='word_1_144' title='bbox 1434 1293 1594 1333; x_wconf 87' lang='lat' dir='ltr'><strong>Persius</strong></span> <span class='ocrx_word' id='word_1_145' title='bbox 1619 1294 1656 1332; x_wconf 91' lang='lat' dir='ltr'>V</span> <span class='ocrx_word' id='word_1_146' title='bbox 1685 1294 1768 1333; x_wconf 94' lang='lat'><strong>189</strong></span> 
     </span>
     <span class='ocr_line' id='line_1_18' title="bbox 220 1350 1770 1405; baseline 0.002 -14"><span class='ocrx_word' id='word_1_147' title='bbox 220 1353 423 1405; x_wconf 84' lang='lat' dir='ltr'><strong>ingentem</strong></span> <span class='ocrx_word' id='word_1_148' title='bbox 466 1352 642 1393; x_wconf 87' lang='lat' dir='ltr'><strong>eiusdem</strong></span> <span class='ocrx_word' id='word_1_149' title='bbox 686 1354 841 1405; x_wconf 87' lang='lat' dir='ltr'><strong>generis</strong></span> <span class='ocrx_word' id='word_1_150' title='bbox 891 1353 1078 1404; x_wconf 90' lang='lat' dir='ltr'><strong>producit</strong></span> <span class='ocrx_word' id='word_1_151' title='bbox 1126 1354 1415 1392; x_wconf 88' lang='lat' dir='ltr'><strong>centurionem:</strong></span> <span class='ocrx_word' id='word_1_152' title='bbox 1468 1350 1629 1394; x_wconf 84' lang='lat' dir='ltr'><strong>‘dixeris</strong></span> <span class='ocrx_word' id='word_1_153' title='bbox 1673 1355 1770 1394; x_wconf 87' lang='lat' dir='ltr'><strong>haec</strong></span> 
     </span>
     <span class='ocr_line' id='line_1_19' title="bbox 220 1412 1770 1454; baseline 0.001 -2"><span class='ocrx_word' id='word_1_154' title='bbox 220 1412 326 1452; x_wconf 87' lang='lat' dir='ltr'><strong>inter</strong></span> <span class='ocrx_word' id='word_1_155' title='bbox 374 1413 576 1453; x_wconf 91' lang='lat' dir='ltr'><strong>uaricosos</strong></span> <span class='ocrx_word' id='word_1_156' title='bbox 626 1415 876 1453; x_wconf 88' lang='lat' dir='ltr'><strong>centuriones</strong></span> <span class='ocrx_word' id='word_1_157' title='bbox 930 1415 1119 1453; x_wconf 87' lang='lat' dir='ltr'><strong>continuo</strong></span> <span class='ocrx_word' id='word_1_158' title='bbox 1163 1426 1341 1453; x_wconf 88' lang='lat' dir='ltr'><strong>crassum</strong></span> <span class='ocrx_word' id='word_1_159' title='bbox 1383 1413 1490 1453; x_wconf 89' lang='lat' dir='ltr'><strong>ridet</strong></span> <span class='ocrx_word' id='word_1_160' title='bbox 1531 1413 1770 1454; x_wconf 88' lang='lat' dir='ltr'><strong>Pulfennius</strong></span> 
     </span>
     <span class='ocr_line' id='line_1_20' title="bbox 219 1471 1770 1526; baseline 0.001 -14"><span class='ocrx_word' id='word_1_161' title='bbox 219 1474 362 1526; x_wconf 88' lang='lat' dir='ltr'><strong>ingens</strong></span> <span class='ocrx_word' id='word_1_162' title='bbox 400 1474 441 1512; x_wconf 91' lang='lat' dir='ltr'><strong>et</strong></span> <span class='ocrx_word' id='word_1_163' title='bbox 477 1474 636 1513; x_wconf 89' lang='lat' dir='ltr'><strong>centum</strong></span> <span class='ocrx_word' id='word_1_164' title='bbox 669 1472 840 1514; x_wconf 83' lang='lat' dir='ltr'><strong>Graecos</strong></span> <span class='ocrx_word' id='word_1_165' title='bbox 878 1475 991 1514; x_wconf 89' lang='lat' dir='ltr'><strong>curto</strong></span> <span class='ocrx_word' id='word_1_166' title='bbox 1024 1476 1205 1514; x_wconf 88' lang='lat' dir='ltr'><strong>centusse</strong></span> <span class='ocrx_word' id='word_1_167' title='bbox 1237 1471 1417 1523; x_wconf 83' lang='lat' dir='ltr'><strong>licetur&#39;3</strong></span> <span class='ocrx_word' id='word_1_168' title='bbox 1451 1474 1521 1513; x_wconf 90' lang='lat' dir='ltr'><strong>ubi</strong></span> <span class='ocrx_word' id='word_1_169' title='bbox 1553 1475 1770 1514; x_wconf 86' lang='lat' dir='ltr'><strong>scholiasta</strong></span> 
     </span>
     <span class='ocr_line' id='line_1_21' title="bbox 222 1530 1770 1585; baseline 0.001 -13"><span class='ocrx_word' id='word_1_170' title='bbox 222 1530 392 1573; x_wconf 85' lang='lat' dir='ltr'><strong>‘uarices</strong></span> <span class='ocrx_word' id='word_1_171' title='bbox 442 1535 537 1573; x_wconf 90' lang='lat' dir='ltr'><strong>sunt</strong></span> <span class='ocrx_word' id='word_1_172' title='bbox 586 1545 712 1573; x_wconf 84' lang='lat' dir='ltr'><strong>uenae</strong></span> <span class='ocrx_word' id='word_1_173' title='bbox 761 1534 909 1573; x_wconf 86' lang='lat' dir='ltr'><strong>mixtae</strong></span> <span class='ocrx_word' id='word_1_174' title='bbox 960 1535 1094 1574; x_wconf 89' lang='lat' dir='ltr'><strong>neruis</strong></span> <span class='ocrx_word' id='word_1_175' title='bbox 1143 1535 1186 1573; x_wconf 89' lang='lat' dir='ltr'><strong>in</strong></span> <span class='ocrx_word' id='word_1_176' title='bbox 1235 1533 1404 1585; x_wconf 89' lang='lat' dir='ltr'><strong>pedibus</strong></span> <span class='ocrx_word' id='word_1_177' title='bbox 1459 1534 1583 1574; x_wconf 89' lang='lat' dir='ltr'><strong>nimio</strong></span> <span class='ocrx_word' id='word_1_178' title='bbox 1634 1535 1770 1575; x_wconf 89' lang='lat' dir='ltr'><strong>labore</strong></span> 
     </span>
     <span class='ocr_line' id='line_1_22' title="bbox 221 1589 1770 1648; baseline 0.001 -15"><span class='ocrx_word' id='word_1_179' title='bbox 221 1595 419 1633; x_wconf 89' lang='lat' dir='ltr'><strong>tumentes</strong></span> <span class='ocrx_word' id='word_1_180' title='bbox 452 1589 567 1648; x_wconf 82' lang='lat' dir='ltr'><strong>(conf</strong></span> <span class='ocrx_word' id='word_1_181' title='bbox 588 1594 718 1633; x_wconf 90' lang='lat' dir='ltr'><strong>Varro</strong></span> <span class='ocrx_word' id='word_1_182' title='bbox 751 1594 858 1645; x_wconf 81' lang='lat' dir='ltr'><strong>apud</strong></span> <span class='ocrx_word' id='word_1_183' title='bbox 883 1593 1058 1633; x_wconf 89' lang='lat' dir='ltr'><strong>Plinium</strong></span> <span class='ocrx_word' id='word_1_184' title='bbox 1090 1595 1115 1632; x_wconf 94' lang='lat' dir='ltr'><strong>l.</strong></span> <span class='ocrx_word' id='word_1_185' title='bbox 1137 1606 1165 1633; x_wconf 89' lang='lat' dir='ltr'><strong>s.</strong></span> <span class='ocrx_word' id='word_1_186' title='bbox 1187 1606 1215 1634; x_wconf 87' lang='lat' dir='ltr'><strong>s.</strong></span> <span class='ocrx_word' id='word_1_187' title='bbox 1245 1594 1294 1634; x_wconf 91' lang='lat' dir='ltr'><strong>de</strong></span> <span class='ocrx_word' id='word_1_188' title='bbox 1320 1595 1508 1634; x_wconf 87' lang='lat' dir='ltr'><strong>Tritano:</strong></span> <span class='ocrx_word' id='word_1_189' title='bbox 1542 1591 1770 1635; x_wconf 86' lang='lat' dir='ltr'><strong>‘Tritanum</strong></span> 
     </span>
     <span class='ocr_line' id='line_1_23' title="bbox 253 1653 1770 1706; baseline 0.002 -14"><span class='ocrx_word' id='word_1_190' title='bbox 253 1682 262 1692; x_wconf 90' lang='lat'><strong>.</strong></span> <span class='ocrx_word' id='word_1_191' title='bbox 282 1684 290 1692; x_wconf 95' lang='lat'><strong>.</strong></span> <span class='ocrx_word' id='word_1_192' title='bbox 316 1653 523 1704; x_wconf 89' lang='lat' dir='ltr'><strong>filiumque</strong></span> <span class='ocrx_word' id='word_1_193' title='bbox 556 1655 640 1693; x_wconf 88' lang='lat' dir='ltr'><strong>eius</strong></span> <span class='ocrx_word' id='word_1_194' title='bbox 672 1655 713 1693; x_wconf 92' lang='lat' dir='ltr'><strong>et</strong></span> <span class='ocrx_word' id='word_1_195' title='bbox 743 1656 874 1694; x_wconf 85' lang='lat' dir='ltr'><strong>rectos</strong></span> <span class='ocrx_word' id='word_1_196' title='bbox 905 1656 946 1693; x_wconf 91' lang='lat' dir='ltr'><strong>et</strong></span> <span class='ocrx_word' id='word_1_197' title='bbox 976 1656 1176 1694; x_wconf 88' lang='lat' dir='ltr'><strong>trauersos</strong></span> <span class='ocrx_word' id='word_1_198' title='bbox 1209 1654 1460 1694; x_wconf 86' lang='lat' dir='ltr'><strong>cancellatim</strong></span> <span class='ocrx_word' id='word_1_199' title='bbox 1492 1655 1579 1694; x_wconf 90' lang='lat' dir='ltr'><strong>toto</strong></span> <span class='ocrx_word' id='word_1_200' title='bbox 1605 1668 1770 1706; x_wconf 89' lang='lat' dir='ltr'><strong>corpore</strong></span> 
     </span>
     <span class='ocr_line' id='line_1_24' title="bbox 220 1709 1770 1768; baseline 0.002 -16"><span class='ocrx_word' id='word_1_201' title='bbox 220 1713 406 1752; x_wconf 85' lang='lat' dir='ltr'><strong>habuisse</strong></span> <span class='ocrx_word' id='word_1_202' title='bbox 448 1726 611 1763; x_wconf 89' lang='lat' dir='ltr'><strong>neruos,</strong></span> <span class='ocrx_word' id='word_1_203' title='bbox 659 1715 703 1753; x_wconf 89' lang='lat' dir='ltr'><strong>in</strong></span> <span class='ocrx_word' id='word_1_204' title='bbox 754 1714 951 1754; x_wconf 87' lang='lat' dir='ltr'><strong>bracchiis</strong></span> <span class='ocrx_word' id='word_1_205' title='bbox 995 1715 1118 1754; x_wconf 87' lang='lat' dir='ltr'><strong>etiam</strong></span> <span class='ocrx_word' id='word_1_206' title='bbox 1158 1709 1452 1768; x_wconf 86' lang='lat' dir='ltr'><strong>manibusque).</strong></span> <span class='ocrx_word' id='word_1_207' title='bbox 1522 1715 1624 1754; x_wconf 87' lang='lat' dir='ltr'><strong>Tum</strong></span> <span class='ocrx_word' id='word_1_208' title='bbox 1662 1715 1770 1766; x_wconf 90' lang='lat' dir='ltr'><strong>apud</strong></span> 
     </span>
     <span class='ocr_line' id='line_1_25' title="bbox 220 1769 1769 1826; baseline 0.001 -14"><span class='ocrx_word' id='word_1_209' title='bbox 220 1772 328 1813; x_wconf 88' lang='lat' dir='ltr'><strong>Pers.</strong></span> <span class='ocrx_word' id='word_1_210' title='bbox 355 1773 417 1812; x_wconf 91' lang='lat' dir='ltr'><strong>III</strong></span> <span class='ocrx_word' id='word_1_211' title='bbox 452 1775 504 1812; x_wconf 84' lang='lat'><strong>77</strong></span> <span class='ocrx_word' id='word_1_212' title='bbox 546 1770 626 1813; x_wconf 83' lang='lat' dir='ltr'><strong>‘hic</strong></span> <span class='ocrx_word' id='word_1_213' title='bbox 669 1774 818 1825; x_wconf 89' lang='lat' dir='ltr'><strong>aliquis</strong></span> <span class='ocrx_word' id='word_1_214' title='bbox 868 1774 916 1814; x_wconf 90' lang='lat' dir='ltr'><strong>de</strong></span> <span class='ocrx_word' id='word_1_215' title='bbox 960 1777 1078 1826; x_wconf 88' lang='lat' dir='ltr'><strong>gente</strong></span> <span class='ocrx_word' id='word_1_216' title='bbox 1122 1774 1279 1814; x_wconf 83' lang='lat' dir='ltr'><strong>hircosa</strong></span> <span class='ocrx_word' id='word_1_217' title='bbox 1322 1769 1599 1814; x_wconf 84' lang='lat' dir='ltr'><strong>centurionum</strong></span> <span class='ocrx_word' id='word_1_218' title='bbox 1643 1775 1769 1815; x_wconf 84' lang='lat' dir='ltr'><strong>dicat:</strong></span> 
     </span>
     <span class='ocr_line' id='line_1_26' title="bbox 222 1831 1770 1886; baseline 0.002 -14"><span class='ocrx_word' id='word_1_219' title='bbox 222 1833 329 1884; x_wconf 93' lang='lat' dir='ltr'><strong>quod</strong></span> <span class='ocrx_word' id='word_1_220' title='bbox 355 1833 480 1885; x_wconf 86' lang='lat' dir='ltr'><strong>sapio,</strong></span> <span class='ocrx_word' id='word_1_221' title='bbox 506 1833 605 1873; x_wconf 87' lang='lat' dir='ltr'><strong>satis</strong></span> <span class='ocrx_word' id='word_1_222' title='bbox 626 1835 686 1873; x_wconf 89' lang='lat' dir='ltr'><strong>est</strong></span> <span class='ocrx_word' id='word_1_223' title='bbox 703 1831 818 1873; x_wconf 87' lang='lat' dir='ltr'><strong>mihi&#39;</strong></span> <span class='ocrx_word' id='word_1_224' title='bbox 842 1834 910 1885; x_wconf 91' lang='lat' dir='ltr'><strong>qui</strong></span> <span class='ocrx_word' id='word_1_225' title='bbox 935 1834 1076 1874; x_wconf 89' lang='lat' dir='ltr'><strong>deinde</strong></span> <span class='ocrx_word' id='word_1_226' title='bbox 1103 1835 1207 1874; x_wconf 88' lang='lat' dir='ltr'><strong>ridet</strong></span> <span class='ocrx_word' id='word_1_227' title='bbox 1225 1835 1484 1886; x_wconf 84' lang='lat' dir='ltr'><strong>philosophos</strong></span> <span class='ocrx_word' id='word_1_228' title='bbox 1506 1834 1687 1876; x_wconf 86' lang='lat' dir='ltr'><strong>Graecos.</strong></span> <span class='ocrx_word' id='word_1_229' title='bbox 1710 1857 1770 1863; x_wconf 88' lang='lat'><strong>——-</strong></span> 
     </span>
     <span class='ocr_line' id='line_1_27' title="bbox 345 1894 1770 1946; baseline 0.001 -13"><span class='ocrx_word' id='word_1_230' title='bbox 345 1895 411 1933; x_wconf 89' lang='lat'><strong>90.</strong></span> <span class='ocrx_word' id='word_1_231' title='bbox 445 1894 522 1933; x_wconf 88' lang='lat' dir='ltr'><strong>uiri</strong></span> <span class='ocrx_word' id='word_1_232' title='bbox 560 1895 758 1944; x_wconf 88' lang='lat' dir='ltr'><strong>praeclari</strong></span> <span class='ocrx_word' id='word_1_233' title='bbox 795 1896 836 1934; x_wconf 89' lang='lat' dir='ltr'><strong>et</strong></span> <span class='ocrx_word' id='word_1_234' title='bbox 865 1895 1062 1944; x_wconf 72' lang='lat' dir='ltr'><strong>primores</strong></span> <span class='ocrx_word' id='word_1_235' title='bbox 1101 1895 1358 1946; x_wconf 87' lang='lat' dir='ltr'><strong>appellantur</strong></span> <span class='ocrx_word' id='word_1_236' title='bbox 1398 1897 1446 1934; x_wconf 92' lang='lat' dir='ltr'><strong>ut</strong></span> <span class='ocrx_word' id='word_1_237' title='bbox 1482 1895 1525 1934; x_wconf 89' lang='lat' dir='ltr'><strong>L.</strong></span> <span class='ocrx_word' id='word_1_238' title='bbox 1555 1896 1770 1936; x_wconf 87' lang='lat' dir='ltr'><strong>Muellerus</strong></span> 
     </span>
     <span class='ocr_line' id='line_1_28' title="bbox 221 1949 1767 2007; baseline 0.001 -14"><span class='ocrx_word' id='word_1_239' title='bbox 221 1955 382 2003; x_wconf 88' lang='lat' dir='ltr'><strong>statuit,</strong></span> <span class='ocrx_word' id='word_1_240' title='bbox 419 1967 499 1994; x_wconf 90' lang='lat' dir='ltr'><strong>non</strong></span> <span class='ocrx_word' id='word_1_241' title='bbox 524 1955 650 2003; x_wconf 68' lang='lat' dir='ltr'><strong>primi</strong></span> <span class='ocrx_word' id='word_1_242' title='bbox 691 1956 736 1993; x_wconf 91' lang='lat' dir='ltr'><strong>ut</strong></span> <span class='ocrx_word' id='word_1_243' title='bbox 766 1954 995 2007; x_wconf 87' lang='lat' dir='ltr'><strong>Maduigius</strong></span> <span class='ocrx_word' id='word_1_244' title='bbox 1033 1949 1165 1994; x_wconf 87' lang='lat' dir='ltr'><strong>uoluit</strong></span> <span class='ocrx_word' id='word_1_245' title='bbox 1201 1955 1382 2007; x_wconf 84' lang='lat' dir='ltr'><strong>intellegi</strong></span> <span class='ocrx_word' id='word_1_246' title='bbox 1421 1955 1472 1994; x_wconf 90' lang='lat' dir='ltr'><strong>ad</strong></span> <span class='ocrx_word' id='word_1_247' title='bbox 1511 1953 1589 1994; x_wconf 83' lang='lat' dir='ltr'><strong>Cic.</strong></span> <span class='ocrx_word' id='word_1_248' title='bbox 1617 1955 1665 1995; x_wconf 91' lang='lat' dir='ltr'><strong>de</strong></span> <span class='ocrx_word' id='word_1_249' title='bbox 1702 1956 1767 1995; x_wconf 91' lang='lat' dir='ltr'><strong>fin.</strong></span> 
     </span>
     <span class='ocr_line' id='line_1_29' title="bbox 221 2014 1770 2067; baseline 0.003 -15"><span class='ocrx_word' id='word_1_250' title='bbox 221 2014 246 2053; x_wconf 93' lang='lat' dir='ltr'><strong>l.</strong></span> <span class='ocrx_word' id='word_1_251' title='bbox 268 2026 297 2053; x_wconf 88' lang='lat' dir='ltr'><strong>s.</strong></span> <span class='ocrx_word' id='word_1_252' title='bbox 318 2025 346 2053; x_wconf 91' lang='lat' dir='ltr'><strong>s.</strong></span> <span class='ocrx_word' id='word_1_253' title='bbox 410 2014 608 2054; x_wconf 87' lang='lat' dir='ltr'><strong>Primores</strong></span> <span class='ocrx_word' id='word_1_254' title='bbox 645 2014 740 2054; x_wconf 89' lang='lat' dir='ltr'><strong>sunt</strong></span> <span class='ocrx_word' id='word_1_255' title='bbox 776 2015 845 2065; x_wconf 91' lang='lat' dir='ltr'><strong>qui</strong></span> <span class='ocrx_word' id='word_1_256' title='bbox 886 2015 973 2054; x_wconf 87' lang='lat' dir='ltr'><strong>acie</strong></span> <span class='ocrx_word' id='word_1_257' title='bbox 1003 2014 1136 2066; x_wconf 86' lang='lat' dir='ltr'><strong>prima</strong></span> <span class='ocrx_word' id='word_1_258' title='bbox 1165 2017 1390 2067; x_wconf 86' lang='lat' dir='ltr'><strong>pugnantes</strong></span> <span class='ocrx_word' id='word_1_259' title='bbox 1421 2016 1630 2066; x_wconf 86' lang='lat' dir='ltr'><strong>praeclara</strong></span> <span class='ocrx_word' id='word_1_260' title='bbox 1660 2017 1770 2056; x_wconf 87' lang='lat' dir='ltr'><strong>facta</strong></span> 
     </span>
     <span class='ocr_line' id='line_1_30' title="bbox 224 2071 1769 2126; baseline -0.001 -12"><span class='ocrx_word' id='word_1_261' title='bbox 224 2086 396 2126; x_wconf 87' lang='lat' dir='ltr'><strong>gessere:</strong></span> <span class='ocrx_word' id='word_1_262' title='bbox 421 2073 508 2117; x_wconf 90' lang='lat' dir='ltr'><strong>Liu.</strong></span> <span class='ocrx_word' id='word_1_263' title='bbox 523 2074 543 2113; x_wconf 96' lang='lat' dir='ltr'>I</span> <span class='ocrx_word' id='word_1_264' title='bbox 566 2076 634 2123; x_wconf 88' lang='grc'><strong>12,</strong></span> <span class='ocrx_word' id='word_1_265' title='bbox 662 2076 684 2113; x_wconf 88' lang='grc'>7</span> <span class='ocrx_word' id='word_1_266' title='bbox 715 2071 816 2126; x_wconf 80' lang='lat' dir='ltr'><strong>‘ipse</strong></span> <span class='ocrx_word' id='word_1_267' title='bbox 841 2075 893 2114; x_wconf 90' lang='lat' dir='ltr'><strong>ad</strong></span> <span class='ocrx_word' id='word_1_268' title='bbox 918 2074 1111 2126; x_wconf 88' lang='lat' dir='ltr'><strong>primores</strong></span> <span class='ocrx_word' id='word_1_269' title='bbox 1130 2075 1326 2114; x_wconf 88' lang='lat' dir='ltr'><strong>Romulus</strong></span> <span class='ocrx_word' id='word_1_270' title='bbox 1351 2073 1554 2126; x_wconf 86' lang='lat' dir='ltr'><strong>prouolat&#39;</strong></span> <span class='ocrx_word' id='word_1_271' title='bbox 1584 2074 1690 2115; x_wconf 91' lang='lat' dir='ltr'><strong>Curt.</strong></span> <span class='ocrx_word' id='word_1_272' title='bbox 1710 2076 1769 2115; x_wconf 93' lang='lat' dir='ltr'><strong>IV</strong></span> 
     </span>
     <span class='ocr_line' id='line_1_31' title="bbox 223 2131 1770 2186; baseline 0.002 -13"><span class='ocrx_word' id='word_1_273' title='bbox 223 2135 268 2183; x_wconf 90' lang='grc'><strong>6,</strong></span> <span class='ocrx_word' id='word_1_274' title='bbox 302 2135 356 2173; x_wconf 88' lang='grc'><strong>17</strong></span> <span class='ocrx_word' id='word_1_275' title='bbox 403 2131 513 2173; x_wconf 81' lang='lat' dir='ltr'><strong>‘dum</strong></span> <span class='ocrx_word' id='word_1_276' title='bbox 555 2133 661 2174; x_wconf 86' lang='lat' dir='ltr'><strong>inter</strong></span> <span class='ocrx_word' id='word_1_277' title='bbox 702 2136 897 2186; x_wconf 90' lang='lat' dir='ltr'><strong>primores</strong></span> <span class='ocrx_word' id='word_1_278' title='bbox 946 2135 1170 2186; x_wconf 87' lang='lat' dir='ltr'><strong>promptius</strong></span> <span class='ocrx_word' id='word_1_279' title='bbox 1220 2133 1401 2175; x_wconf 87' lang='lat' dir='ltr'><strong>dimicat’</strong></span> <span class='ocrx_word' id='word_1_280' title='bbox 1481 2137 1686 2185; x_wconf 78' lang='lat' dir='ltr'><strong>praeclari</strong></span> <span class='ocrx_word' id='word_1_281' title='bbox 1729 2138 1770 2176; x_wconf 87' lang='lat' dir='ltr'><strong>et</strong></span> 
     </span>
     <span class='ocr_line' id='line_1_32' title="bbox 213 2195 810 2245; baseline 0.002 -12"><span class='ocrx_word' id='word_1_282' title='bbox 213 2195 410 2244; x_wconf 75' lang='lat' dir='ltr'><strong>primores</strong></span> <span class='ocrx_word' id='word_1_283' title='bbox 440 2195 720 2245; x_wconf 89' lang='lat' dir='ltr'><strong>parhomoeon.</strong></span> <span class='ocrx_word' id='word_1_284' title='bbox 756 2217 810 2221; x_wconf 97' lang='lat'><strong>—</strong></span> 
     </span>
     <span class='ocr_line' id='line_1_33' title="bbox 343 2255 1769 2306; baseline 0.001 -12"><span class='ocrx_word' id='word_1_285' title='bbox 343 2255 411 2294; x_wconf 88' lang='lat'><strong>91.</strong></span> <span class='ocrx_word' id='word_1_286' title='bbox 455 2255 635 2294; x_wconf 85' lang='lat' dir='ltr'><strong>maluisti</strong></span> <span class='ocrx_word' id='word_1_287' title='bbox 679 2255 934 2306; x_wconf 86' lang='lat' dir='ltr'><strong>trisyllabum</strong></span> <span class='ocrx_word' id='word_1_288' title='bbox 986 2255 1047 2295; x_wconf 92' lang='lat' dir='ltr'><strong>bis</strong></span> <span class='ocrx_word' id='word_1_289' title='bbox 1087 2256 1224 2306; x_wconf 89' lang='lat' dir='ltr'><strong>posuit</strong></span> <span class='ocrx_word' id='word_1_290' title='bbox 1260 2257 1381 2306; x_wconf 86' lang='lat' dir='ltr'><strong>poeta</strong></span> <span class='ocrx_word' id='word_1_291' title='bbox 1419 2258 1465 2294; x_wconf 91' lang='lat' dir='ltr'><strong>ut</strong></span> <span class='ocrx_word' id='word_1_292' title='bbox 1501 2257 1769 2305; x_wconf 75' lang='lat' dir='ltr'><strong>adfuissemus</strong></span> 
     </span>
     <span class='ocr_line' id='line_1_34' title="bbox 222 2314 1768 2366; baseline 0.002 -13"><span class='ocrx_word' id='word_1_293' title='bbox 222 2314 289 2353; x_wconf 91' lang='lat' dir='ltr'><strong>lib.</strong></span> <span class='ocrx_word' id='word_1_294' title='bbox 310 2315 331 2354; x_wconf 97' lang='lat' dir='ltr'>I</span> <span class='ocrx_word' id='word_1_295' title='bbox 356 2328 393 2353; x_wconf 89' lang='lat' dir='ltr'><strong>u.</strong></span> <span class='ocrx_word' id='word_1_296' title='bbox 423 2315 491 2363; x_wconf 86' lang='lat'><strong>28,</strong></span> <span class='ocrx_word' id='word_1_297' title='bbox 529 2315 607 2363; x_wconf 77' lang='lat' dir='ltr'><strong>fuit</strong></span> <span class='ocrx_word' id='word_1_298' title='bbox 642 2315 946 2366; x_wconf 82' lang='lat' dir='ltr'><strong>monosyllabon</strong></span> <span class='ocrx_word' id='word_1_299' title='bbox 978 2315 1072 2355; x_wconf 87' lang='lat' dir='ltr'><strong>XIV</strong></span> <span class='ocrx_word' id='word_1_300' title='bbox 1099 2330 1135 2354; x_wconf 92' lang='lat' dir='ltr'><strong>u.</strong></span> <span class='ocrx_word' id='word_1_301' title='bbox 1159 2316 1262 2366; x_wconf 88' lang='grc'>468,</span> <span class='ocrx_word' id='word_1_302' title='bbox 1294 2316 1418 2355; x_wconf 90' lang='lat' dir='ltr'><strong>fuisse</strong></span> <span class='ocrx_word' id='word_1_303' title='bbox 1450 2316 1567 2355; x_wconf 90' lang='lat' dir='ltr'><strong>XVH</strong></span> <span class='ocrx_word' id='word_1_304' title='bbox 1598 2331 1634 2355; x_wconf 94' lang='lat' dir='ltr'><strong>u.</strong></span> <span class='ocrx_word' id='word_1_305' title='bbox 1664 2318 1768 2366; x_wconf 75' lang='lat'>5423</span> 
     </span>
     <span class='ocr_line' id='line_1_35' title="bbox 222 2370 1768 2431; baseline 0.002 -18"><span class='ocrx_word' id='word_1_306' title='bbox 222 2374 316 2414; x_wconf 90' lang='lat' dir='ltr'><strong>uide</strong></span> <span class='ocrx_word' id='word_1_307' title='bbox 346 2374 426 2413; x_wconf 89' lang='lat' dir='ltr'><strong>ind.</strong></span> <span class='ocrx_word' id='word_1_308' title='bbox 447 2387 612 2426; x_wconf 83' lang='lat' dir='ltr'><strong>gramm.</strong></span> <span class='ocrx_word' id='word_1_309' title='bbox 633 2388 661 2415; x_wconf 91' lang='lat' dir='ltr'><strong>s.</strong></span> <span class='ocrx_word' id='word_1_310' title='bbox 683 2388 719 2413; x_wconf 90' lang='lat' dir='ltr'><strong>u.</strong></span> <span class='ocrx_word' id='word_1_311' title='bbox 745 2376 932 2424; x_wconf 60' lang='lat' dir='ltr'><strong>symae-sis</strong></span> <span class='ocrx_word' id='word_1_312' title='bbox 959 2370 1021 2429; x_wconf 89' lang='lat' dir='ltr'><strong>(L.</strong></span> <span class='ocrx_word' id='word_1_313' title='bbox 1043 2375 1258 2415; x_wconf 82' lang='lat' dir='ltr'><strong>Muellerus</strong></span> <span class='ocrx_word' id='word_1_314' title='bbox 1285 2376 1332 2414; x_wconf 87' lang='lat' dir='ltr'><strong>de</strong></span> <span class='ocrx_word' id='word_1_315' title='bbox 1358 2389 1399 2414; x_wconf 91' lang='lat' dir='ltr'><strong>re</strong></span> <span class='ocrx_word' id='word_1_316' title='bbox 1431 2377 1544 2415; x_wconf 88' lang='lat' dir='ltr'><strong>metr.</strong></span> <span class='ocrx_word' id='word_1_317' title='bbox 1562 2371 1578 2396; x_wconf 77' lang='lat'>²</span> <span class='ocrx_word' id='word_1_318' title='bbox 1602 2390 1638 2427; x_wconf 92' lang='lat' dir='ltr'><strong>p.</strong></span> <span class='ocrx_word' id='word_1_319' title='bbox 1663 2372 1768 2431; x_wconf 83' lang='lat'>298)</span> 
     </span>
     <span class='ocr_line' id='line_1_36' title="bbox 222 2432 1768 2487; baseline 0.002 -14"><span class='ocrx_word' id='word_1_320' title='bbox 222 2433 389 2474; x_wconf 84' lang='lat' dir='ltr'><strong>Damasi</strong></span> <span class='ocrx_word' id='word_1_321' title='bbox 437 2434 543 2485; x_wconf 87' lang='lat' dir='ltr'><strong>quod</strong></span> <span class='ocrx_word' id='word_1_322' title='bbox 593 2435 720 2474; x_wconf 85' lang='lat' dir='ltr'><strong>fertur</strong></span> <span class='ocrx_word' id='word_1_323' title='bbox 768 2447 926 2476; x_wconf 87' lang='lat' dir='ltr'><strong>carmen</strong></span> <span class='ocrx_word' id='word_1_324' title='bbox 967 2436 1092 2485; x_wconf 71' lang='lat'><strong>33,25</strong></span> <span class='ocrx_word' id='word_1_325' title='bbox 1152 2435 1274 2475; x_wconf 88' lang='lat' dir='ltr'><strong>Ihmii</strong></span> <span class='ocrx_word' id='word_1_326' title='bbox 1319 2432 1574 2487; x_wconf 76' lang='lat' dir='ltr'><strong>‘contemptis</strong></span> <span class='ocrx_word' id='word_1_327' title='bbox 1623 2436 1768 2487; x_wconf 90' lang='lat' dir='ltr'><strong>opibus</strong></span> 
     </span>
     <span class='ocr_line' id='line_1_37' title="bbox 223 2493 1768 2546; baseline 0.001 -13"><span class='ocrx_word' id='word_1_328' title='bbox 223 2494 348 2533; x_wconf 88' lang='lat' dir='ltr'><strong>malui</strong></span> <span class='ocrx_word' id='word_1_329' title='bbox 391 2506 627 2546; x_wconf 87' lang='lat' dir='ltr'><strong>cognoscere</strong></span> <span class='ocrx_word' id='word_1_330' title='bbox 671 2493 902 2535; x_wconf 82' lang='lat' dir='ltr'><strong>Christum&#39;.</strong></span> <span class='ocrx_word' id='word_1_331' title='bbox 946 2518 1006 2523; x_wconf 96' lang='lat'><strong>—</strong></span> <span class='ocrx_word' id='word_1_332' title='bbox 1041 2499 1225 2545; x_wconf 76' lang='lat' dir='ltr'><strong>praetor:</strong></span> <span class='ocrx_word' id='word_1_333' title='bbox 1274 2509 1352 2546; x_wconf 89' lang='lat' dir='ltr'><strong>quo</strong></span> <span class='ocrx_word' id='word_1_334' title='bbox 1397 2509 1500 2535; x_wconf 90' lang='lat' dir='ltr'><strong>anno</strong></span> <span class='ocrx_word' id='word_1_335' title='bbox 1538 2498 1768 2546; x_wconf 88' lang='lat' dir='ltr'><strong>praeturam</strong></span> 
     </span>
     <span class='ocr_line' id='line_1_38' title="bbox 223 2553 1767 2605; baseline 0.003 -13"><span class='ocrx_word' id='word_1_336' title='bbox 223 2553 392 2605; x_wconf 87' lang='lat' dir='ltr'><strong>gesserit</strong></span> <span class='ocrx_word' id='word_1_337' title='bbox 426 2554 602 2604; x_wconf 90' lang='lat' dir='ltr'><strong>Mucius,</strong></span> <span class='ocrx_word' id='word_1_338' title='bbox 643 2565 724 2594; x_wconf 83' lang='lat' dir='ltr'><strong>non</strong></span> <span class='ocrx_word' id='word_1_339' title='bbox 768 2557 936 2596; x_wconf 86' lang='lat' dir='ltr'><strong>constat.</strong></span> <span class='ocrx_word' id='word_1_340' title='bbox 1010 2555 1088 2595; x_wconf 81' lang='lat' dir='ltr'><strong>Cic.</strong></span> <span class='ocrx_word' id='word_1_341' title='bbox 1122 2556 1170 2596; x_wconf 89' lang='lat' dir='ltr'><strong>de</strong></span> <span class='ocrx_word' id='word_1_342' title='bbox 1201 2569 1255 2595; x_wconf 92' lang='lat' dir='ltr'><strong>or.</strong></span> <span class='ocrx_word' id='word_1_343' title='bbox 1287 2556 1329 2595; x_wconf 91' lang='grc' dir='ltr'><strong>Π</strong></span> <span class='ocrx_word' id='word_1_344' title='bbox 1363 2557 1448 2595; x_wconf 87' lang='grc'><strong>269</strong></span> <span class='ocrx_word' id='word_1_345' title='bbox 1488 2569 1578 2595; x_wconf 90' lang='lat' dir='ltr'><strong>cum</strong></span> <span class='ocrx_word' id='word_1_346' title='bbox 1616 2556 1767 2597; x_wconf 81' lang='lat' dir='ltr'><strong>tradat:</strong></span> 
     </span>
     <span class='ocr_line' id='line_1_39' title="bbox 225 2610 1768 2668; baseline 0.002 -16"><span class='ocrx_word' id='word_1_347' title='bbox 225 2610 387 2653; x_wconf 85' lang='lat' dir='ltr'><strong>‘Noster</strong></span> <span class='ocrx_word' id='word_1_348' title='bbox 423 2614 616 2654; x_wconf 88' lang='lat' dir='ltr'><strong>Scaeuola</strong></span> <span class='ocrx_word' id='word_1_349' title='bbox 654 2614 927 2666; x_wconf 88' lang='lat' dir='ltr'><strong>Septumuleio</strong></span> <span class='ocrx_word' id='word_1_350' title='bbox 967 2616 1030 2654; x_wconf 91' lang='lat' dir='ltr'><strong>illi</strong></span> <span class='ocrx_word' id='word_1_351' title='bbox 1067 2615 1301 2668; x_wconf 85' lang='lat' dir='ltr'><strong>Anagnino,</strong></span> <span class='ocrx_word' id='word_1_352' title='bbox 1339 2617 1401 2655; x_wconf 93' lang='lat' dir='ltr'><strong>cui</strong></span> <span class='ocrx_word' id='word_1_353' title='bbox 1433 2629 1506 2666; x_wconf 89' lang='lat' dir='ltr'><strong>pro</strong></span> <span class='ocrx_word' id='word_1_354' title='bbox 1533 2615 1573 2655; x_wconf 85' lang='lat' dir='ltr'><strong>C.</strong></span> <span class='ocrx_word' id='word_1_355' title='bbox 1601 2615 1768 2656; x_wconf 87' lang='lat' dir='ltr'><strong>Gracchi</strong></span> 
     </span>
     <span class='ocr_line' id='line_1_40' title="bbox 224 2668 1767 2728; baseline 0.001 -15"><span class='ocrx_word' id='word_1_356' title='bbox 224 2675 354 2725; x_wconf 86' lang='lat' dir='ltr'><strong>capite</strong></span> <span class='ocrx_word' id='word_1_357' title='bbox 386 2668 518 2726; x_wconf 75' lang='lat' dir='ltr'>(633s</span> <span class='ocrx_word' id='word_1_358' title='bbox 523 2668 626 2727; x_wconf 89' lang='grc'>121)</span> <span class='ocrx_word' id='word_1_359' title='bbox 659 2676 746 2714; x_wconf 89' lang='lat' dir='ltr'><strong>erat</strong></span> <span class='ocrx_word' id='word_1_360' title='bbox 777 2687 918 2714; x_wconf 88' lang='lat' dir='ltr'><strong>aurum</strong></span> <span class='ocrx_word' id='word_1_361' title='bbox 950 2688 1177 2726; x_wconf 86' lang='lat' dir='ltr'><strong>repensum,</strong></span> <span class='ocrx_word' id='word_1_362' title='bbox 1215 2677 1375 2728; x_wconf 85' lang='lat' dir='ltr'><strong>roganti</strong></span> <span class='ocrx_word' id='word_1_363' title='bbox 1406 2677 1452 2715; x_wconf 89' lang='lat' dir='ltr'><strong>ut</strong></span> <span class='ocrx_word' id='word_1_364' title='bbox 1482 2689 1523 2716; x_wconf 89' lang='lat' dir='ltr'><strong>se</strong></span> <span class='ocrx_word' id='word_1_365' title='bbox 1554 2677 1597 2715; x_wconf 90' lang='lat' dir='ltr'><strong>in</strong></span> <span class='ocrx_word' id='word_1_366' title='bbox 1628 2676 1767 2716; x_wconf 87' lang='lat' dir='ltr'><strong>Asiam</strong></span> 
     </span>
     <span class='ocr_line' id='line_1_41' title="bbox 203 2731 1767 2787; baseline 0.002 -15"><span class='ocrx_word' id='word_1_367' title='bbox 203 2734 468 2784; x_wconf 73' lang='lat' dir='ltr'><strong>·pra.0fectum</strong></span> <span class='ocrx_word' id='word_1_368' title='bbox 500 2735 661 2774; x_wconf 90' lang='lat' dir='ltr'><strong>duceret</strong></span> <span class='ocrx_word' id='word_1_369' title='bbox 692 2748 724 2773; x_wconf 89' lang='lat' dir='ltr'><strong>e.</strong></span> <span class='ocrx_word' id='word_1_370' title='bbox 745 2748 781 2785; x_wconf 92' lang='lat' dir='ltr'><strong>q.</strong></span> <span class='ocrx_word' id='word_1_371' title='bbox 802 2732 862 2784; x_wconf 89' lang='lat' dir='ltr'><strong>s.&#39;,</strong></span> <span class='ocrx_word' id='word_1_372' title='bbox 894 2748 998 2775; x_wconf 89' lang='lat' dir='ltr'><strong>anno</strong></span> <span class='ocrx_word' id='word_1_373' title='bbox 1032 2731 1227 2787; x_wconf 79' lang='lat' dir='ltr'>633s121</span> <span class='ocrx_word' id='word_1_374' title='bbox 1264 2738 1336 2775; x_wconf 89' lang='lat' dir='ltr'><strong>aut</strong></span> <span class='ocrx_word' id='word_1_375' title='bbox 1362 2731 1563 2787; x_wconf 76' lang='lat' dir='ltr'>634s120</span> <span class='ocrx_word' id='word_1_376' title='bbox 1588 2735 1767 2776; x_wconf 88' lang='lat' dir='ltr'><strong>Athenas</strong></span> 
     </span>
     <span class='ocr_line' id='line_1_42' title="bbox 224 2794 1767 2846; baseline 0.001 -13"><span class='ocrx_word' id='word_1_377' title='bbox 224 2795 448 2844; x_wconf 84' lang='lat' dir='ltr'><strong>praetorem</strong></span> <span class='ocrx_word' id='word_1_378' title='bbox 497 2795 652 2833; x_wconf 87' lang='lat' dir='ltr'><strong>uenisse</strong></span> <span class='ocrx_word' id='word_1_379' title='bbox 704 2794 881 2834; x_wconf 90' lang='lat' dir='ltr'><strong>Mucium</strong></span> <span class='ocrx_word' id='word_1_380' title='bbox 924 2795 1131 2846; x_wconf 87' lang='lat' dir='ltr'><strong>probabile</strong></span> <span class='ocrx_word' id='word_1_381' title='bbox 1175 2797 1251 2835; x_wconf 91' lang='lat' dir='ltr'><strong>est:</strong></span> <span class='ocrx_word' id='word_1_382' title='bbox 1302 2797 1396 2835; x_wconf 87' lang='lat' dir='ltr'><strong>conf</strong></span> <span class='ocrx_word' id='word_1_383' title='bbox 1436 2795 1478 2834; x_wconf 89' lang='lat' dir='ltr'><strong>P.</strong></span> <span class='ocrx_word' id='word_1_384' title='bbox 1506 2795 1767 2835; x_wconf 89' lang='lat' dir='ltr'><strong>Wehrmanni</strong></span> 
     </span>
     <span class='ocr_line' id='line_1_43' title="bbox 225 2853 718 2904; baseline -0.002 -12"><span class='ocrx_word' id='word_1_385' title='bbox 225 2853 321 2893; x_wconf 85' lang='lat' dir='ltr'><strong>fasti</strong></span> <span class='ocrx_word' id='word_1_386' title='bbox 350 2855 476 2904; x_wconf 85' lang='lat' dir='ltr'><strong>praet.</strong></span> <span class='ocrx_word' id='word_1_387' title='bbox 501 2867 539 2904; x_wconf 89' lang='lat' dir='ltr'><strong>p.</strong></span> <span class='ocrx_word' id='word_1_388' title='bbox 563 2855 629 2893; x_wconf 89' lang='lat'><strong>13.</strong></span> <span class='ocrx_word' id='word_1_389' title='bbox 652 2876 718 2887; x_wconf 35' lang='lat'><strong>.—</strong></span> 
     </span>
     <span class='ocr_line' id='line_1_44' title="bbox 346 2914 1767 2966; baseline 0.001 -13"><span class='ocrx_word' id='word_1_390' title='bbox 346 2914 414 2953; x_wconf 79' lang='lat'><strong>93.</strong></span> <span class='ocrx_word' id='word_1_391' title='bbox 452 2914 586 2953; x_wconf 86' lang='lat' dir='ltr'><strong>turma</strong></span> <span class='ocrx_word' id='word_1_392' title='bbox 623 2914 770 2963; x_wconf 89' lang='lat' dir='ltr'><strong>omnis,</strong></span> <span class='ocrx_word' id='word_1_393' title='bbox 806 2915 850 2954; x_wconf 89' lang='lat' dir='ltr'><strong>id</strong></span> <span class='ocrx_word' id='word_1_394' title='bbox 889 2916 950 2955; x_wconf 87' lang='lat' dir='ltr'><strong>est</strong></span> <span class='ocrx_word' id='word_1_395' title='bbox 986 2915 1126 2955; x_wconf 89' lang='lat' dir='ltr'><strong>cohors</strong></span> <span class='ocrx_word' id='word_1_396' title='bbox 1162 2915 1382 2966; x_wconf 87' lang='lat' dir='ltr'><strong>praetoria:</strong></span> <span class='ocrx_word' id='word_1_397' title='bbox 1423 2915 1519 2955; x_wconf 86' lang='lat' dir='ltr'><strong>conf</strong></span> <span class='ocrx_word' id='word_1_398' title='bbox 1553 2928 1657 2965; x_wconf 91' lang='lat' dir='ltr'><strong>quae</strong></span> <span class='ocrx_word' id='word_1_399' title='bbox 1703 2929 1767 2954; x_wconf 88' lang='lat' dir='ltr'><strong>ex-</strong></span> 
     </span>
     <span class='ocr_line' id='line_1_45' title="bbox 225 2972 1769 3026; baseline 0.003 -14"><span class='ocrx_word' id='word_1_400' title='bbox 225 2973 430 3024; x_wconf 87' lang='lat' dir='ltr'><strong>posuimus</strong></span> <span class='ocrx_word' id='word_1_401' title='bbox 468 2973 519 3013; x_wconf 90' lang='lat' dir='ltr'><strong>ad</strong></span> <span class='ocrx_word' id='word_1_402' title='bbox 542 2973 564 3013; x_wconf 94' lang='lat'>1</span> <span class='ocrx_word' id='word_1_403' title='bbox 591 2975 647 3013; x_wconf 91' lang='lat'><strong>10</strong></span> <span class='ocrx_word' id='word_1_404' title='bbox 684 2975 725 3014; x_wconf 90' lang='lat' dir='ltr'><strong>et</strong></span> <span class='ocrx_word' id='word_1_405' title='bbox 755 2974 918 3015; x_wconf 87' lang='lat' dir='ltr'><strong>Sallust.</strong></span> <span class='ocrx_word' id='word_1_406' title='bbox 944 2975 1032 3026; x_wconf 88' lang='lat' dir='ltr'><strong>Iug.</strong></span> <span class='ocrx_word' id='word_1_407' title='bbox 1061 2975 1135 3024; x_wconf 91' lang='grc'><strong>98,</strong></span> <span class='ocrx_word' id='word_1_408' title='bbox 1163 2978 1183 3018; x_wconf 92' lang='grc'>1</span> <span class='ocrx_word' id='word_1_409' title='bbox 1222 2972 1387 3015; x_wconf 81' lang='lat' dir='ltr'><strong>‘Marius</strong></span> <span class='ocrx_word' id='word_1_410' title='bbox 1445 3006 1481 3013; x_wconf 92' lang='lat'><strong>..</strong></span> <span class='ocrx_word' id='word_1_411' title='bbox 1514 2988 1604 3014; x_wconf 89' lang='lat' dir='ltr'><strong>cum</strong></span> <span class='ocrx_word' id='word_1_412' title='bbox 1635 2977 1769 3016; x_wconf 81' lang='lat' dir='ltr'><strong>turma</strong></span> 
     </span>
     <span class='ocr_line' id='line_1_46' title="bbox 227 3034 1768 3090; baseline 0.002 -18"><span class='ocrx_word' id='word_1_413' title='bbox 227 3044 312 3083; x_wconf 88' lang='lat' dir='ltr'><strong>sua,</strong></span> <span class='ocrx_word' id='word_1_414' title='bbox 343 3046 464 3086; x_wconf 86' lang='lat' dir='ltr'><strong>quam</strong></span> <span class='ocrx_word' id='word_1_415' title='bbox 495 3046 541 3075; x_wconf 87' lang='lat' dir='ltr'><strong>ex</strong></span> <span class='ocrx_word' id='word_1_416' title='bbox 576 3034 814 3076; x_wconf 81' lang='lat' dir='ltr'><strong>fortissumis</strong></span> <span class='ocrx_word' id='word_1_417' title='bbox 851 3035 980 3089; x_wconf 88' lang='lat' dir='ltr'><strong>magis</strong></span> <span class='ocrx_word' id='word_1_418' title='bbox 1017 3048 1138 3089; x_wconf 85' lang='lat' dir='ltr'><strong>quam</strong></span> <span class='ocrx_word' id='word_1_419' title='bbox 1175 3035 1510 3077; x_wconf 85' lang='lat' dir='ltr'><strong>familiarissumis</strong></span> <span class='ocrx_word' id='word_1_420' title='bbox 1542 3037 1768 3090; x_wconf 86' lang='lat' dir='ltr'><strong>parauerat,</strong></span> 
     </span>
    </p>
   </div>
  </div>
 </body>
</html>
