2060 3444
321 267 407 308 418
810 267 938 302 incert.
966 268 1041 302 sed.
1069 279 1103 302 u.
1134 271 1377 304 1309-1311,

443 374 584 418 1309.
629 379 781 418 Nonius
826 392 870 418 ex
915 381 1175 431 grammatico
1215 395 1252 431 p.
1280 382 1377 430 546,
1405 382 1458 420 25
1503 378 1729 422 ‘Carchesia
1761 414 1767 421 .
1802 414 1809 422 .
1844 414 1851 422 .

321 451 475 476 summa
505 451 597 488 pars
629 438 737 483 mali,
770 438 811 476 id
843 440 903 478 est
934 440 1130 478 foramina
1162 453 1263 490 quae
1295 453 1447 479 summo
1479 442 1573 480 mali
1605 442 1718 481 funes
1755 443 1851 482 reci-

319 499 445 547 piunt.
490 496 666 536 Lucilius
687 494 862 537 “tertius
884 530 891 536 .
914 530 920 536 .
943 529 949 536 .
971 496 1183 538 summa'’.'
1230 499 1393 540 Seruius
1413 502 1551 540 auctus
1571 501 1621 540 ad
1635 501 1782 541 Aen.V
1796 503 1849 541 77

322 554 538 596 ‘carchesia
566 588 572 595 .
596 588 602 595 .
625 588 632 595 .
659 557 805 596 dicitur
842 559 975 596 autem
1013 560 1053 597 et
1090 559 1296 599 summitas
1333 559 1429 599 mali
1466 573 1536 610 per
1575 574 1695 611 quam
1738 561 1851 601 funes

319 613 537 654 traiciunt'.
600 616 734 655 Tertio
776 617 878 656 libro
916 618 1126 669 adscripsit
1164 618 1300 658 Dousa
1337 620 1407 669 qui
1443 619 1682 659 uocabulum
1719 621 1852 660 tertius

320 690 340 714 e
373 688 488 714 uersu
521 676 637 715 eiecit
662 679 702 715 et
727 677 907 715 Lucilius
933 679 1040 716 tertio
1066 679 1235 728 scripsit,
1267 681 1402 718 tertius
1427 680 1602 718 seruauit
1627 680 1852 730 Muellerus,

319 737 453 774 tamen
478 737 587 774 tertio
613 739 705 775 ante
731 736 935 775 exordium
959 750 1096 777 uersus
1123 738 1312 777 excidisse
1338 740 1480 777 censet.
1530 739 1686 778 Neutra
1708 739 1849 790 proba-

261 819 264 821 *
318 795 410 833 bilis
442 797 502 834 est
533 796 769 834 coniectura.
819 796 994 835 Nautam
1026 798 1066 835 in
1099 798 1338 837 carchesium
1373 798 1646 837 ascendentem
1673 801 1852 851 agnoscit

320 854 533 905 Vargesius
578 854 625 893 de
669 854 814 894 Lucilii
851 855 918 895 lib.
944 856 1006 894 HI
1037 870 1074 907 p.
1105 858 1158 896 10
1203 858 1346 896 collato
1382 857 1530 909 Vergil.
1563 859 1660 897 Aen.
1685 859 1727 897 Π
1754 860 1852 909 302,

319 915 463 953 rectius
496 914 709 953 Muellerus
741 915 788 954 de
826 915 1012 955 fluctibus
1050 918 1280 967 comparato
1318 918 1448 956 miuus
1487 919 1580 968 apte
1612 917 1850 958 Graecorum

318 972 511 1013 uocabulo
543 974 725 1027 τρικυμία
758 974 887 1013 uoluit
922 975 1103 1028 intellegi
1135 971 1256 1030 (Plat.
1282 977 1379 1027 reip.
1406 976 1441 1014 V
1466 991 1504 1027 p.
1532 978 1615 1016 472
1632 972 1704 1031 A):
1746 978 1851 1028 apud

322 1032 466 1084 Vergil.
488 1034 584 1072 Aen.
605 1034 624 1072 I
648 1034 729 1073 103
750 1035 925 1084 procella
943 1034 1084 1074 fluctus
1107 1032 1170 1074 ‘ad
1192 1036 1320 1075 sidera.
1340 1033 1474 1075 tollit’.
1517 1036 1661 1075 Lucilii
1674 1037 1851 1076 hemisti-

318 1093 448 1131 chium
475 1095 681 1132 mutarunt
707 1093 833 1132 Cinna
856 1091 976 1147 (PRF
995 1108 1031 1145 p.
1048 1095 1145 1145 323,
1167 1096 1191 1133 4
1206 1090 1436 1150 Baehrens.)
1457 1098 1498 1135 et
1515 1095 1699 1136 Lucanus
1713 1097 1750 1135 V
1764 1097 1849 1136 418

318 1148 389 1202 pro
411 1149 523 1191 ‘mali
540 1185 546 1191 .
564 1185 571 1191 .
588 1184 595 1191 .
610 1153 808 1193 carchesia
828 1151 996 1192 summa'
1018 1156 1088 1205 qui
1106 1156 1311 1206 posuerint
1331 1153 1489 1195 ‘summi
1509 1156 1708 1195 carchesia
1727 1154 1850 1196 mali’.

440 1205 582 1252 1310.
615 1211 818 1252 Charisius
850 1212 916 1252 GL
942 1214 962 1252 I
987 1228 1024 1264 p.
1054 1216 1120 1264 71,
1149 1215 1223 1253 7Κ
1257 1212 1366 1254 ‘Plus
1398 1216 1439 1254 in
1470 1215 1545 1254 hac
1574 1215 1850 1256 obseruatione

318 1271 546 1322 geminandi
579 1271 589 1310 i
623 1272 662 1310 in
694 1273 923 1312 masculinis
950 1273 1316 1324 animaduertimus,
1347 1277 1392 1313 ut
1422 1275 1486 1314 hic
1510 1275 1703 1315 Aemilius
1734 1275 1851 1316 huius

318 1332 498 1381 Aemilii,
542 1331 604 1370 hic
642 1332 767 1372 Iulius
811 1332 928 1371 huius
964 1333 1070 1372 Iulii.
1132 1334 1171 1371 in
1218 1335 1402 1373 uocatiuo
1446 1337 1579 1373 tamen
1623 1336 1637 1373 i
1674 1334 1850 1374 litteram

318 1391 597 1430 subtrahimus.
648 1406 739 1430 nam
772 1393 805 1430 si
837 1405 859 1430 ο
887 1392 1047 1431 Aemilii
1079 1395 1118 1431 et
1148 1393 1242 1432 Iulii
1274 1390 1314 1446 (o
1339 1393 1504 1434 Aemilio
1528 1397 1562 1434 et
1585 1395 1691 1434 Iulie
1715 1395 1851 1435 Dousa

319 1464 338 1487 e
373 1448 521 1489 ‘uetere
554 1447 722 1505 codice’)
754 1452 916 1501 dixeris,
949 1451 1095 1491 Graece
1127 1453 1401 1503 declinaueris,
1431 1455 1477 1492 ut
1504 1453 1680 1494 Lucilius
1713 1451 1851 1494 “tier-22·

317 1511 492 1549 leontado
526 1514 558 1549 rt
590 1514 623 1550 et
647 1523 819 1559 pumone
850 1512 1012 1550 «thermo
1038 1509 1220 1560 pulas''.’
1271 1513 1396 1552 Vetus
1427 1513 1585 1552 Dousae
1617 1513 1749 1564 codex,
1782 1515 1850 1564 qui

317 1569 524 1620 praeberet
554 1582 575 1608 ο
607 1569 772 1610 Aemilio
809 1573 843 1609 et
873 1571 976 1609 Iulie
1011 1566 1081 1625 (ad
1107 1572 1242 1611 incert.
1271 1568 1364 1627 76),
1401 1585 1538 1612 ueram
1574 1573 1617 1612 in
1652 1574 1726 1613 hoc
1763 1574 1849 1614 loco

317 1630 554 1680 scripturam
587 1632 836 1669 seruauerat:
874 1630 922 1669 de
953 1630 1099 1670 Lucilii
1130 1644 1248 1671 uersu
1287 1632 1416 1682 qualis
1453 1634 1495 1671 in
1539 1632 1671 1672 codice
1714 1634 1849 1673 uetere

317 1690 449 1738 fuerit,
480 1689 580 1728 nihil
611 1689 679 1727 ille
711 1690 888 1729 adnotat.
944 1690 1164 1730 Leonidam
1196 1694 1234 1730 et
1265 1692 1552 1742 Thermopulas
1584 1693 1700 1731 facile
1729 1706 1848 1745 agno-

317 1751 460 1787 uerunt
497 1749 684 1799 editores,
722 1750 876 1800 reliqua
914 1751 1050 1789 omnia
1088 1750 1249 1790 incerta.
1317 1751 1535 1791 Vocatiuus
1579 1752 1849 1803 agnoscendus

317 1811 377 1847 est
414 1809 453 1846 in
492 1808 637 1848 litteris
668 1821 839 1858 ymmone
877 1822 895 1847 e
939 1812 1030 1849 ante
1070 1810 1366 1859 Thermopulas:
1410 1811 1605 1851 Nwrrwnie
1641 1814 1848 1864 temptaui.

317 1868 421 1907 Nam
453 1870 544 1906 ante
570 1868 770 1907 Leonidae
802 1881 943 1907 nomen
969 1869 1078 1908 deest
1103 1871 1379 1910 tantummodo
1404 1871 1611 1910 trochaeus
1638 1873 1707 1922 qui
1733 1884 1849 1923 aegre

317 1930 453 1977 aptum
486 1927 713 1966 uocatiuum
747 1929 954 1978 compleat.
1016 1929 1218 1978 Amicum,
1257 1931 1325 1980 qui
1358 1932 1488 1969 castra
1520 1933 1604 1969 erat
1638 1932 1850 1981 petiturus,

316 1988 444 2025 iocose
490 1986 650 2026 uidetur
693 1999 775 2026 esse
827 1988 1022 2027 allocutus
1072 1991 1191 2038 poeta
1241 1990 1359 2027 sicuti
1403 1988 1582 2028 Caelium
1631 1991 1850 2041 alloquitur

316 2046 382 2084 lib.
409 2046 517 2084 XXX
543 2060 579 2084 u.
610 2047 734 2096 1079,
769 2046 958 2086 Horatius
985 2060 1103 2086 carm.
1129 2048 1149 2086 Ι
1176 2049 1229 2086 29
1263 2048 1421 2087 Iccium.
1474 2046 1543 2088 ‘Te
1571 2049 1640 2100 ire,
1671 2050 1848 2089 Leonida

316 2107 388 2154 uti,
419 2105 636 2154 Numenic,
674 2106 960 2157 Thermopulas
998 2104 1071 2133 —'
1114 2108 1326 2157 temptauit
1361 2107 1409 2146 de
1447 2109 1609 2148 elisione
1649 2110 1846 2160 monosyl-

316 2164 399 2203 labi
430 2165 525 2203 conf
550 2166 687 2204 incert.
714 2179 751 2204 u.
780 2167 892 2205 1266
919 2166 986 2204 lib.
1013 2166 1091 2205 VII
1111 2180 1154 2205 u.
1184 2167 1266 2205 266
1299 2167 1416 2207 indic.
1443 2181 1606 2218 gramm.
1628 2181 1656 2207 s.
1677 2182 1713 2207 u.
1735 2169 1847 2209 elisio

316 2220 378 2274 (L.
399 2223 580 2263 Muelleri
605 2225 651 2263 de
677 2238 719 2264 re
744 2227 856 2264 metr.
883 2225 930 2263 ed
955 2226 996 2264 H
1021 2239 1058 2276 p.
1086 2220 1209 2279 351);
1240 2226 1435 2266 Numom'e
1460 2228 1688 2267 uocatiuum
1715 2230 1848 2279 potuit

280 2289 283 2292 ’
315 2283 460 2335 fingere
499 2283 540 2322 in
577 2285 735 2323 nomine
772 2285 902 2336 gentis
939 2285 1202 2337 semigraecae
1241 2281 1382 2340 (IGIS
1416 2287 1511 2326 617.
1550 2288 1633 2326 618
1655 2283 1846 2341 Kaibelii)

315 2342 366 2380 ad
403 2343 703 2382 similitudinem
747 2345 966 2383 formarum
1010 2345 1146 2395 quales
1190 2348 1283 2384 sunt
1318 2346 1503 2386 Saturnio»
1542 2347 1777 2395 Telamonia,
1804 2348 1846 2386 in

316 2403 422 2440 exitu
454 2403 662 2442 similium:
701 2403 747 2442 de
779 2417 806 2442 u
836 2404 986 2443 uocalis
1018 2417 1203 2444 mensura
1233 2419 1313 2444 non
1345 2408 1518 2455 constat,
1561 2405 1699 2446 Graeci
1730 2407 1847 2446 modo

317 2461 556 2513 Νουμώνιος
582 2458 625 2516 (l.
651 2473 680 2502 s.
701 2457 763 2516 3.),
788 2463 904 2502 modo
930 2463 1144 2515 Νομώνιος
1170 2459 1363 2518 (Kaibelii
1387 2464 1457 2504 EG
1483 2460 1600 2519 471).
1650 2466 1847 2506 Lucilium

314 2523 460 2571 tamen,
494 2520 689 2561 Graecum
716 2535 805 2561 cum
830 2524 1007 2572 posuerit
1038 2524 1278 2573 uocatiuum,
1311 2526 1614 2563 consentaneum
1641 2528 1727 2565 erat
1751 2526 1846 2565 item

315 2594 460 2631 ponere
492 2579 643 2620 Graeca
674 2594 765 2620 cum
797 2583 1022 2632 quantitate
1054 2597 1077 2621 u
1112 2583 1299 2623 litteram.

437 2634 578 2680 1311.
618 2640 863 2680 Glossarium
901 2642 1140 2681 Vaticanum
1179 2641 1289 2681 CGL
1315 2643 1374 2681 IV
1409 2657 1446 2694 p.
1476 2644 1578 2693 186,
1606 2645 1660 2682 43
1708 2641 1845 2683 ‘Tran-

315 2711 457 2739 sennas
490 2694 750 2753 (transennam
780 2695 872 2754 cod)
905 2700 1002 2740 dicit
1032 2702 1187 2753 tegulas
1219 2715 1290 2752 per
1321 2715 1418 2752 quas
1449 2703 1581 2741 lumen
1620 2703 1847 2742 admittitur

314 2759 490 2797 Lucilius
528 2754 605 2812 (ita
643 2758 845 2798 Goetzius:
883 2761 945 2799 lus}
982 2755 1074 2814 cod)
1113 2773 1136 2799 a
1174 2762 1416 2800 transeundo
1459 2762 1681 2812 appellatas
1725 2757 1847 2817 (apett

315 2813 434 2872 cod)'.
487 2817 592 2857 Oonf
618 2819 718 2857 Non.
743 2833 781 2869 p.
813 2819 908 2869 180,
936 2821 1000 2858 16.
1056 2820 1243 2870 Reliquas
1281 2822 1432 2872 glossas
1475 2821 1648 2860 eiusdem
1692 2824 1845 2873 generis

314 2877 404 2916 uide
440 2879 483 2916 in
514 2878 626 2918 Thes.
659 2879 774 2930 gloss.
807 2879 956 2918 emend.
984 2892 1012 2918 s.
1040 2891 1078 2918 u.
1103 2882 1328 2918 transenna.
1355 2902 1413 2908 —-
1445 2882 1508 2921 luc
1546 2881 1732 2920 scribitur
1773 2895 1844 2932 pro

314 2937 522 2976 Lucretius
556 2937 704 2977 Charis.
730 2951 768 2989 p.
797 2939 880 2977 207
885 2969 894 2988 ,
922 2939 997 2978 3K
1027 2940 1067 2977 in
1102 2939 1173 2978 cod
1199 2940 1252 2979 N:
1284 2939 1394 2979 locus
1424 2941 1558 2979 tamen
1589 2940 1753 2979 dubium
1786 2943 1845 2981 est

315 3010 408 3035 num
441 2998 493 3035 sit
523 2996 710 3036 Lucretii.
779 2994 902 3050 [Ante
934 3011 971 3036 u.
1002 3000 1114 3037 131‘2
1147 2999 1266 3038 tollas
1297 3000 1454 3050 signum
1481 2996 1532 3052 *.]
