2060 3444
291 275 377 318 412
768 277 896 310 incert.
925 276 1000 311 sed.
1027 288 1061 311 11,
1092 279 1334 311 1298-1299.

289 390 331 428 111
364 389 571 428 sambucae
602 390 767 439 petauro
800 402 862 438 ap.
888 388 1027 438 Polyb.
1047 388 1147 427 VIII
1174 389 1211 438 6,
1238 389 1276 437 8,
1308 388 1429 427 simili
1459 389 1644 427 machina
1668 382 1822 428 sursum

288 450 485 488 tolluntur
523 449 563 486 in
602 461 754 487 summa
792 448 975 487 tabulata
1012 448 1168 487 aedium
1212 450 1252 487 et
1295 450 1421 487 turres
1466 461 1542 498 quo
1581 449 1822 488 commodius

292 509 437 547 damna
468 509 532 547 uel
563 510 799 558 tempestate
831 508 897 546 uel
929 507 1017 546 aliis
1049 507 1203 546 casibus
1241 508 1347 547 facta
1384 507 1608 558 inspiciant.
1661 511 1822 557 peteme

289 570 458 607 formam
490 582 613 606 unum
639 569 815 606 seruauit
841 567 1111 619 apographon,
1142 570 1308 615 petauro
1336 568 1477 619 uulgo:
1509 568 1604 606 conf
1618 567 1822 608 Kaibelius

290 628 340 666 ad
373 626 508 666 Galen.
522 627 547 665 l.
564 639 591 665 s.
607 640 635 666 s.
673 649 719 654 —
751 627 799 666 de
825 629 938 666 sicuti
964 627 1123 678 dactylo
1148 626 1239 666 uide
1266 627 1316 665 ad
1341 627 1459 665 lib.V
1475 627 1557 665 198
1572 627 1680 665 XXX
1696 628 1821 666 1029.

410 682 551 726 1299.
571 687 838 737 Hieronymus
859 687 1030 736 epistula
1050 686 1099 725 ad
1121 686 1393 725 Chromatium
1406 686 1594 725 Iouinum
1608 686 1823 725 Eusebium

287 747 307 784 I
326 761 363 797 p.
386 748 441 786 20
472 747 643 786 Vallars.
702 743 763 784 ‘In
794 760 883 785 mea
915 747 1019 785 enim
1045 747 1177 796 patria
1202 746 1438 785 rusticitatis
1468 745 1702 785 uernaculae
1726 745 1822 786 deus

276 808 428 845 -uenter
459 808 529 855 est,
561 808 601 845 et
632 806 672 844 in
705 806 807 844 diem
840 805 1003 854 uiuitur,
1036 807 1075 844 et
1106 807 1279 845 sanctior
1310 807 1369 845 est
1395 805 1476 854 ille,
1509 806 1579 855 qui
1604 804 1726 844 ditior
1751 807 1821 844 est.

290 863 500 904 “Accessit
530 866 622 904 huic
652 862 858 920 patellae'f
890 865 1001 904 iuxta
1036 866 1175 904 tritum
1202 866 1340 915 populi
1366 877 1543 904 sermone
1568 864 1822 915 prouerbium

290 922 485 977 “dignum
518 922 778 976 operculum”
811 925 1028 975 Lupicinus
1060 924 1240 964 sacerdos
1268 919 1498 978 (secundum
1528 924 1627 962 illud
1654 937 1822 975 quoque,

288 985 335 1023 de
357 998 434 1035 quo
463 985 582 1024 semel
605 985 646 1023 in
671 985 759 1023 uita
786 984 969 1024 Crassum
995 984 1054 1023 ait
1077 984 1209 1023 risisse
1235 984 1423 1030 Lucilius,
1449 981 1651 1022 “similem
1675 984 1824 1023 habent

288 1044 400 1084 labra
431 1045 629 1083 lactucam
655 1045 766 1083 asino
792 1045 957 1083 carduos
983 1039 1273 1096 comedente'')‚
1299 1043 1486 1082 uidelicet
1509 1045 1555 1082 ut
1579 1043 1822 1094 perforatam

289 1117 435 1143 nauem
466 1104 606 1142 debilis
639 1104 880 1154 gubernator
910 1105 1024 1155 regat
1056 1105 1095 1142 et
1126 1116 1263 1142 caecus
1290 1115 1425 1142 caecos
1451 1103 1570 1142 ducat
1598 1104 1640 1141 in
1665 1103 1823 1142 foueam

289 1159 449 1217 (Matth.
476 1163 549 1202 XV
578 1158 651 1216 14)
701 1164 874 1213 talisque
925 1164 977 1202 sit
1025 1165 1155 1201 rector
1204 1163 1339 1213 quales
1385 1163 1447 1201 illi
1490 1164 1560 1212 qui
1601 1160 1821 1214 reguntur'.

287 1223 568 1262 Doctissimam
594 1223 696 1261 hanc
720 1223 932 1262 lectoribus
958 1223 1131 1262 uoluisse
1149 1222 1437 1273 Hieronymum
1463 1222 1590 1260 uideri
1610 1221 1822 1272 epistulam

287 1284 403 1321 facile
436 1282 569 1333 quiuis
600 1282 799 1333 intellegit
832 1283 899 1332 qui
931 1295 1017 1320 eam
1058 1283 1248 1333 perlegit:
1286 1283 1327 1320 in
1366 1294 1444 1331 qua
1480 1281 1614 1333 tangit
1644 1281 1823 1320 Marcelli

293 1342 398 1393 apud
428 1343 574 1381 Nolam
606 1343 827 1391 uictoriam,
859 1342 1078 1381 Ptolemaei
1110 1343 1149 1380 et
1175 1341 1303 1380 Attali
1335 1354 1472 1393 regum
1500 1341 1628 1379 edicta
1653 1340 1822 1392 Vergilii

286 1415 436 1441 uersus.
498 1401 641 1440 Lucilii
681 1405 780 1451 quae
818 1414 924 1440 noua
962 1400 1108 1450 adfert,
1146 1414 1192 1440 ea
1230 1401 1392 1440 minime
1429 1402 1597 1451 sumpsit
1628 1413 1648 1438 e
1678 1402 1822 1450 poetae

287 1461 546 1511 carminibus,
597 1461 664 1499 sed
695 1461 854 1500 uidetur
886 1462 1098 1511 sumpsisse
1136 1462 1206 1499 aut
1250 1474 1269 1500 e
1319 1460 1421 1499 libro
1467 1459 1665 1499 Ciceronis
1704 1459 1822 1499 hodie

287 1521 492 1571 deperdito
524 1520 720 1571 quomodo
752 1520 895 1560 statuit
933 1520 1145 1559 Muellerus
1182 1520 1221 1558 in
1256 1520 1538 1559 commentario
1569 1532 1607 1569 p.
1635 1520 1718 1558 285
1753 1521 1823 1558 aut

287 1594 332 1620 ex
359 1580 643 1620 commentario
669 1581 862 1619 orationis
887 1581 929 1618 in
949 1579 1124 1618 Verrem.
1174 1579 1260 1618 Hoc
1278 1579 1367 1618 ideo
1387 1578 1632 1629 probabilius
1651 1578 1821 1627 uidetur,

287 1641 392 1690 quod
432 1641 553 1679 uerba
594 1653 622 1679 s.
644 1652 672 1678 s.
704 1640 886 1690 inprimis
927 1640 1141 1678 concinunt
1173 1651 1261 1678 cum
1291 1638 1424 1678 uerbis
1454 1638 1618 1677 Asconii
1648 1638 1740 1677 falsi
1772 1638 1822 1677 ad

286 1700 397 1738 Vei-r.
425 1702 500 1739 act.
525 1700 545 1738 I
573 1701 596 1738 5
637 1699 837 1750 adscripta
881 1699 932 1738 ad
972 1700 1239 1750 fragmentum
1284 1693 1439 1752 (1300)
1483 1698 1589 1748 quod
1631 1698 1822 1748 sequitur,

286 1760 466 1799 Volcacii
521 1760 823 1798 commentarios
878 1760 921 1797 in
981 1758 1180 1797 Ciceronis
1230 1759 1430 1796 orationes
1489 1759 1684 1796 memorat
1732 1757 1820 1796 adu.

287 1819 414 1857 Rufin.
441 1819 462 1857 I
490 1820 541 1857 16
569 1820 647 1857 1101.
674 1819 714 1857 II
745 1833 783 1868 p.
811 1820 894 1857 472
933 1819 1104 1857 Vallars.
1177 1817 1454 1868 Septenarium
1498 1831 1543 1856 ex
1586 1816 1822 1866 Hieronymi

287 1879 418 1918 uerbis
451 1878 662 1918 concinnat
685 1878 900 1917 Muellerus
933 1875 1117 1916 ‘similem
1148 1878 1296 1916 habent
1326 1877 1523 1915 lactucam
1553 1876 1668 1915 labra
1696 1889 1821 1915 come-

287 1939 404 1977 dente
437 1938 546 1977 asino
573 1935 752 1977 carduos'
787 1933 942 1991 (incert.
972 1938 1053 1975 175
1081 1938 1180 1976 Mus.
1207 1937 1330 1975 Rhen.
1356 1936 1486 1974 XXIV
1515 1937 1627 1975 1869
1656 1949 1693 1986 p.
1717 1931 1820 1988 249)

287 1997 362 2036 nisi
395 1997 500 2047 quod
530 1999 572 2035 in
605 1999 802 2048 apparatu
833 1996 969 2035 critico
1001 1997 1168 2035 adnotat
1192 1999 1289 2045 puto
1319 1995 1438 2043 labia,
1470 1995 1639 2034 similem
1663 2007 1822 2034 uersum

286 2058 400 2106 ponit
434 2057 693 2107 >Ribbeckius
750 2055 860 2094 CRF
904 2056 995 2094 edit.
1028 2056 1090 2094 III
1121 2069 1158 2105 p.
1191 2056 1273 2094 152
1333 2055 1616 2096 Buechelerum
1665 2056 1821 2093 secutus

289 2114 475 2155 ‘similem
504 2115 653 2154 habent
677 2115 805 2155 labiae
831 2116 1027 2154 lactucam
1048 2115 1274 2154 comedente
1301 2114 1411 2154 asino
1438 2111 1633 2152 carduos'.
1689 2113 1821 2163 Atque

288 2176 432 2214 conicit
456 2176 671 2214 Muellerus
698 2174 881 2214 Crassum
907 2174 1132 2214 comoediae
1156 2175 1260 2213 hunc
1285 2186 1444 2213 uersum
1473 2174 1639 2212 alicuius
1664 2173 1821 2223 publice

287 2236 421 2274 risisse
451 2236 494 2273 in
525 2235 692 2274 theatro.
755 2235 905 2273 Tamen
945 2235 1146 2274 asinorum
1183 2235 1342 2284 proprie
1380 2245 1463 2272 esse
1500 2234 1614 2272 labra
1649 2234 1822 2271 testatur

289 2295 469 2333 Donatus
507 2294 557 2334 ad
595 2295 681 2333 Ter.
709 2295 808 2334 Eun.
833 2294 875 2333 H
903 2295 940 2344 3,
966 2295 1021 2333 45
1063 2291 1191 2333 ‘labra
1228 2294 1321 2332 sunt
1360 2292 1580 2343 superiora,
1618 2292 1726 2331 labia
1762 2293 1820 2330 in-

288 2355 449 2403 feriora,
494 2351 523 2405 †
566 2354 701 2392 labrae
752 2355 952 2393 asinorum
1001 2353 1160 2404 proprie
1203 2349 1401 2392 dicuntur'
1448 2351 1575 2405 (Seru.
1608 2351 1658 2391 ad
1701 2351 1820 2403 Verg.

286 2414 372 2452 buc.
398 2414 439 2452 II
467 2415 520 2453 34
552 2413 644 2452 Isid.
671 2427 726 2452 or.
751 2414 808 2452 XI
836 2417 872 2463 1,
901 2407 992 2466 5o):
1032 2413 1101 2451 ubi
1126 2413 1258 2452 labeae
1282 2411 1474 2461 Klotzius,
1504 2412 1650 2451 rectius
1675 2411 1820 2450 scribes

290 2474 404 2512 labra
430 2476 463 2512 et
489 2468 668 2526 (Labiae’
688 2474 736 2511 de
768 2473 870 2512 asini
901 2473 1022 2511 labris
1054 2472 1236 2523 pendulis
1267 2471 1462 2521 Apuleius
1493 2473 1650 2509 metam.
1675 2470 1738 2509 III
1764 2471 1819 2509 24

289 2535 385 2571 extr.
420 2534 473 2571 25
512 2533 599 2571 init.
633 2534 686 2571 27
720 2533 821 2571 med.
852 2533 931 2571 VH
958 2533 982 2571 3
1010 2534 1105 2571 extr.
1134 2532 1169 2570 X
1198 2532 1249 2570 16
1278 2526 1405 2584 extr.).
1462 2530 1540 2569 Sed
1572 2530 1698 2569 multo
1730 2542 1819 2580 pro·

287 2591 459 2631 habilius
496 2592 671 2630 fabulam
709 2593 820 2631 illam
858 2592 905 2630 de
938 2591 1078 2631 Crasso
1115 2603 1297 2630 narrasse
1333 2589 1531 2629 Lucilium
1570 2590 1820 2638 hexametris,

233 2690 238 2694 ,
288 2652 409 2690 uerba
435 2652 483 2690 ab
515 2652 758 2701 Hieronymo
789 2652 849 2690 ita
881 2664 964 2690 esse
993 2653 1155 2700 uexata,
1192 2652 1237 2689 ut
1273 2662 1410 2689 uersus
1446 2649 1590 2688 Lucilii
1622 2652 1821 2698 nequeant

287 2712 522 2762 recuperari.
595 2711 734 2760 Neque
782 2712 825 2749 in
873 2711 1029 2750 theatro
1071 2723 1229 2749 uersum
1272 2709 1388 2747 illum
1431 2709 1611 2748 audierat
1658 2707 1820 2747 Crassus

289 2771 572 2821 septenarium,
617 2770 685 2809 sed
723 2771 828 2819 risit,
873 2783 962 2809 cum
1005 2770 1131 2808 ueluti
1167 2770 1209 2808 in
1247 2769 1430 2807 conuiuio
1484 2767 1652 2807 conuiua
1694 2767 1820 2806 facete

287 2830 388 2868 illud
420 2830 570 2868 dictum
600 2830 888 2879 pronuntiaret,
920 2842 997 2879 quo
1028 2832 1185 2879 turpem
1215 2829 1417 2867 hominem
1440 2830 1598 2877 turpem
1622 2827 1820 2866 inuenisse

288 2890 352 2928 uel
378 2891 549 2929 amicum
573 2890 637 2927 uel
662 2902 822 2928 uxorem
846 2889 1095 2937 indicauerit,
1127 2889 1247 2939 digna
1272 2887 1440 2937 denique
1467 2887 1655 2938 obtigisse
1677 2885 1819 2937 dignis.

291 2950 470 2988 Caroluos
494 2950 683 2987 creticum
707 2950 774 2987 uix
799 2949 932 2998 posuit
956 2948 1145 2997 Lucilius,
1169 2948 1359 2986 lactucam
1382 2946 1621 2986 uocabulum
1645 2945 1827 2999 positum*

289 3011 374 3048 erat
410 3009 451 3046 in
488 3008 698 3060 prouerbio
735 3010 898 3059 propter
934 3009 1048 3047 labra
1084 3008 1201 3047 sicuti
1238 3006 1383 3046 dicitur
1419 3006 1523 3045 inter
1559 3017 1601 3044 os
1632 3007 1671 3045 et
1701 3006 1821 3054 offam
