2060 3444
297 275 384 316 426
779 273 907 308 iucert.
935 272 1010 308 sed.
1037 284 1071 306 u.
1103 275 1345 307 1326—1336.

294 389 424 426 locum
456 387 602 425 Lucilii
634 399 678 424 ex
710 385 894 436 florilegii
931 384 1135 423 cuiusdam
1176 385 1304 434 capite
1337 383 1442 434 quod
1474 385 1559 423 erat
1589 384 1636 423 de
1666 385 1827 423 uirtute:

297 460 341 484 ex
374 446 510 485 eodem
544 447 674 495 capite
700 446 868 495 sumpsit
892 444 1053 483 Horatii
1082 445 1213 483 locum
1245 443 1291 482 de
1316 444 1466 482 uirtute
1498 438 1630 496 (epist.
1650 443 1671 482 Ι
1693 446 1730 492 1,
1751 438 1825 495 41)

297 503 439 544 ‘uirtus
472 507 531 544 est
562 505 705 543 uitium
737 505 872 556 fugere
904 505 944 542 et
975 504 1173 554 sapientia
1203 499 1347 553 prima’
1376 516 1492 553 quem
1521 503 1651 542 adfert
1675 502 1699 540 l.
1720 515 1748 542 s.
1769 502 1826 541 VI

298 567 336 615 5,
365 567 430 604 12.
492 564 641 604 Locum
679 578 698 602 e
735 564 839 602 libro
870 563 986 601 XVII
1023 565 1224 614 sumptum
1266 575 1348 602 esse
1380 562 1605 612 suspicatur
1636 561 1827 612 Corpetus

296 625 387 664 edit.
414 638 451 674 p.
474 626 576 664 222:
609 624 657 662 de
682 624 835 662 uirtute
861 625 964 662 certe
991 624 1125 674 egerat
1149 623 1268 672 poeta
1298 636 1335 660 u.
1364 622 1448 660 550
1473 621 1543 671 qui
1569 618 1654 660 ‘uni
1678 633 1828 672 aequus

295 684 439 723 uirtuti
464 686 583 734 atque
610 685 692 722 eius
719 679 869 722 amicis’
893 683 1005 722 audit
1029 682 1126 721 Hor.
1146 695 1258 722 serm.
1278 681 1319 720 II
1341 683 1378 730 1,
1401 682 1466 720 70.
1497 702 1545 707 ——
1579 681 1703 720 1326.
1731 680 1827 727 Quis

295 745 417 783 fuerit
453 744 621 782 Albinus
660 744 748 791 iste,
786 756 903 793 quem
943 742 1122 792 appellat
1158 743 1277 792 poeta
1316 753 1425 780 more
1462 741 1712 792 castigantis,
1749 753 1828 779 non

275 797 438 853 liquet:
477 804 698 853 suspicetur
735 803 879 852 aliquis
918 802 1114 852 appellari
1151 801 1216 852 Sp.
1237 800 1484 840 Postumium
1524 812 1600 839 cos.
1629 795 1828 851 644l110

296 865 359 902 uel
392 864 523 913 potius
562 863 644 901 eius
676 862 840 901 fratrem
872 861 1020 900 Aulum
1053 874 1165 910 quem
1199 873 1302 898 anno
1336 854 1532 911 645s109
1568 856 1689 910 ‘apud
1716 858 1827 898 Gala-

297 936 402 962 mam
440 923 577 961 urbem
617 922 813 961 thesauris
850 920 969 973 regiis
1007 920 1176 959 conditis
1213 920 1434 958 inhiantem
1474 919 1577 958 bello
1615 915 1826 969 oppressit'

298 982 492 1034 Iugurtha
519 977 648 1035 (Oros.
670 981 705 1018 V
735 982 801 1030 15,
829 982 852 1019 6
881 980 1042 1020 Sallust.
1068 980 1248 1031 Iugurth.
1277 973 1490 1032 37—39):
1529 977 1623 1018 Sall.
1649 978 1827 1030 Iugurth.

299 1043 367 1091 39,
396 1044 416 1080 1
453 1038 538 1080 ‘ubi
569 1054 615 1080 ea
647 1041 795 1080 Romae
827 1041 1027 1090 comperta
1065 1042 1157 1079 sunt
1183 1070 1190 1077 .
1213 1070 1219 1077 .
1242 1069 1249 1076 .
1276 1038 1380 1077 Aulo
1418 1051 1552 1077 omnes
1589 1038 1744 1088 infesti,
1784 1049 1829 1076 ac

297 1114 479 1140 maxume
511 1102 580 1151 qui
610 1101 714 1139 bello
747 1113 863 1150 saepe
893 1100 1088 1150 praeclari
1129 1096 1315 1137 fuerant'.
1376 1097 1545 1136 Videtur
1576 1098 1681 1136 enim
1710 1098 1829 1147 poeta

297 1161 488 1200 Albinum
513 1160 707 1211 castigare
732 1162 778 1198 ut
801 1160 1000 1198 hominem
1027 1171 1204 1207 auarum,
1236 1158 1304 1208 qui
1328 1170 1446 1196 uersu
1472 1159 1645 1196 extremo
1671 1156 1831 1207 scripsit

298 1220 503 1259 commoda
533 1221 688 1270 patriae
719 1221 849 1271 prima
880 1231 961 1258 esse
994 1218 1182 1269 putanda,
1217 1217 1338 1256 tertia
1368 1218 1645 1267 postremaque
1682 1217 1830 1265 nostra,

297 1294 333 1318 u.
358 1281 469 1319 1332
511 1276 678 1318 ‘diuitiis
715 1280 888 1329 pretium
925 1278 1148 1329 persoluere
1185 1274 1327 1327 posse’,
1369 1277 1471 1315 hanc
1515 1289 1597 1316 esse
1637 1277 1829 1314 uirtutem

298 1354 445 1388 ueram,
477 1341 546 1389 qui
577 1352 713 1378 uersus
745 1338 919 1377 eiusdem
951 1338 1176 1389 argumenti
1201 1338 1261 1375 est
1286 1338 1405 1386 atque
1431 1348 1569 1383 uersus
1595 1335 1828 1374 antecedens

298 1402 337 1438 et
370 1396 466 1438 ‘fere
503 1399 607 1437 idem
640 1399 839 1450 significat
871 1397 975 1447 quod
1006 1397 1126 1447 primi
1157 1393 1248 1434 duo'
1282 1397 1328 1434 ut
1366 1397 1472 1434 recte
1503 1396 1563 1435 ait
1593 1395 1826 1435 Lactantius

298 1460 322 1497 1.
343 1472 371 1498 s.
398 1459 455 1496 VI
483 1460 527 1508 6,
555 1461 621 1497 10.
696 1458 854 1496 Patrem
905 1457 988 1495 eius
1033 1456 1097 1506 Sp.
1125 1456 1372 1495 Postumium
1421 1455 1579 1493 uidetur
1628 1454 1830 1504 appellare

297 1518 473 1558 Lucilius
504 1518 572 1556 lib.
598 1518 727 1556 XXIX
753 1531 789 1555 u.
812 1518 895 1555 849
929 1516 998 1555 ubi
1023 1516 1114 1555 uide
1140 1528 1241 1565 quae
1267 1515 1556 1554 adnotauimus.
1589 1535 1636 1540 —
1658 1515 1830 1562 pretium

290 1575 531 1627 Persoluera
581 1578 698 1616 sicuti
748 1576 814 1615 lib.
835 1576 943 1614 XXX
975 1589 1010 1614 u.
1035 1576 1148 1615 1040
1200 1572 1288 1614 ‘hoc
1336 1575 1509 1624 pretium
1558 1575 1678 1623 atque
1727 1573 1831 1612 hunc

297 1638 555 1676 reddebamus
604 1633 820 1685 honorem’,
870 1636 1059 1674 honorem
1108 1634 1230 1674 alicui
1278 1634 1502 1685 persoluere
1551 1632 1699 1684 Vergil.
1732 1632 1829 1671 Aen.

298 1698 398 1736 VIII
425 1698 491 1735 61.
528 1718 576 1723 ——
617 1698 741 1736 1327.
774 1696 860 1744 quis
891 1697 933 1734 in
964 1694 1055 1733 uide
1087 1694 1154 1734 lib.
1174 1694 1211 1731 V
1236 1707 1274 1732 u.
1299 1694 1393 1732 182.
1456 1693 1502 1731 de
1534 1694 1709 1732 uiuimus
1739 1691 1830 1730 uide

299 1757 348 1795 ad
394 1770 429 1794 u.
466 1757 590 1795 1336.
664 1755 777 1794 Dixit
818 1756 954 1805 itaque
997 1755 1188 1793 uirtutem
1232 1766 1314 1793 esse
1362 1765 1454 1803 opes
1497 1752 1706 1803 pecuniam
1748 1764 1831 1790 rem

298 1829 414 1866 posse
444 1817 549 1855 tanti
580 1817 709 1855 facere
741 1815 882 1865 quanti
913 1827 960 1853 ea
990 1814 1075 1853 fieri
1101 1814 1279 1852 debeant.
1309 1834 1362 1839 —
1394 1813 1518 1851 1328.
1543 1813 1641 1851 scire
1664 1812 1707 1850 id
1731 1811 1832 1859 quod

299 1888 470 1925 quaeque
493 1876 632 1914 hatrat
655 1871 735 1926 res]
768 1875 850 1914 noli
875 1875 1087 1924 temptare:
1117 1873 1276 1911 uidetur
1301 1873 1490 1911 sermonis
1516 1884 1598 1911 esse
1624 1870 1831 1910 cottidiani

300 1935 459 1983 locutio,
491 1937 535 1973 ut
567 1934 723 1973 Petron.
752 1935 805 1972 46
833 1933 923 1972 med
961 1930 1096 1971 ‘habet
1132 1933 1229 1971 haec
1259 1944 1320 1970 res
1350 1928 1508 1982 panem’
1543 1930 1621 1969 Cic.
1648 1930 1690 1969 in
1715 1929 1830 1970 Catil.

298 1995 357 2034 IV
371 1996 410 2043 4,
427 1996 448 2032 7
466 1996 562 2033 extr.
590 1991 748 2032 ‘habere
767 1993 926 2032 uidetur
943 1993 1022 2031 ista
1041 2005 1102 2031 res
1121 1988 1390 2041 iniquitatem'
1413 1986 1472 2043 (O.
1489 1991 1530 2028 F.
1542 1990 1604 2029 W.
1618 1990 1830 2028 Muellerus

301 2055 351 2093 ad
377 2054 424 2093 de
449 2054 550 2093 offic.
576 2054 595 2092 I
626 2055 691 2101 11,
712 2054 764 2092 35
792 2046 912 2104 med.)
940 2051 1100 2091 Sallust.
1123 2050 1237 2090 Catil.
1260 2051 1327 2099 51,
1349 2052 1404 2090 20
1432 2047 1647 2100 ‘de-poena
1671 2062 1831 2099 possum

300 2114 481 2164 equidem
513 2112 640 2152 dicere
672 2112 713 2150 id
745 2112 851 2162 quod
874 2124 936 2150 res
961 2111 1093 2160 habet,
1124 2111 1165 2149 in
1190 2111 1299 2149 luctu
1325 2112 1444 2159 atque
1469 2109 1638 2148 miseriis
1663 2110 1831 2147 mortem

301 2186 575 2212 aerumnarum
620 2173 814 2222 requiem,
851 2184 930 2210 non
973 2172 1191 2210 cruciatum
1229 2166 1340 2208 esse':
1382 2170 1530 2208 homini
1569 2181 1658 2207 cum
1694 2168 1832 2207 habeut

300 2232 554 2284 iungendum,
588 2229 699 2281 ‘quid
730 2243 908 2281 quaeque
947 2231 1066 2285 queat
1106 2227 1183 2269 res'
1217 2229 1330 2268 Lucr.
1350 2229 1387 2266 V
1414 2229 1511 2268 545.
1544 2249 1598 2254 —-
1634 2228 1758 2267 1331.
1791 2239 1832 2266 re

301 2292 482 2330 datiuum
507 2292 641 2342 posuit
666 2293 831 2341 uterque
857 2290 996 2338 editor,
1021 2290 1115 2328 conf
1135 2289 1202 2328 lib.
1216 2289 1275 2327 VI
1293 2303 1329 2327 u.
1344 2289 1440 2327 237.
1461 2310 1517 2314 —-
1541 2288 1664 2326 1334.
1690 2287 1832 2325 hostem

302 2363 381 2390 esse
430 2354 541 2400 atque
590 2352 808 2396 inimicum,
863 2350 1130 2399 hendiadyoin
1181 2348 1286 2399 quod
1342 2360 1622 2398 saepenumero
1673 2345 1833 2389 adhibet

300 2414 419 2462 poeta
457 2406 567 2464 (uide
604 2410 682 2456 ind.
710 2423 873 2461 gramm.
901 2422 928 2449 s.
950 2403 1025 2461 u.):
1064 2408 1182 2459 Soph.
1217 2408 1384 2447 Philoct.
1413 2408 1525 2447 1302
1565 2405 1603 2445 τί
1637 2401 1671 2457 μ’
1706 2403 1832 2456 ἄνδρα

301 2468 487 2522 πολέμιον
518 2468 662 2522 ἐχθρόν
693 2464 720 2508 τ’
749 2467 915 2519 ἀφείλου
947 2467 999 2519 μὴ
1032 2471 1187 2507 κτανεῖν
1219 2466 1345 2515 τόξοις
1385 2465 1512 2517 ἐμοῖς;
1551 2466 1598 2504 de
1636 2465 1833 2504 sententia

302 2531 390 2580 ipsa
420 2531 515 2569 conf
542 2529 720 2580 Euripid.
747 2530 888 2580 fragm.
917 2528 1054 2567 692N
1085 2527 1168 2566 edit
1191 2527 1232 2566 Π
1263 2529 1343 2573 τοῖς
1375 2523 1446 2576 μὲν
1472 2524 1640 2572 δικαίοις
1665 2523 1832 2575 ἔνδικος,

302 2592 382 2637 τοῖς
403 2586 438 2628 δ’
461 2583 512 2628 αὗ
532 2591 666 2636 κακοῖς
685 2588 845 2627 πάντων
864 2585 1040 2640 μέγιστος
1065 2584 1248 2636 πολέμιος
1273 2583 1368 2624 κατὰ
1387 2583 1526 2637 χθόνα.
1549 2606 1602 2610 ——
1627 2584 1751 2623 1335.
1772 2583 1832 2622 De

219 2653 225 2657 ’
303 2650 539 2699 repetitione
571 2648 735 2687 alterius
767 2659 903 2686 uersus
934 2647 1061 2697 partis
1088 2645 1253 2685 Ouidius
1285 2643 1543 2684 conferendus
1569 2644 1639 2694 qui
1664 2642 1831 2682 artificio

303 2721 396 2746 usus
438 2709 539 2747 tales
576 2708 715 2746 fecerit
750 2718 887 2745 uersus
925 2707 1082 2744 metam.
1108 2705 1129 2743 I
1155 2705 1238 2744 325
1280 2701 1334 2743 ‘et
1374 2715 1575 2753 superesse
1613 2703 1748 2741 uirum
1785 2702 1832 2741 de

303 2769 365 2806 tot
401 2767 516 2805 modo
555 2767 715 2806 milibus
753 2779 873 2805 unum
915 2767 955 2804 et
985 2776 1186 2815 superesse
1216 2763 1326 2802 uidet
1357 2763 1404 2802 de
1435 2764 1496 2801 tot
1525 2762 1641 2801 modo
1672 2761 1832 2800 milibus

303 2823 438 2865 unam’
474 2827 555 2865 361
591 2822 776 2876 ‘namque
808 2838 880 2877 ego
913 2847 967 2851 -
1001 2824 1112 2863 erede
1143 2824 1243 2862 mihi
1274 2845 1328 2849 —
1362 2824 1397 2861 si
1426 2825 1467 2861 te
1498 2834 1656 2872 quoque
1686 2822 1832 2872 pontus

303 2886 476 2936 haberet,
508 2888 548 2924 te
579 2897 772 2935 sequerer,
804 2885 989 2933 coniunx,
1028 2886 1068 2923 et
1097 2897 1159 2922 me
1192 2895 1347 2933 quoque
1378 2883 1523 2932 pontus
1552 2877 1742 2920 haberet’.
1775 2900 1833 2907 —-

307 2946 432 2984 1336.
469 2946 529 2984 his
565 2946 699 2984 uiuere
736 2946 922 2989 amicum,
953 2944 1014 2982 his
1047 2955 1130 2983 esse
1161 2943 1349 2991 amicum,
1380 2943 1426 2979 ut
1455 2942 1628 2980 uiuimus
1659 2953 1695 2978 u.
1719 2941 1830 2978 1327

305 3008 365 3047 est
406 3016 542 3044 sumus
586 3005 648 3043 uel
691 3016 898 3044 uersamur
942 2998 1055 3057 (conf
1090 3003 1325 3053 interpretes
1363 3000 1413 3040 ad
1449 3001 1578 3039 Plaut.
1612 2999 1719 3038 Trin.
1747 2999 1832 3038 390
