2060 3444
0 3411 15 3426 θ’
11 3370 14 3371 ,
0 3230 14 3334 rumn-
0 3154 7 3191 ··=
0 3079 3 3094 .„

778 261 864 298 dub.
892 274 927 298 u.
957 265 1202 298 1360—1364.
1680 259 1770 302 433

223 389 378 428 semper
407 377 541 415 uirens
573 379 613 415 et
644 388 862 427 numquam
895 388 1100 415 senescens
1133 376 1265 414 lumen
1304 377 1349 413 ut
1383 375 1417 414 si
1456 374 1503 414 de
1542 375 1624 414 sole
1663 373 1771 413 dica-

223 434 339 476 mus’.
413 437 597 479 iuuenalc
643 430 770 485 pharos
821 436 1122 487 Deuerlingius,
1177 435 1332 474 Lucilio
1388 434 1532 474 tribuit
1580 434 1771 474 Loeweus

223 496 421 548 prodrom.
448 497 566 548 gloss.
594 510 630 547 p.
660 496 756 535 3‘32.
828 495 997 546 Sumpta
1035 507 1118 535 esse
1162 495 1322 534 uidetur
1365 495 1498 545 glossa
1542 507 1564 533 0
1600 494 1771 546 Vergilii

224 557 509 597 commentario
546 556 598 595 ad
630 555 727 595 Aen.
753 555 795 595 Π
822 556 920 595 518.

347 610 488 657 1361.
522 616 765 667 Explanatio
802 617 845 655 in
876 615 1083 655 Donatum
1109 614 1177 655 GL
1203 615 1261 654 IV
1286 628 1324 666 p.
1353 615 1452 665 527,
1482 614 1587 655 lOK
1626 611 1772 660 ‘Quare

218 653 270 716 ’ut
293 673 495 717 Miltiades
522 672 775 728 Asclepiades
807 677 865 716 ita
897 672 1118 716 Luciliades
1152 678 1192 715 et
1220 671 1477 715 Memmiades
1505 670 1583 730 (ita
1608 674 1771 714 Muelle-

223 749 308 776 rus:
341 738 557 777 lucidiades
583 740 617 776 et
640 738 891 776 memmiades
916 736 960 787 L,
987 737 1154 776 lutiades
1181 740 1215 776 et
1239 737 1467 776 mcmufades
1488 731 1541 790 O)
1569 731 1772 786 Scipiades

225 799 343 838 acuta
374 796 558 848 quamuis
590 797 703 837 breui
734 797 983 848 paenultima
1015 794 1300 848 proferuntur'.
1350 796 1492 836 Posuit
1522 796 1596 836 hoc
1628 808 1772 835 nomen

223 869 320 897 casu
351 857 532 909 obliquo,
565 858 703 897 datiuo
735 857 800 896 uel
832 857 1011 896 ablatiuo
1043 858 1203 907 opinor,
1234 858 1353 908 poeta
1385 856 1565 896 Lucilius
1596 857 1682 907 ipse
1715 868 1773 894 30-

201 951 204 953 .
225 917 395 956 cundum
415 918 666 968 Muellerum,
686 930 776 957 cum
795 930 938 957 nomen
959 930 1074 957 suum
1094 930 1378 968 saepenumero
1399 919 1580 967 posuerit
1604 917 1646 955 in
1666 918 1772 955 satu-

223 979 280 1018 ris
311 979 404 1028 suis,
435 979 715 1029 patronymica
745 978 847 1017 talia
878 991 995 1029 saepe
1029 978 1256 1017 adhibuerit
1282 978 1420 1028 qualia
1446 980 1539 1017 sunt
1566 976 1773 1028 Scipiadas

222 1038 425 1089 Apulidae
451 1037 773 1078 Tusculidarum:
800 1038 891 1078 uide
917 1038 969 1077 ad
993 1039 1131 1078 incert.
1157 1052 1195 1077 u.
1224 1039 1352 1078 1109.
1381 1039 1494 1077 1259
1527 1038 1584 1077 ΙΧ
1610 1051 1647 1076 u.
1675 1038 1773 1076 373.

246 1119 248 1121 >
348 1093 491 1139 1362.
536 1098 685 1138 Paulus
735 1112 781 1138 ex
831 1099 950 1138 Festo
995 1113 1031 1150 p.
1062 1100 1246 1150 144,12
1300 1095 1613 1138 ‘Murmillonica
1646 1094 1775 1138 'scuta

224 1158 411 1198 dicebant
447 1171 536 1198 cum
575 1158 720 1209 quibus
757 1158 805 1198 de
843 1172 956 1198 muro
994 1159 1240 1211 pugnabant.
1311 1159 1439 1198 Erant
1480 1159 1679 1210 siquidem
1723 1158 1774 1197 ad

219 1219 302 1259 :hoc
333 1220 465 1270 ipsum
497 1216 621 1270 apta'.
670 1219 703 1257 Ι
705 1219 826 1258 1101110
857 1219 1001 1258 tribuit
1025 1219 1070 1260 L.
1091 1219 1305 1259 Muellerus
1331 1219 1389 1258 IV
1417 1213 1490 1259 27:
1523 1219 1654 1259 simile
1681 1232 1774 1259 sane

229 1282 290 1318 est
320 1279 592 1330 fragmentum
621 1280 981 1319 incert.u.1150.

349 1333 492 1380 1363.
526 1338 730 1379 Charisius
762 1337 836 1378 GL
862 1339 882 1378 I
908 1353 945 1389 p
974 1340 1042 1389 54,
1071 1339 1177 1378 211<
1217 1336 1334 1379 ‘Cum
1370 1352 1465 1379 11010
1504 1354 1525 1379 0
1564 1310 1629 1378 1101
1660 1340 1675 1378 1
1710 1340 1775 1379 uel

227 1413 254 1438 u
285 1400 522 1438 terminetur
553 1399 754 1439 ablatiuus
786 1400 1020 1451 singularis,
1057 1413 1123 1438 um
1164 1400 1311 1450 accipit
1343 1403 1382 1439 et
1413 1401 1512 1439 facit
1544 1400 1775 1452 genetiuum

227 1460 437 1511 pluralem,
469 1459 631 1499 datiuus
663 1462 703 1499 et
734 1459 938 1499 ablatiuus
970 1459 1044 1499 bus
1076 1460 1232 1510 syllaba
1256 1462 1542 1510 terminantur,
1573 1460 1700 1499 ueluti
1726 1460 1775 1499 ab

228 1520 304 1560 hoc
334 1532 428 1572 rege
458 1533 598 1571 regum
629 1520 800 1571 regibus,
834 1520 883 1558 ab
915 1520 990 1558 hac
1022 1521 1120 1558 naui
1151 1522 1315 1558 nauium
1348 1520 1530 1570 nauibus,
1562 1523 1601 1559 et
1628 1520 1677 1559 ab
1703 1521 1777 1559 hoc

228 1581 348 1630 portu
379 1581 569 1630 portuum
601 1579 794 1630 portibus.
856 1581 1083 1619 inuenimus
1120 1581 1255 1618 tamen
1294 1580 1402 1632 apud
1434 1583 1616 1620 auctores
1654 1582 1776 1620 etiam

228 1640 306 1680 his
323 1641 541 1680 contraria:
578 1652 769 1679 nucerum
800 1639 904 1678 enim
940 1639 1097 1680 Coelius
1117 1639 1255 1690 dixit,
1287 1637 1317 1693 †
1348 1640 1527 1680 Lucilius
1561 1635 1778 1695 (Caecilius

229 1699 350 1740 codex
381 1694 560 1754 Dousae)
592 1712 787 1739 nauerwm
819 1695 896 1754 (ita
921 1700 960 1739 N
991 1701 1034 1739 in
1066 1713 1144 1750 quo
1177 1701 1300 1739 etiam
1331 1712 1474 1740 omecer
1476 1714 1541 1740 um
1572 1701 1637 1740 uel
1662 1703 1777 1740 nicic-

228 1772 318 1799 rum
348 1759 429 1811 legi
455 1772 569 1810 posse
595 1761 736 1800 auctor
756 1762 821 1799 est
850 1759 1015 1809 Keilius,
1046 1763 1228 1799 natorum
1253 1761 1374 1800 codex
1400 1756 1592 1815 Dousae),
1625 1760 1777 1800 Gellius

229 1832 325 1859 uero
356 1833 540 1872 rogerum
572 1822 613 1859 et
637 1820 874 1871 lapiderum,
907 1833 997 1859 cum
1021 1834 1111 1859 rum
1137 1821 1335 1871 syllabam
1360 1834 1579 1872 numquam
1606 1822 1779 1872 accipiat

231 1880 432 1920 ablatiuus
465 1894 484 1918 e
516 1880 653 1919 littera
684 1881 935 1929 terminatus,
967 1880 1044 1920 nisi
1077 1893 1167 1919 cum
1199 1881 1447 1932 producitur,
1479 1883 1525 1920 ut
1557 1881 1606 1920 ab
1635 1882 1710 1920 hac
1736 1895 1778 1920 re

230 1954 375 1990 rerum,
406 1940 469 1978 die
501 1940 669 1990 dierum,
701 1941 829 1991 specie
862 1942 1093 1991 specierum,
1124 1941 1226 1980 facie
1258 1939 1479 1981 facierum’.
1530 1942 1704 1982 Rettulit
1729 1941 1778 1980 de

224 2000 478 2040 Coloniensis
522 2000 668 2040 codicis
717 2001 916 2052 scriptura
959 2001 1095 2040 Dousa
1127 2015 1164 2052 p.
1195 2004 1247 2042 19
1294 2002 1345 2041 ad
1383 2004 1522 2041 incert.
1552 2003 1648 2041 157.
1717 2002 1778 2041 De

230 2060 380 2100 talibus
412 2060 550 2100 formis
582 2062 761 2112 genetiui
792 2062 961 2112 pluralis
986 2061 1116 2101 Varro
1143 2062 1226 2114 egit
1251 2061 1298 2100 de
1325 2063 1350 2101 l.
1376 2062 1465 2102 Lat.
1492 2062 1592 2101 VIII
1621 2063 1674 2101 74
1707 2063 1779 2113 qui

226 2122 417 2160 :bouerum
449 2122 490 2160 et
520 2121 709 2161 Iouerum
741 2121 819 2160 dici
849 2121 988 2171 tradit,
1023 2135 1069 2160 ex
1100 2122 1429 2173 inscriptionibus
1460 2135 1679 2162 mcnserum
1711 2123 1779 2161 ad-

233 2182 360 2220 fertur
391 2194 454 2231 ap.
486 2181 667 2220 Neueum
699 2181 747 2220 de
779 2182 918 2220 formis
949 2182 975 2220 l.
1001 2182 1090 2220 Lat.
1117 2182 1137 2220 I
1166 2178 1217 2221 ed
1248 2183 1310 2221 111
1335 2182 1443 2233 Lips.
1474 2184 1587 2222 1902
1614 2197 1651 2233 p.
1680 2183 1778 2222 430.

234 2239 418 2293 Codicem
450 2241 608 2280 Dousae
639 2244 819 2280 natorum
852 2242 920 2292 qui
952 2242 1183 2292 praebuerit
1214 2255 1350 2281 ueram
1388 2244 1629 2293 scripturam
1666 2253 1778 2294 prae·-

234 2290 367 2340 buisse
397 2300 483 2340 iure
515 2302 647 2340 censet
677 2301 893 2341 Muellerus
925 2296 1035 2356 (dub.
1061 2297 1128 2356 V).

359 2354 511 2401 1364.
541 2360 701 2400 Seruius
741 2360 792 2399 ad
829 2361 1027 2401 Aeneidos
1054 2362 1111 2400 VI
1139 2363 1222 2401 625
1264 2356 1363 2416 (non
1400 2364 1499 2402 mihi
1540 2365 1575 2402 si
1619 2364 1779 2415 linguae

237 2422 397 2460 centum
429 2422 511 2460 sint
542 2433 691 2471 oraque
724 2422 882 2460 centum
914 2422 1044 2460 ferrea
1075 2417 1172 2476 uox)
1206 2419 1398 2462 ‘Lucretii
1430 2436 1567 2463 uersus
1599 2423 1780 2463 sublatus

237 2481 284 2520 de
317 2480 507 2531 Homero,
546 2478 657 2520 sed
664 2478 795 2520 ‘aerea
826 2477 936 2521 uox''
969 2478 1098 2520 dixit’.
1160 2481 1271 2521 Idem
1308 2483 1359 2522 ad
1396 2496 1529 2536 georg.
1555 2483 1596 2522 Π
1623 2484 1677 2522 43
1711 2484 1781 2523 ubi

237 2540 376 2580 eadem
411 2541 602 2592 leguntur
637 2541 759 2580 uerba
791 2541 963 2593 Vergilii
995 2539 1188 2581 ‘Lucretii
1219 2554 1373 2582 11013113·
1418 2543 1486 2582 sed
1517 2540 1636 2582 ille
1643 2540 1779 2583 ‘aenea

237 2597 346 2640 uox’'
380 2600 450 2650 ait,
481 2613 561 2640 non
586 2598 742 2640 ferrea'.
793 2601 965 2641 Macrob.
993 2601 1076 2641 Sat
1104 2602 1162 2641 VI
1188 2603 1226 2652 3,
1254 2603 1278 2641 6
1308 2600 1486 2642 Homeri
1513 2605 1574 2643 est
1599 2599 1652 2658 (B
1673 2599 1781 2658 489)

239 2656 326 2701 οὐδ’
367 2659 408 2700 εἴ
439 2675 506 2713 μοι
542 2659 636 2700 δέκα
678 2658 750 2712 μὲν
792 2663 962 2714 γλῶσσαι
1006 2660 1100 2701 δέκα
1144 2659 1187 2701 δὲ
1230 2659 1388 2715 στόματ’
1435 2658 1514 2703 εἶεν
1557 2658 1695 2717 (φωνὴ
1741 2659 1777 2703 δ’

238 2718 445 2774 ἄρρηκτος,
475 2720 640 2773 χάλκεον
671 2719 713 2760 δέ
745 2735 811 2773 μοι
837 2715 930 2775 ἦτορ
956 2716 1093 2775 ἐνείη).
1144 2722 1260 2762 Hunc
1286 2725 1444 2763 secutus
1470 2723 1636 2763 Hostius
1662 2726 1782 2775 poeta

239 2782 282 2820 in
313 2780 414 2820 libro
447 2780 616 2820 secundo
646 2780 743 2820 belli
774 2781 944 2820 Histrici
974 2779 1077 2821 ait‘
1084 2779 1177 2821 ‘non
1216 2784 1250 2822 31
1288 2783 1386 2822 mihi
1423 2784 1584 2835 linguae
1624 2787 1781 2824 centum

241 2842 362 2890 atque
411 2853 481 2880 ora
530 2841 633 2880 sient
682 2841 852 2880 totidem
901 2854 1097 2892 uocesque
1146 2840 1355 2892 liquatae'’
1362 2874 1368 2881 .
1437 2843 1542 2882 Hinc
1580 2843 1782 2895 Vergilius

226 2901 302 2938 'ait
328 2931 335 2938 .
358 2931 365 2938 .
387 2896 410 2938 .’
431 2921 495 2935 .—
516 2899 692 2938 Lucretii
723 2912 806 2939 esse
839 2913 975 2940 uersus
1006 2901 1097 2940 libri
1125 2901 1182 2939 VI
1213 2903 1364 2952 positos
1397 2903 1619 2952 antiquitus
1650 2905 1692 2941 in
1724 2903 1782 2941 la-

243 2971 345 2998 cuna
375 2961 467 3009 post
498 2973 534 2998 u.
563 2960 646 2998 839
681 2962 814 2998 censet
839 2959 1117 2999 Lachmannus
1144 2964 1352 2999 comment.
1379 2963 1420 3000 in
1448 2962 1603 3001 Lucret.
1630 2976 1667 3012 p.
1696 2963 1779 3001 399

243 3019 312 3057 ubi
350 3020 482 3069 posita
519 3019 640 3057 fuisse
677 3018 781 3057 idem
820 3019 972 3058 iudicat
1009 3019 1099 3058 dub.
1127 3020 1266 3071 fragm.
1293 3035 1330 3059 u.
1362 3023 1469 3060 1351
1489 3034 1586 3071 seq.:
1631 3024 1674 3060 at
1715 3023 1783 3060 uix

316 3091 431 3118 Lucilli
450 3091 515 3118 rell.
537 3091 581 3117 ed.
602 3091 711 3118 Mum.
740 3092 780 3117 11.
1451 3091 1495 3122 28
