2060 3444
285 265 372 307 376
771 264 901 300 incert.
929 265 1005 300 sed.
1031 277 1066 300 u.
1096 268 1342 302 nse-1191.

285 377 577 427 Hieronymum
603 376 715 416 nulla
739 389 859 416 causa
884 379 945 416 est
970 379 1040 416 aut
1065 377 1236 428 suspicio
1263 391 1342 429 qua
1367 381 1555 420 commoti
1578 393 1650 420 nos
1669 382 1831 420 statua:

283 449 390 475 mus:
421 435 490 486 qui
519 436 621 474 illud
653 435 799 475 Lucilii
831 436 879 475 de
910 437 1040 476 Ennio
1071 437 1264 477 iudicium
1294 439 1424 478 ueluti
1455 453 1501 479 ex
1536 442 1819 481 commentario
1879 465 1881 467 ·

284 509 436 535 sumere
474 496 609 546 aliquo
646 497 824 546 potuerit
859 497 901 534 in
932 497 1156 536 Horatium.
1219 497 1402 537 Alterum
1439 500 1566 551 igitur
1601 500 1819 540 Homerum

284 558 324 595 et
354 555 507 595 Ennius
539 567 580 594 se
609 556 695 606 ipse
726 556 828 595 dixit
858 556 926 595 lib.
951 557 972 595 I
1003 557 1220 607 annalium,
1252 570 1342 596 cum
1372 558 1538 598 Homeri
1569 560 1743 599 animam
1777 560 1820 600 in

283 628 398 654 suum
429 628 570 666 corpus
601 615 808 655 transiisse
839 616 1086 656 contenderit
1117 611 1228 671 (uide
1253 617 1373 657 schol.
1400 618 1451 657 ad
1481 619 1578 658 Hor.
1603 619 1629 658 l.
1656 633 1684 659 s.
1711 620 1818 660 Pers.

282 675 340 713 VI
369 669 462 728 10),
501 676 542 714 et
577 674 756 714 Lucilius
793 677 852 715 ita
890 678 1052 715 uocauit
1084 677 1259 716 Ennium
1295 691 1524 728 quanquam
1559 691 1696 719 uersus
1734 681 1819 720 eius

283 735 485 786 grauitate
516 735 689 773 minores
721 747 837 785 saepe
869 736 1010 775 derisit
1040 731 1151 790 (uide
1183 736 1235 776 ad
1265 738 1402 777 incert.
1428 751 1466 777 u.
1495 733 1642 792 1190),
1674 741 1715 779 et
1745 740 1818 780 cri-

282 794 351 832 tici
395 794 457 833 illi
501 807 600 844 quos
645 794 837 834 Horatius
881 798 1036 846 spectat
1059 797 1085 835 1.
1113 809 1141 835 s.
1172 796 1279 835 idem
1321 797 1576 847 protulerunt
1616 799 1818 839 iudicium.

284 853 394 899 Quod
426 855 555 893 critici
585 854 647 892 illi
678 854 812 894 dixere
843 855 1018 894 Ennium
1050 856 1219 895 alterum
1250 856 1480 906 Homerum,
1509 858 1552 897 id
1584 858 1635 897 ad
1660 859 1819 898 laudem

282 915 323 952 et
353 913 523 966 gloriam
557 915 642 952 eius
683 916 858 964 pertinet
901 916 1019 954 sicuti
1056 915 1233 955 Lucilius
1275 916 1343 955 lib.
1369 917 1425 955 IX
1451 931 1487 956 u.
1516 919 1600 957 343
1652 918 1819 958 Iliadem

283 986 362 1012 una
406 986 494 1012 cum
538 973 659 1012 Ennii
709 974 920 1014 annalibus
969 976 1104 1026 posuit
1152 988 1313 1027 poeseos
1363 990 1483 1016 uerae
1532 979 1730 1028 specimen
1779 981 1820 1018 et

283 1033 508 1083 exemplum
532 1034 694 1072 iustum.
746 1033 858 1079 Quod
883 1034 1081 1074 Lucilium
1106 1038 1348 1085 suspicatwm
1372 1049 1452 1076 esse
1476 1037 1603 1076 tradit
1624 1037 1818 1089 Hierony-

282 1105 369 1131 mus
401 1092 524 1132 fuisse
556 1106 646 1131 eum
678 1094 849 1133 alterum
879 1094 1115 1144 Homerum,
1153 1095 1194 1134 id
1225 1097 1354 1148 magis
1384 1097 1546 1135 uidetur
1577 1097 1628 1137 ad
1665 1099 1820 1138 somnia

281 1153 354 1190 illa
384 1151 638 1204 Pythagorea
668 1155 866 1204 spectasse
899 1154 948 1193 de
985 1154 1127 1206 quibus
1164 1155 1298 1206 potius
1336 1169 1424 1195 cum
1460 1157 1548 1196 ioco
1587 1160 1627 1197 et
1663 1158 1820 1198 facetiis

283 1213 408 1262 egisse
439 1212 556 1251 illum
587 1214 894 1252 consentaneum
925 1215 987 1254 est
1017 1227 1137 1264 quam
1169 1216 1271 1254 serio
1303 1217 1343 1255 et
1374 1228 1463 1255 cum
1488 1217 1606 1256 laude
1632 1218 1818 1258 auctoris.

405 1278 545 1324 1190.
579 1283 740 1323 Seruius
773 1284 823 1324 ad
853 1285 1050 1325 Aeneidos
1075 1286 1133 1325 XI
1160 1287 1244 1340 602
1276 1288 1364 1326 tum
1394 1288 1475 1327 late
1506 1288 1657 1328 ferreus
1690 1289 1818 1329 hastis

283 1343 429 1382 Horret
469 1342 583 1395 ager,
620 1345 829 1395 campique
866 1347 988 1384 armis
1025 1345 1259 1385 sublimibus
1297 1347 1448 1387 ardent.
1513 1345 1676 1388 ‘Horret
1712 1362 1818 1401 ager,

283 1402 472 1443 terribilis
503 1405 573 1443 est.
624 1405 685 1442 est
723 1405 858 1443 autem
893 1418 1032 1444 uersus
1063 1406 1286 1457 Ennianus,
1323 1407 1576 1457 uituperatus
1608 1421 1632 1447 a
1662 1408 1818 1448 Lucilio

282 1462 436 1501 dicente
472 1476 544 1512 per
586 1463 817 1503 inrisionem
861 1464 1040 1505 debuisse
1082 1479 1172 1504 eum
1209 1466 1338 1505 dicere
1377 1463 1545 1507 “horret
1582 1470 1623 1507 et
1666 1465 1818 1520 alget’'.

281 1522 384 1561 unde
427 1522 619 1561 Horatius
662 1523 711 1562 de
750 1523 905 1563 Lucilio
949 1519 1083 1578 (serm.
1109 1525 1130 1564 I
1158 1527 1225 1574 10,
1252 1520 1328 1580 54)
1372 1522 1495 1566 “Non
1538 1527 1643 1567 ridet
1682 1541 1818 1569 uersus

282 1581 388 1620 Enni
419 1583 622 1633 grauitate
651 1579 910 1623 minores?’'.'
961 1584 1187 1624 Macrobius
1214 1584 1296 1624 Sat.
1323 1585 1381 1624 VI
1407 1587 1446 1635 4,
1473 1587 1497 1625 6
1527 1584 1644 1626 ‘Tum
1669 1588 1819 1629 ferreus

282 1642 408 1680 hastis
451 1642 586 1681 horret
625 1655 729 1693 ager.
791 1643 928 1682 horret
968 1645 1068 1683 mire
1112 1657 1152 1683 se
1196 1644 1327 1684 habet.
1388 1645 1456 1685 sed
1500 1649 1540 1686 et
1584 1648 1737 1687 Ennius
1776 1647 1819 1687 in

283 1701 579 1751 quartodecimo
612 1696 718 1755 (393
733 1698 790 1756 V)
828 1699 1053 1744 “horrescit
1083 1705 1174 1744 telis
1207 1706 1400 1745 exercitus
1432 1719 1548 1758 asper
1583 1704 1817 1759 utrimque''

284 1791 289 1797 .
313 1791 319 1798 .
343 1791 349 1798 .
377 1762 417 1799 et
441 1762 482 1799 in
510 1761 693 1812 Scipione
721 1757 839 1816 (VIII
851 1758 907 1816 V)
936 1759 1117 1814 “sparsis
1142 1765 1268 1804 hastis
1293 1765 1423 1817 longis
1449 1779 1612 1817 campus
1639 1767 1820 1818 splendet

282 1822 322 1858 et
352 1817 530 1860 horret''.
582 1821 650 1860 scd
681 1824 722 1861 et
751 1825 845 1862 ante
876 1835 1011 1862 omnes
1036 1823 1232 1863 Homerus
1263 1823 1422 1877 ἔφριξεν
1451 1823 1493 1865 δὲ
1519 1825 1623 1879 μάχη
1649 1826 1817 1879 φθισίμ-

282 1880 422 1932 βροτος
453 1877 647 1936 ἕγχείῃσι’;
680 1877 849 1937 μακρῇσ’
884 1882 1023 1922 debuit
1047 1883 1191 1923 addere
1217 1885 1335 1923 sicuti
1361 1886 1554 1936 scriptum
1579 1888 1640 1926 est
1665 1887 1711 1926 N
1732 1887 1816 1927 339

282 1953 360 1989 quo
404 1940 532 1990 magis
577 1943 771 1991 appareat
813 1942 934 1980 Ennii
977 1942 1163 1982 imitatio.
1238 1943 1469 1995 Complures
1513 1946 1633 1984 Ennii
1681 1959 1818 1987 uersus

281 2001 415 2039 risisse
461 1999 659 2038 Lucilium
703 2002 775 2051 qui
817 2001 974 2054 indigni
1018 2002 1168 2042 fuerint
1210 2005 1383 2043 carmine
1425 2005 1583 2044 heroico
1626 2006 1818 2046 Horatius

281 2061 470 2098 testatur:
502 2059 714 2099 credideris
731 2054 883 2100 'uersus
914 2062 1016 2101 tales
1049 2062 1186 2112 quales
1219 2065 1312 2102 sunt
1343 2059 1493 2118 (annal.
1521 2065 1605 2104 609
1621 2061 1676 2119 V)
1708 2063 1817 2106 ‘saxo

282 2130 367 2157 cere
388 2119 621 2158 comminuit
645 2117 775 2158 brum'
804 2115 932 2174 (Seru.
960 2121 1010 2160 ad
1035 2122 1134 2161 Aen.
1159 2122 1179 2160 I
1206 2116 1311 2177 412)
1341 2136 1420 2162 non
1457 2123 1640 2176 effugisse
1671 2125 1819 2165 Lucilii

282 2179 628 2229 uituperationem.
678 2179 826 2219 Versus
850 2181 1080 2221 Lucilianus
1112 2181 1272 2221 uidetur
1302 2183 1423 2222 fuisse
1457 2180 1467 2197 ‘
1485 2179 1666 2234 “sparsis
1690 2185 1817 2225 hastis

281 2237 412 2289 longis
432 2235 626 2288 campus’'
647 2241 689 2277 et
707 2239 841 2279 horret
860 2242 900 2279 et
925 2237 1048 2293 alget'
1074 2242 1099 2280 i.
1120 2254 1151 2280 e.
1173 2244 1213 2280 et
1237 2242 1429 2294 frigidum
1454 2245 1514 2283 est
1539 2245 1579 2283 et
1601 2245 1817 2295 horridum,

281 2298 341 2335 ita
370 2299 417 2336 ut
446 2310 582 2337 uersus
614 2298 790 2337 Enniani
820 2301 976 2350 partem
1007 2302 1185 2351 posuerit
1214 2301 1392 2342 Lucilius
1423 2315 1548 2354 usque
1579 2304 1631 2343 ad
1667 2304 1816 2344 bucoli-

282 2370 380 2396 cam.
441 2357 501 2396 De
535 2358 754 2397 hexametri
790 2361 1076 2411 compositione
1114 2363 1250 2413 egerat
1286 2361 1463 2402 Lucilius
1503 2363 1640 2403 eodem
1678 2363 1817 2404 Seruio

282 2418 442 2455 auctore
478 2417 528 2455 ad
559 2418 657 2456 Aen.
683 2418 783 2458 Vm
810 2419 883 2459 83:
915 2421 1010 2459 conf
1030 2421 1167 2460 incert.
1193 2435 1231 2460 u.
1261 2423 1385 2462 1209.

404 2483 546 2529 1191.
578 2489 752 2530 Isidorus
784 2491 882 2543 orig.
909 2491 1003 2530 XIX
1028 2493 1067 2543 4,
1095 2494 1150 2532 10
1191 2489 1457 2544 ‘Gatapirates
1495 2489 1572 2549 (ita
1598 2494 1816 2555 Areualas:

282 2584 541 2623 catasiorates
563 2584 692 2634 Guelf.
712 2587 973 2637 catapioratis
991 2583 1212 2640 Sanqerm.)
1231 2589 1338 2627 linea
1358 2602 1448 2628 cum
1466 2603 1597 2630 massa
1618 2591 1816 2642 plumbea,

283 2656 363 2692 qua
395 2645 517 2683 maris
555 2645 726 2684 altitudo
763 2648 994 2697 temptatur.
1055 2647 1232 2687 Lucilius
1271 2644 1406 2688 “hunc
1445 2647 1565 2700 (hanc
1594 2645 1815 2705 Sanqerm.)

281 2704 536 2751 catapiratem
589 2698 664 2757 (ita
711 2704 930 2745 Areualus:
987 2709 1259 2758 cataporatem
1312 2708 1513 2758 Sanqerm.
1569 2711 1816 2761 cataportem

284 2758 434 2815 Guelf.)
470 2776 571 2812 puer
606 2759 739 2813 (pueri
769 2760 990 2819 Sanyerm.)
1028 2767 1166 2806 eodem
1202 2768 1353 2816 deferat
1388 2763 1463 2822 (ita
1492 2768 1710 2809 Areuabas:
1750 2770 1816 2810 de-

223 2830 229 2834 ·
281 2821 386 2860 foret
418 2821 547 2870 Guelf.
578 2822 780 2873 Sanyerm.
806 2837 855 2864 m.
881 2827 922 2870 2,
954 2825 1088 2866 defore
1118 2826 1318 2876 Sanyerm.
1343 2840 1393 2866 m.
1422 2823 1467 2879 1)
1504 2831 1668 2868 unctum
1706 2824 1816 2884 (eum

282 2875 502 2933 Samyerm.)
534 2882 688 2932 plumbi
717 2884 939 2933 pauxillum
975 2880 1215 2940 (paucillum
1244 2882 1465 2942 Sanyerm.)
1502 2889 1627 2928 rudus
1662 2889 1815 2940 linique

283 2935 460 2991 (lineque
499 2937 648 2995 Guelf.)
691 2941 953 2983 mataxam''.’
1022 2945 1163 2985 Festus
1207 2960 1245 2997 p.
1273 2947 1377 2996 265,
1405 2947 1516 2987 13M
1557 2945 1708 2989 ‘Rodus
1749 2950 1815 2989 uel

282 2999 428 3038 raudus
461 3001 660 3051 significat
689 3015 773 3041 rem
803 3003 941 3043 rudem
973 3006 1014 3043 et
1049 3005 1334 3056 imperfectam.
1367 3038 1375 3045 .
1403 3038 1411 3045 .
1438 3037 1447 3045 .
1472 3008 1618 3059 uulgus
1654 3009 1814 3059 quidem
