2060 3444
319 271 404 315 398
798 269 928 307 incert.
954 269 1030 306 sed.
1057 282 1092 305 u.
1120 273 1366 306 1253—1255.

320 385 496 422 Lucilius
537 381 682 433 “plure
720 384 826 422 foras
863 384 1057 432 uendunt,
1101 383 1206 434 quod
1234 395 1312 432 pro
1348 384 1495 422 minore
1526 379 1737 433 enmtmn'',
1780 396 1832 423 an

320 441 458 493 tique'.
522 442 625 481 Oonf
652 443 786 481 quen.
812 443 907 481 XIV
935 444 1019 482 200
1053 440 1183 493 ‘pares
1215 442 1320 492 quod
1350 443 1518 481 uendere
1557 443 1684 492 possis
1721 443 1847 493 pluris

321 499 513 542 dimidio'.
574 502 693 541 Foris
723 503 867 541 maluit
904 502 1023 541 scribi
1054 503 1206 552 Dousa,
1244 514 1383 540 reuera
1419 503 1478 541 ita
1515 503 1674 552 scripsit
1711 504 1849 542 auctor

322 562 483 608 Queroli
513 576 549 612 p.
579 564 646 611 31,
674 564 726 600 12
742 562 898 612 Peiperi
930 559 1180 612 ‘Mysterium
1211 562 1259 600 de
1284 562 1475 612 religione
1502 563 1655 600 faciunt
1680 563 1720 600 et
1745 574 1849 601 com-

321 623 519 660 mercium.
583 621 691 667 Quae
724 623 947 660 communia
979 623 1072 660 sunt
1104 624 1143 660 et
1174 622 1363 672 gratuita,
1395 621 1573 660 uendunt
1606 619 1732 660 foris’.
1793 621 1849 660 At

321 682 521 720 Lucilium
551 682 662 729 foras
692 683 868 731 potuisse
900 681 1068 720 scribere
1100 682 1276 731 apparet.
1326 680 1602 720 Lachmannus
1636 680 1851 731 temptauit

323 738 443 791 ‘quod
486 753 557 790 pro
602 753 644 779 re
688 742 748 779 est
790 742 893 779 forte
935 742 1086 779 minore
1130 737 1349 790 Emptum’,
1395 737 1560 779 ‘minore
1610 737 1847 790 coemptum’

322 813 480 839 uersum
511 800 615 838 exire
647 800 776 838 uoluit
800 799 1106 838 Lindemannus.
1150 801 1318 848 prr-omae
1342 800 1474 849 posui:
1507 800 1601 838 conf
1622 799 1754 838 Planc.
1786 812 1848 850 ap.

278 867 282 870 ’
324 860 401 899 Oic.
428 860 541 910 epist.
567 860 602 897 X
630 861 697 908 24,
725 860 748 898 5
796 856 932 909 ‘quod,
977 873 1023 898 ex
1066 861 1149 898 tam
1186 859 1335 909 insigni
1378 859 1554 898 amicitia
1598 872 1685 898 mea
1730 861 1848 909 atque

324 919 515 968 Caesaris,
540 919 643 958 hunc
668 919 741 957 filii
766 919 852 958 loco
879 920 919 957 et
943 919 1051 957 illius
1078 920 1118 957 et
1141 921 1274 957 uestro
1299 919 1448 957 iudicio
1474 919 1746 968 supstitutum,
1771 931 1850 957 non

322 979 487 1029 proinde
518 978 661 1016 habere
692 980 808 1028 turpe
843 979 942 1017 mihi
978 975 1164 1017 uidetur'.
1226 978 1396 1016 Proinde
1434 978 1660 1029 disyllabon
1698 991 1852 1028 semper

324 1038 533 1077 adhibetur
557 1038 664 1088 apud
692 1038 921 1076 Lucretium
945 1032 1008 1092 (L.
1030 1038 1240 1077 Muellerus
1266 1037 1313 1076 de
1338 1051 1379 1076 re
1405 1039 1516 1076 metr.
1544 1038 1592 1076 ed
1609 1038 1651 1076 Π
1674 1051 1711 1088 p.
1733 1032 1850 1087 317).

445 1092 584 1137 1254.
618 1097 777 1136 Seruius
816 1099 955 1136 auctus
994 1097 1043 1135 ad
1080 1097 1277 1136 Aeneidos
1302 1098 1338 1135 X
1366 1098 1448 1136 623
1490 1094 1644 1147 ‘meque
1680 1097 1755 1136 hoc
1793 1097 1852 1136 ita

323 1170 468 1207 ponere
494 1153 642 1196 sentis'.
695 1154 871 1206 ε13011616,
902 1157 1043 1206 facere,
1073 1157 1149 1205 uel,
1175 1158 1220 1195 ut
1246 1157 1408 1206 quidam
1434 1157 1586 1206 uolunt,
1612 1157 1851 1196 constituere

324 1219 364 1256 et
406 1215 640 1255 decernere?
667 1247 673 1254 .
696 1247 732 1254 ..
760 1229 852 1255 sane
895 1229 1039 1266 ponere
1081 1213 1228 1266 facere,
1272 1217 1374 1254 sicut
1416 1216 1591 1255 Lucilius
1634 1216 1852 1255 Homerum

324 1278 490 1325 secutus,
516 1276 587 1325 qui
613 1270 670 1329 (A
698 1270 741 1328 2)
769 1277 827 1314 ait
851 1271 949 1328 ἄλγε’
977 1275 1136 1327 ἔθηκεν,
1166 1275 1208 1314 id
1234 1277 1293 1314 est
1317 1276 1412 1314 fecit
1437 1288 1457 1311 *
1480 1288 1500 1312 *
1523 1272 1572 1314 *'.
1610 1275 1852 1314 Exciderunt

323 1335 468 1374 Lucilii
504 1335 627 1373 uerba
663 1337 826 1385 propter
861 1335 983 1373 uerba
1019 1337 1065 1373 ut
1101 1336 1259 1373 uidetur
1295 1335 1443 1374 similia
1481 1348 1581 1385 quae
1619 1335 1691 1373 hoc
1734 1335 1851 1374 modo

324 1396 511 1434 restituas
544 1391 555 1408 ‘
574 1391 813 1434 “aerumnas
844 1396 978 1445 posuit
1009 1396 1119 1433 furor
1148 1391 1406 1433 innumeras''
1439 1394 1480 1433 id
1506 1396 1565 1433 est
1590 1391 1711 1433 fecit'.
1755 1394 1851 1433 Ver-

323 1456 430 1493 terat
461 1454 511 1493 ad
541 1454 706 1492 uerbum
735 1455 854 1504 poeta
885 1454 1024 1493 Iliadis
1056 1454 1258 1493 exordium
1288 1455 1358 1492 ubi
1389 1454 1435 1493 de
1466 1455 1526 1492 ira
1558 1455 1650 1505 egit.

447 1508 587 1553 1255.
631 1513 772 1552 Festus
814 1527 852 1563 p.
880 1514 976 1563 258,
1005 1515 1060 1552 30
1106 1511 1352 1559 ‘Quartarios
1396 1513 1654 1564 appellabant
1697 1513 1852 1563 antiqui

324 1574 518 1612 muliones
539 1573 843 1622 mercennarios,
873 1573 976 1622 quod
1004 1575 1188 1623 quartam
1213 1575 1367 1622 partem
1392 1575 1606 1623 quaestuus
1633 1572 1851 1623 capiebant.

325 1632 500 1671 Lucilius
540 1630 688 1682 “porro
725 1633 903 1671 homines
940 1646 1128 1682 nequam,
1172 1633 1299 1672 malus
1342 1635 1388 1671 ut
1431 1634 1672 1682 quartarius,
1717 1633 1852 1682 cippos

325 1694 497 1741 collviyere
529 1688 723 1731 omnes’'.'
788 1691 964 1743 Scaliger
994 1693 1172 1731 collisere.
1236 1689 1391 1731 ‘notum
1422 1689 1496 1731 est’
1530 1693 1662 1742 inquit
1700 1688 1852 1742 ‘cippos

326 1752 595 1802 sepulcrorum
633 1752 729 1790 olim
767 1752 980 1790 secundum
1023 1753 1111 1791 uias
1153 1752 1332 1801 publicas
1376 1752 1515 1791 fuisse:
1557 1752 1693 1801 itaque
1735 1751 1852 1789 facile

326 1811 616 1850 collidebantur
647 1824 670 1849 a
701 1812 819 1850 mulis
851 1811 1072 1862 sagmariis,
1104 1824 1194 1850 cum
1226 1824 1272 1850 ea
1303 1809 1592 1862 praeterirent'.
1647 1810 1766 1850 Libro
1791 1810 1854 1849 ΠΙ

326 1871 511 1909 attribuit
553 1871 687 1910 Dousa
731 1873 771 1909 et
813 1871 1039 1910 Muellerus.
1113 1871 1238 1910 Mulio
1289 1872 1563 1922 perpetuarius
1612 1872 1854 1910 memoratur

328 1930 460 1969 Senee.
488 1930 684 1979 apocoloc.
714 1931 757 1968 6:
799 1930 972 1968 Martial.
999 1930 1034 1968 X
1061 1932 1099 1979 2,
1127 1932 1150 1968 9
1197 1930 1243 1969 de
1281 1931 1550 1980 sepulcrorum
1589 1930 1853 1969 monumentis

328 1986 541 2027 ‘marmora
578 1989 786 2027 Messallae
823 1989 938 2027 findit
981 1989 1205 2039 caprificus,
1249 1992 1289 2028 et
1332 1990 1459 2028 audax
1502 1989 1687 2028 dimidios
1725 1988 1854 2039 Crispi

326 2049 448 2086 mulio
497 2048 600 2086 ridet
649 2060 779 2098 equos.
858 2048 914 2086 At
963 2049 1083 2087 cartis
1131 2061 1203 2087 nec
1255 2050 1365 2097 furta
1417 2050 1560 2088 nocent
1608 2050 1648 2086 et
1697 2049 1854 2086 saecula

326 2109 492 2157 prosunt
535 2108 694 2157 solaque
743 2120 822 2146 non
864 2110 1011 2146 norunt
1049 2108 1145 2146 haec
1196 2109 1451 2146 monumenta
1499 2104 1627 2146 mori’.
1700 2107 1853 2156 Audax,

327 2168 361 2205 si
417 2168 590 2216 quaeris,
645 2167 769 2205 mulio
824 2180 903 2205 non
957 2166 1152 2206 diceretur
1205 2167 1283 2205 nisi
1336 2169 1420 2217 ipse
1468 2168 1578 2215 furta
1625 2168 1668 2205 in
1716 2179 1853 2205 monu-

327 2228 469 2264 mentis
519 2239 619 2275 quae
668 2239 784 2265 uersu
833 2228 1015 2276 sequenti
1069 2226 1337 2266 memorantur
1391 2226 1661 2266 commisisset.
1739 2226 1852 2265 Vnde

328 2285 434 2336 apud
476 2285 674 2323 Lucilium
716 2299 795 2325 non
838 2287 913 2324 erit
956 2286 1205 2325 scribendum
1250 2287 1417 2326 collisere
1466 2286 1533 2325 sed
1575 2288 1706 2335 cippos
1747 2287 1853 2324 colle-

324 2357 413 2394 9ere
448 2356 577 2384 omnes
613 2345 655 2382 id
686 2347 746 2384 est
775 2345 898 2384 furati
935 2348 1027 2384 sunt
1065 2346 1181 2385 sicuti
1220 2346 1321 2385 libro
1352 2346 1461 2384 XXX
1485 2360 1522 2384 u.
1551 2347 1661 2385 1001
1696 2345 1855 2395 scripsit

327 2406 446 2454 poeta
480 2417 678 2443 sermone
726 2405 887 2456 uulgari
940 2418 1033 2445 usus
1081 2403 1250 2457 ‘colligis
1304 2405 1436 2444 omnia
1486 2402 1651 2444 furtim’.
1735 2405 1854 2443 Viam

330 2464 528 2513 quandam
566 2464 767 2514 publicam
809 2477 932 2514 prope
975 2465 1110 2504 urbem
1153 2466 1326 2515 positam
1369 2465 1536 2504 describi
1578 2466 1744 2516 apparet
1785 2464 1855 2502 ubi

328 2524 505 2562 homines
544 2523 669 2572 aliqui
704 2537 874 2573 nequam
914 2525 1042 2573 qualis
1080 2526 1139 2563 est
1175 2525 1298 2563 mulio
1335 2524 1537 2574 improbus
1572 2524 1698 2562 furati
1741 2525 1855 2562 erant

330 2584 482 2632 cippos:
519 2594 648 2621 omnes
679 2584 938 2622 accusatiuus.
996 2583 1229 2629 Quartarius
1261 2586 1447 2633 quartam
1479 2585 1636 2634 partem
1666 2584 1853 2635 quaestus

331 2641 475 2691 accipit
504 2643 710 2691 tamquam
747 2642 897 2681 domini
932 2643 1159 2693 partiarius.
1221 2643 1280 2681 De
1310 2643 1426 2682 Indis
1456 2643 1582 2682 tradit
1613 2642 1754 2681 Strabo
1779 2642 1853 2680 XV

263 2719 268 2723 ·
330 2715 366 2751 p.
397 2702 479 2740 704
513 2704 662 2751 μισθοῦ
688 2696 724 2740 δ’
759 2700 884 2753 αὐτὴν
916 2698 1007 2756 (τὴν
1037 2699 1183 2755 χώραν)
1215 2700 1278 2741 ἐπὶ
1308 2701 1503 2755 τετάρταις
1528 2701 1751 2755 ἐργάζονται
1775 2707 1852 2740 τῶν

330 2766 510 2813 καρπῶν,
551 2762 690 2799 tertias
730 2763 862 2811 partes
902 2762 1094 2811 praebent
1136 2761 1294 2800 domino
1339 2763 1469 2801 coloni
1510 2762 1551 2800 in
1587 2761 1725 2799 Africa
1766 2761 1853 2812 lege

330 2820 525 2858 Hadriani
551 2832 612 2870 ap.
632 2820 793 2859 Brunsii
817 2821 914 2859 font.
940 2821 1013 2859 iur.
1033 2822 1078 2860 R.
1099 2821 1191 2860 edit.
1210 2821 1268 2859 VI
1292 2835 1330 2871 p.
1353 2822 1435 2860 383
1462 2821 1524 2859 H]
1548 2821 1595 2859 A.
1617 2820 1852 2859 Schultenus

331 2879 406 2917 Die
431 2892 550 2918 roem.
578 2878 984 2919 Grundherrschaften
1002 2881 1143 2919 Weim.
1167 2881 1278 2919 1896
1305 2894 1342 2930 p.
1366 2882 1433 2930 97,
1459 2881 1553 2919 conf
1575 2879 1672 2918 Cato
1698 2880 1745 2918 de
1770 2892 1852 2931 agr.

332 2939 424 2977 cult.
453 2939 547 2977 136.
609 2938 668 2977 De
698 2939 940 2979 mulionibus
971 2942 1011 2978 et
1047 2940 1266 2979 mulionum
1302 2940 1478 2979 mercede
1508 2940 1765 2978 Bluemnerus
1803 2938 1854 2977 ad

333 2997 446 3036 edict.
472 2998 638 3036 Dioclet.
663 2998 742 3036 VII
769 3000 834 3037 19.
