2060 3444
264 250 352 293 390
738 248 869 283 incert.
897 247 972 283 sed.
1000 259 1034 282 u.
1064 250 1310 282 1227—1228.

264 363 420 401 Phorm.
444 362 528 400 180
561 357 691 399 ‘tanta
723 362 762 399 te
794 359 1012 410 inpendent
1042 356 1163 399 mala'
1192 359 1243 398 ad
1274 360 1385 399 cuius
1414 372 1550 400 uersus
1576 360 1800 411 exemplum
1859 381 1861 383 >

265 422 473 461 constituit
509 420 639 459 Plaut.
672 419 788 470 Epid.
821 420 876 458 83
917 419 991 458 hoc
1028 419 1144 458 modo
1183 416 1336 458 ‘tantae
1376 417 1454 470 [in]
1493 422 1533 459 te
1569 420 1802 470 impendent

264 477 430 520 ruinae’.
492 480 643 519 Eodem
679 479 796 519 modo
835 479 961 518 Iulius
992 479 1176 519 Valerius
1216 491 1279 518 res
1317 481 1415 531 gest.
1440 479 1552 518 Alex.
1577 479 1620 518 H
1646 481 1670 518 4
1711 476 1809 519 ‘etsi

266 541 394 590 uideo,
438 539 700 579 Athenienses
732 539 829 588 uiri,
872 540 1067 589 quantum
1109 551 1180 578 nos
1224 539 1452 590 impendeat
1495 553 1542 578 ex
1584 536 1799 590 praesenti'

265 601 326 639 III
355 601 408 639 53
449 596 720 650 ‘impendebat
757 600 892 638 autem
928 599 1050 638 etiam
1087 599 1226 638 sellam
1264 598 1384 638 istam
1420 600 1575 651 uertigo
1608 599 1803 649 quaedam

268 660 318 699 ad
350 659 511 698 modum
542 658 680 697 mundi
709 654 910 711 figurata'.

390 713 531 759 1228.
557 718 792 758 Lactantius
817 718 942 758 instit.
968 718 1005 755 V
1027 719 1065 767 9,
1087 719 1141 757 20
1169 715 1263 757 ‘Sed
1288 719 1329 756 et
1352 717 1530 757 Lucilius
1554 718 1804 758 tenebrosam

267 780 387 818 istam
413 780 541 818 uitam
566 778 863 828 circumscripte
885 778 1138 828 breuiterque
1164 778 1344 828 depinxit
1366 778 1429 816 his
1454 778 1635 817 uersibus
1667 773 1805 817 “nunc

255 871 278 894 ῃ.
300 869 307 877 .
330 869 337 876 .
363 840 473 877 totus
503 839 601 877 item
633 832 725 891 (toto
762 838 896 877 itidem
925 837 1045 877 Ianus
1083 832 1238 892 Dousa)
1265 868 1273 876 .
1295 868 1302 876 .
1324 869 1332 877 .
1359 833 1554 877 omnes”.’
1615 838 1805 888 Inprimis

270 898 397 938 Varro
436 898 666 949 Menippeus
711 897 762 937 ad
797 898 835 936 h.
861 898 886 936 1.
926 897 1183 936 conferendus
1226 897 1386 936 uidetur
1429 896 1806 937 Gerontodidascalo

227 1004 230 1007 ,
269 958 404 998 Manio
448 957 636 1010 Sexagesi
679 957 816 1007 Taphe
854 957 1044 1008 Menippu
1089 957 1202 996 alibi:
1247 957 1342 997 conf
1381 958 1466 996 496
1481 957 1515 995 Β
1561 954 1681 996 ‘nunc
1718 958 1806 1008 quis

270 1019 425 1068 patrem
457 1017 591 1056 decem
623 1030 816 1056 annorum
848 1018 965 1055 natus
997 1030 1075 1055 non
1107 1017 1224 1056 modo
1257 1017 1388 1056 aufert
1420 1016 1488 1056 sed
1512 1017 1623 1056 tollit
1651 1039 1700 1044 —
1729 1017 1807 1056 nisi

271 1074 467 1116 ueneno’?
499 1071 625 1130 (Suet.
652 1078 743 1116 Ner.
773 1078 826 1115 39
859 1076 973 1115 FPR
1003 1091 1040 1127 p.
1063 1078 1160 1126 369,
1189 1071 1245 1130 1).
1301 1076 1490 1116 Versibus
1528 1076 1673 1116 Lucilii
1704 1090 1806 1116 com-

271 1149 387 1188 pares
436 1138 537 1176 tales
586 1137 668 1176 fere
717 1148 854 1175 uersus
914 1137 1049 1186 quales
1094 1136 1252 1174 exhibet
1300 1136 1427 1175 Varro
1464 1136 1489 1175 1.
1510 1149 1538 1175 s.
1563 1137 1643 1175 181
1698 1133 1808 1188 ‘ergo

272 1199 358 1235 tum
395 1209 508 1236 sacra
543 1197 685 1248 religio
725 1198 935 1246 castaeque
971 1196 1134 1235 fuerunt
1170 1208 1231 1235 res
1273 1193 1422 1235 omnes'
1451 1196 1535 1234 488
1577 1193 1685 1248 ‘ergo
1723 1197 1810 1235 tum

273 1257 421 1296 Romae
458 1269 577 1307 parce
617 1269 793 1307 pureque
830 1255 1017 1306 pudentis
1048 1255 1200 1305 uixere,
1237 1269 1286 1294 en
1316 1256 1507 1306 patriam,
1539 1269 1644 1295 nunc
1675 1268 1809 1296 sumus

273 1318 316 1355 in
347 1312 508 1355 rutuba’
543 1317 624 1355 501
662 1313 774 1354 ‘tunc
810 1315 975 1366 nuptiae
1014 1315 1206 1355 uidebant
1243 1317 1415 1354 ostream
1445 1312 1687 1355 Lucrinam'.
1749 1315 1809 1354 De

274 1377 352 1415 fori
394 1375 644 1426 turpitudine
687 1375 867 1426 queritur
908 1376 1014 1414 idem
1057 1375 1185 1414 Varro
1228 1376 1347 1415 sicuti
1388 1375 1463 1414 hoc
1504 1376 1591 1414 loco
1633 1374 1810 1414 Lucilius

277 1436 406 1474 49713
441 1432 523 1474 ‘ubi
554 1437 641 1474 tum
673 1436 835 1474 comitia
874 1435 1086 1484 habebant,
1117 1435 1174 1473 ibi
1204 1447 1309 1474 nunc
1345 1435 1391 1473 fit
1427 1432 1641 1474 mercatus'
1676 1436 1760 1474 435
1776 1435 1809 1472 B

275 1498 318 1534 in
348 1495 520 1534 tenebris
558 1508 604 1534 ac
635 1495 728 1533 suili
758 1496 920 1544 uiuunt,
957 1496 1034 1534 nisi
1070 1508 1150 1534 non
1180 1495 1312 1533 forum
1342 1495 1441 1534 hara
1472 1497 1592 1544 atque
1622 1495 1811 1544 homines,

277 1556 349 1605 qui
390 1567 511 1604 nunc,
554 1554 733 1605 plerique
777 1566 866 1594 sues
909 1556 1002 1593 sunt
1044 1551 1325 1594 existimandi'.
1399 1554 1639 1594 Anacharsis
1684 1554 1812 1593 simile

278 1615 427 1653 dictum
466 1614 513 1653 de
549 1615 636 1653 foro
672 1614 799 1653 tradit
834 1614 950 1665 Diog.
977 1614 1108 1653 Laert.
1135 1614 1266 1654 1105
1304 1612 1378 1665 τὴν
1415 1611 1563 1666 ἀγορὰν
1595 1611 1813 1666 ὡρισμένον

279 1673 357 1725 ἔφη
388 1672 509 1713 τόπον
540 1673 595 1722 εἰς
626 1672 669 1713 τὸ
700 1672 892 1725 ἀλλήλους
923 1671 1078 1712 ἀπατᾶν
1112 1672 1179 1713 καὶ
1209 1675 1463 1713 πλεονεκτεῖν.
1526 1673 1639 1719 Quod
1683 1674 1814 1713 forum

278 1736 325 1772 ut
354 1735 508 1773 monuit
538 1734 666 1773 Varro
698 1734 929 1784 Menippeus
962 1734 1046 1772 456
1062 1734 1096 1772 B
1136 1731 1255 1772 ‘recte
1286 1735 1502 1785 purgatum
1540 1733 1657 1783 scito,
1694 1746 1814 1784 quom

280 1793 432 1832 uidebis
465 1794 614 1832 Romae
645 1795 687 1832 in
718 1794 804 1833 foro
832 1795 923 1832 ante
951 1794 1131 1833 lanienas
1156 1800 1298 1844 pueros
1323 1794 1407 1844 pila
1433 1794 1627 1844 expulsim
1651 1790 1812 1832 ludere'.

282 1854 409 1892 Sicuti
440 1866 487 1892 ex
517 1853 708 1893 Varronis
740 1853 838 1892 locis
870 1866 897 1892 s.
919 1865 947 1892 s.
981 1855 1159 1904 apparet,
1190 1854 1230 1892 et
1260 1853 1409 1892 iudicia
1436 1854 1478 1891 in
1503 1853 1590 1892 foro
1615 1852 1815 1903 corrumpi

282 1926 381 1951 auro
425 1914 465 1951 et
507 1914 673 1963 argento
718 1912 984 1962 querebantur
1027 1907 1132 1965 (498
1148 1913 1181 1951 B
1228 1909 1348 1962 ‘quod
1393 1913 1499 1964 leges
1535 1912 1694 1962 iubent,
1736 1925 1815 1951 non

282 1973 453 2020 faciunt,
496 1971 565 2019 δὸς
608 1970 673 2010 καὶ
715 1969 807 2023 λαβὲ
843 1972 966 2010 feruit
1002 1969 1177 2010 omnino'
1217 1973 1301 2010 499
1349 1969 1504 2011 ‘auidus
1550 1971 1668 2010 iudex
1704 1985 1816 2010 reum

282 2031 452 2070 ducebat
482 2043 566 2070 esse
597 2029 733 2070 κοινὸν
758 2025 958 2085 Ἑρμῆν’).
1014 2031 1044 2070 Ι.
1070 2031 1267 2071 Beckerus
1292 2030 1434 2071 Philol.
1460 2031 1498 2069 V
1526 2032 1639 2070 1850
1671 2046 1707 2082 p.
1732 2031 1814 2070 728

283 2091 386 2129 libro
416 2091 438 2129 I
479 2091 550 2130 hos
594 2103 730 2129 uersus
774 2090 1000 2130 adtribuere
1042 2103 1121 2130 non
1164 2090 1378 2130 dubitauit.
1446 2089 1550 2136 Quid
1586 2091 1669 2130 fere
1707 2092 1817 2129 ante-

285 2151 464 2202 cesserit,
503 2150 683 2189 diuinare
718 2150 814 2189 licet
850 2164 870 2189 e
909 2151 1107 2201 particula
1146 2147 1265 2189 ‘nume
1301 2147 1421 2190 uero':
1459 2145 1553 2189 conf
1581 2149 1660 2189 Cic.
1685 2150 1733 2189 de
1758 2151 1817 2188 in-

285 2211 391 2249 uent.
417 2210 438 2248 I
465 2210 508 2259 6,
537 2212 560 2248 8
596 2207 753 2260 ‘quodsi
790 2223 977 2262 magnam
1013 2210 1055 2248 in
1096 2211 1151 2249 eis
1181 2210 1430 2261 Hermagora
1459 2209 1663 2249 habuisset
1692 2210 1816 2249 facul-

285 2271 421 2318 tatem,
455 2299 462 2306 .
485 2299 492 2306 .
514 2300 522 2307 .
548 2269 750 2308 uideretur
777 2300 784 2307 .
806 2299 814 2308 .
836 2300 842 2307 .
870 2270 1015 2311 falsum
1053 2263 1244 2320 quiddam
1280 2270 1548 2309 constituisse:
1585 2281 1690 2309 nwnc
1726 2281 1818 2308 uero

287 2342 333 2368 ea
364 2330 425 2368 uis
457 2331 517 2368 est
546 2330 589 2367 in
618 2329 790 2379 homine,
820 2326 880 2367 ut’
914 2342 946 2368 e.
966 2343 1003 2380 q.
1024 2342 1052 2368 s.
1085 2329 1198 2369 Tusc.
1222 2329 1286 2368 m
1313 2331 1350 2378 1,
1377 2331 1400 2368 2
1436 2326 1592 2380 ‘quodsi
1623 2329 1716 2368 talis
1747 2341 1819 2368 nos

286 2390 430 2427 natura
456 2390 656 2439 genuisset
682 2420 689 2427 .
712 2420 718 2427 .
741 2419 748 2427 .
773 2389 881 2427 haud
907 2391 993 2428 erat
1017 2401 1122 2438 sane,
1148 2389 1253 2439 quod
1279 2389 1490 2439 quisquam
1512 2420 1519 2427 .
1540 2419 1548 2427 .
1570 2419 1578 2427 .
1599 2389 1821 2428 doctrinam

287 2448 516 2498 requireret.
566 2448 683 2487 Nunc
706 2449 894 2498 paruulos
924 2449 1038 2488 nobis
1067 2448 1178 2487 dedit
1201 2445 1411 2500 igniculos'
1439 2462 1469 2488 e.
1491 2462 1526 2498 q.
1548 2461 1577 2487 s.
1595 2448 1654 2487 IV
1675 2449 1742 2498 24,
1765 2448 1819 2486 54

290 2505 478 2546 ‘Remoue
514 2508 832 2558 perturbationes
868 2509 1116 2558 maximeque
1152 2508 1417 2547 iracundiam:
1459 2508 1540 2547 iam
1580 2508 1822 2547 uidebuntur

289 2568 467 2606 monstra
504 2567 643 2606 dicere.
704 2568 823 2607 Nunc
859 2571 988 2608 autem
1023 2570 1083 2607 ita
1120 2567 1319 2607 disserunt
1355 2569 1412 2607 sic
1449 2580 1490 2607 se
1527 2568 1655 2607 dicere
1693 2568 1821 2606 omnis

292 2628 435 2666 stultos
466 2627 650 2676 insanire,
682 2629 728 2666 ut
757 2628 860 2666 male
899 2628 1004 2677 olere
1043 2640 1159 2667 omne
1190 2624 1383 2666 caenum'.
1446 2626 1667 2677 Scripserat
1696 2628 1823 2679 igitur

291 2686 485 2724 Lucilius:
525 2683 682 2735 ‘quodsi
712 2688 873 2726 strenua
904 2687 975 2726 illa
1006 2688 1213 2727 uterentur
1244 2688 1285 2726 et
1314 2688 1445 2737 prisca
1475 2688 1584 2726 uitae
1615 2688 1821 2726 eonsuetu-

223 2751 228 2754 ’
292 2746 400 2794 dine,
436 2745 531 2783 boni
569 2758 650 2785 esse
687 2748 849 2796 possent
878 2748 1026 2786 milites
1058 2749 1098 2786 et
1128 2744 1278 2796 fortes'3
1318 2759 1422 2785 nunc
1452 2759 1546 2785 uero
1575 2759 1602 2786 a
1631 2747 1741 2784 mani
1772 2745 1823 2784 ad

291 2805 447 2843 noctem
478 2806 549 2842 uni
580 2818 620 2843 se
651 2805 816 2844 tradunt
846 2807 943 2844 foro.
1005 2806 1134 2852 Quare
1174 2806 1319 2845 inertes
1350 2808 1443 2845 sunt
1473 2807 1514 2845 et
1542 2806 1733 2844 imbelles.
1763 2826 1822 2831 —

296 2865 421 2902 1228.
453 2876 479 2902 a
508 2863 634 2915 mani]
662 2865 768 2915 quod
792 2878 894 2905 unus
919 2866 1040 2905 codex
1064 2866 1101 2902 V
1121 2866 1298 2905 seruauit
1324 2867 1429 2904 recte
1453 2866 1603 2916 recepit
1625 2865 1823 2904 Baehren-

294 2923 392 2962 sius:
424 2924 517 2961 conf
545 2924 647 2962 editt
684 2925 735 2963 ad
773 2925 902 2963 Plaut.
927 2925 1095 2965 Mostell.
1125 2926 1220 2964 767.
1248 2926 1333 2964 534
1367 2922 1417 2963 ‘A
1448 2926 1558 2964 mani
1588 2925 1639 2964 ad
1669 2926 1824 2964 noctem

293 2994 418 3031 usque
448 2984 490 3020 in
519 2983 605 3022 foro
630 2983 729 3035 dego
755 2982 887 3023 diem'.
914 3006 969 3011 -—
996 2985 1097 3024 festo
1123 2987 1243 3035 atque
1267 2982 1460 3036 profesto]
1487 2985 1549 3024 die
1574 2998 1620 3023 ex
1644 2984 1824 3036 sequenti
