2060 3444
308 284 391 326 106
895 280 962 318 VII
987 292 1022 315 u.
1052 285 1251 320 2797—284.

305 399 426 436 etiam
453 397 626 436 Tenedia
658 398 763 436 testa
793 410 864 448 pro
898 397 1058 436 cultello
1090 410 1180 436 usos
1212 409 1294 436 esse
1327 399 1478 438 ueteres
1502 398 1694 450 Alciphro
1726 398 1842 438 docet

306 452 386 508 (111
413 451 488 511 69)
538 456 600 496 his
649 457 781 496 uerbis
831 454 905 510 ἐγὼ
956 453 998 496 δὲ
1041 455 1114 508 τὴν
1157 455 1338 510 φλύαρον
1386 460 1558 510 γλῶτταν
1607 455 1840 510 ἀποτέμνειν

307 514 482 572 ὀστράκῳ
513 516 679 572 Τενεδίῳ
709 518 792 564 τοῖς
823 514 1080 567 βουλομένοις
1111 514 1265 568 ἕτοιμός
1295 516 1374 568 εἰμι
1398 515 1578 570 παρέχειν
1604 512 1691 571 (ubi
1717 518 1840 557 στενέ·
1874 513 1877 516 ’

305 576 377 631 δίῳ
410 570 539 629 codd).
603 576 763 615 Etenim
795 577 913 616 sicuti
950 576 1186 615 tenuissima
1223 577 1262 615 et
1299 577 1558 629 fragilissima
1593 578 1703 616 fuere
1743 589 1842 617 uasa

306 636 442 675 Samia
474 630 622 689 (Plaut.
649 636 791 676 Bacch.
819 637 904 676 202
938 633 1030 676 ‘scis
1061 638 1106 675 tu
1138 638 1184 675 ut
1214 637 1412 689 confringi
1441 649 1514 676 uas
1549 638 1629 677 cito
1662 636 1841 676 Samium

307 693 421 735 solet'
461 695 661 735 Menaech.
692 697 774 735 178
810 693 984 735 ‘Placide
1027 696 1152 747 pulta.
1180 718 1235 723 —
1261 695 1425 747 Metuis,
1468 697 1601 747 credo,
1644 709 1693 736 ne
1736 697 1840 737 fores

307 756 466 795 Samiae
492 752 644 810 sient')‚
669 756 767 795 item
792 755 840 794 de
866 756 1049 795 Tenediis
1072 756 1149 795 Dio
1169 755 1280 795 Prus.
1306 756 1348 795 H
1371 770 1410 808 p.
1438 756 1506 806 62,
1533 758 1585 796 31
1615 756 1662 796 ed
1687 755 1839 796 Arnim.

305 814 443 867 σχεδὸν
475 809 550 855 οὖν
580 814 856 869 παραπλήσιον
886 814 1138 855 πεπόνθασι-ν
1169 815 1211 855 οἵ
1244 813 1330 867 ἐμοὶ
1367 814 1474 869 λόγοι
1511 819 1564 871 τῷ
1601 815 1756 872 κεράμῳ
1793 818 1846 871 τῷ

307 875 492 931 Τενεδίῳ·
525 874 590 914 καὶ
620 874 694 929 γὰρ
720 873 875 915 ἐκεῖθεν
899 882 976 923 πᾶς
1002 873 1073 927 μὲν
1099 872 1120 915 ὃ
1145 873 1381 928 παραπλέων
1406 873 1631 927 ἐμβάλλεται
1656 873 1841 929 κέραμον,

305 933 438 982 οὐδεὶς
469 932 511 974 δὲ
542 933 635 988 ὑγιῆ
667 935 882 987 διακομίζει
913 935 1073 990 ῥᾳδίως,
1104 933 1201 974 ἀλλὰ
1233 935 1274 974 οἵ
1300 933 1437 975 πολλοὶ
1469 934 1624 989 σαθρὸν
1649 934 1840 986 ποιῆσαν·
1920 952 1921 955 ’

266 1017 269 1020 -
304 1009 364 1043 τες
396 992 421 1047 ἢ
452 995 740 1048 συντρίψαντες
779 992 948 1048 ὄστρακα
985 994 1135 1047 ἔχοντες
1172 994 1446 1034 λανθάνουσιν
1484 993 1639 1043 αὐτούς.
1701 995 1840 1046 Neque

304 1055 410 1104 quod
441 1055 595 1094 Nonius
627 1056 799 1094 samiarc
830 1055 934 1094 idem
966 1067 1049 1095 esse
1081 1055 1186 1106 quod
1218 1067 1356 1094 acuere
1387 1054 1512 1094 tradit
1547 1055 1759 1106 quicquam
1789 1055 1840 1098 ad

304 1115 409 1154 hunc
440 1115 569 1154 locum
601 1116 787 1166 pertinet,
819 1127 1063 1166 quamquam
1094 1117 1201 1154 recte
1232 1114 1419 1154 tradidit:
1457 1115 1552 1155 conf
1584 1127 1686 1166 quae
1723 1114 1839 1154 Blue-

303 1186 462 1214 mnerus
483 1174 692 1214 adnotauit
711 1174 762 1214 ad
781 1174 954 1215 edictum
979 1174 1221 1214 Diocletiani
1240 1174 1319 1214 VH
1340 1176 1413 1214 33:
1443 1176 1513 1225 qui
1538 1174 1679 1214 doceat
1704 1173 1840 1215 Samia

306 1236 415 1273 terra
445 1235 486 1273 in
519 1235 623 1274 ferro
655 1235 832 1274 acuendo
865 1235 926 1274 uti
956 1235 1094 1275 solitos
1127 1247 1210 1274 esse
1241 1234 1385 1274 fabros.
1411 1255 1461 1261 —
1483 1233 1716 1285 Asyndeton
1747 1233 1840 1273 uide

305 1293 502 1345 quomodo
532 1296 653 1345 poeta
683 1297 723 1334 et
753 1296 795 1333 in
827 1295 980 1346 protasi
1011 1296 1051 1333 et
1080 1295 1122 1333 in
1155 1294 1319 1345 apodosi
1351 1295 1443 1345 apte
1476 1293 1720 1343 adhibuerit,
1761 1306 1839 1344 quo

305 1355 435 1406 magis
460 1354 639 1394 narratio
664 1354 835 1394 hominis
861 1355 956 1393 irati
981 1356 1022 1393 et
1046 1354 1216 1394 dolentis
1241 1354 1538 1394 festinationem
1555 1353 1761 1393 indicaret.
1786 1374 1836 1381 —

308 1427 389 1453 anu
408 1424 533 1460 noceo,
554 1416 600 1452 ut
621 1413 718 1453 Cato
738 1428 774 1465 p.
797 1415 865 1464 85,
886 1415 911 1453 8
926 1414 1029 1453 Iord.
1063 1411 1329 1454 ‘caduceatori
1348 1426 1463 1453 nemo
1483 1414 1599 1453 homo
1618 1410 1761 1453 nocet’.
1782 1435 1838 1442 —

298 1474 514 1523 praecidit:
543 1474 718 1513 Martial.
744 1474 786 1513 Π
812 1475 867 1513 45
902 1470 1019 1525 ‘quae
1050 1473 1125 1513 tibi
1156 1486 1235 1513 non
1267 1473 1412 1523 stabat,
1442 1474 1620 1524 praecisa
1648 1475 1708 1513 est
1731 1486 1840 1513 men-

305 1534 404 1583 tula,
435 1532 593 1584 Glypte.
652 1533 836 1583 Demens,
867 1547 956 1573 cum
987 1534 1092 1573 ferro
1125 1533 1220 1584 quid
1251 1532 1354 1573 tibi?
1403 1532 1540 1573 Gallus
1572 1530 1687 1573 eras’.

426 1588 536 1634 282.
569 1593 723 1632 Nonius
754 1607 791 1645 p.
820 1595 890 1643 21,
916 1594 972 1633 30
1006 1590 1188 1632 ‘Virosae
1219 1594 1403 1633 mulieres
1440 1593 1626 1633 dicuntur
1662 1593 1839 1632 uirorum

304 1653 537 1704 adpetentes
569 1654 633 1692 uel
664 1654 901 1693 luxuriosae.
964 1652 1140 1693 Lucilius
1171 1655 1397 1704 satyrarum
1429 1653 1496 1692 lib.
1522 1653 1602 1692 VH
1635 1649 1748 1692 “dixi
1772 1683 1779 1691 .
1802 1682 1810 1691 .
1830 1682 1838 1690 .

305 1714 439 1752 cedam
469 1713 630 1763 potius.
655 1744 661 1751 .
684 1744 691 1751 .
712 1710 835 1752 me’'.’
900 1713 1164 1752 Enuntiatum
1201 1713 1355 1753 forense
1392 1713 1475 1752 dixi
1511 1712 1642 1763 lepide
1682 1714 1840 1752 saturae

304 1773 474 1813 inseruit
504 1775 624 1823 poeta
655 1786 732 1823 quo
765 1776 942 1813 oratores
972 1773 1044 1812 illo
1075 1775 1254 1825 tempore
1286 1773 1478 1812 orationis
1509 1785 1602 1812 suae
1633 1772 1750 1812 finem
1780 1772 1840 1811 in-

307 1832 495 1873 dicabant
525 1833 643 1872 sicuti
673 1845 781 1872 more
813 1834 992 1872 ueterum
1024 1834 1144 1872 semel
1175 1833 1227 1871 M.
1248 1833 1402 1872 Tullius
1439 1834 1481 1871 in
1520 1833 1675 1872 actione
1707 1832 1840 1883 priore

305 1894 347 1931 in
378 1892 542 1932 Verrem
587 1887 702 1946 (conf
726 1893 846 1932 schol.
872 1906 909 1944 p.
939 1893 1022 1932 152
1038 1887 1123 1946 Or.)
1168 1892 1361 1943 Apuleius
1403 1893 1446 1931 in
1496 1892 1700 1944 apologia:
1749 1892 1845 1932 conf

307 1951 406 1991 GLE
429 1953 497 2001 52,
518 1953 543 1991 8
565 1952 794 1992 Buecheleri
822 1950 937 1991 ‘dixit
963 1949 1079 1991 abei’.
1125 1951 1318 1992 Similiter
1338 1951 1478 1992 Graeci
1503 1953 1679 1991 oratores
1705 1950 1840 2004 εἴρηκα

305 2007 490 2065 (Aristot.
510 2011 608 2051 rhet.
629 2012 691 2051 111
710 2025 794 2062 cap.
818 2013 871 2051 19
887 2006 1003 2065 extr.)
1035 2011 1139 2051 unde
1170 2014 1310 2062 poetae
1337 2010 1478 2051 Graeci
1509 2012 1635 2050 ueluti
1661 2010 1838 2061 Euripid.

306 2070 432 2110 Orest.
455 2072 540 2110 678
562 2071 743 2122 Sophocl.
766 2071 909 2110 Electr.
934 2072 1006 2111 73:
1032 2072 1126 2111 conf
1140 2072 1311 2122 interpp.
1327 2071 1378 2110 ad
1390 2070 1452 2110 Ai.
1469 2071 1555 2110 480
1569 2070 1735 2110 Philoct.
1752 2071 1836 2110 389

305 2129 419 2183 λόγος
449 2128 619 2170 λέλεκται
650 2137 738 2178 πᾶς.
789 2131 970 2182 Euripid.
997 2130 1123 2171 Orest.
1153 2133 1278 2171 1203.
1303 2151 1352 2158 ——-
1375 2130 1554 2170 uetulam
1586 2132 1705 2180 atque
1733 2130 1837 2169 uiro-

306 2186 410 2243 sam]
449 2190 633 2230 similiter
671 2190 804 2241 Scipio
842 2190 992 2230 amicus
1023 2203 1086 2241 ap.
1114 2189 1213 2230 Gell.
1239 2190 1297 2230 VI
1326 2192 1392 2240 12,
1419 2191 1444 2229 5
1485 2187 1570 2241 ‘qui
1605 2202 1684 2229 non
1721 2189 1838 2229 modo

305 2251 487 2300 uincens,
524 2250 592 2290 sed
624 2252 778 2291 uirosus
811 2263 967 2302 quoque
999 2247 1080 2300 sit’,
1116 2250 1159 2289 id
1190 2252 1250 2290 est
1279 2252 1326 2290 ut
1357 2250 1513 2289 Caluus.
1542 2250 1754 2301 scripserat
1789 2248 1838 2287 de

305 2310 493 2361 Pompeio
532 2306 651 2364 (FPR
676 2324 713 2361 p.
742 2312 825 2351 322
847 2305 1079 2365 Baehrens.)
1119 2307 1232 2361 ‘quid
1268 2310 1404 2350 credas
1443 2310 1549 2349 hunc
1591 2309 1668 2349 sibi
1709 2307 1840 2348 uelle?

304 2367 464 2409 uirum’.
533 2371 676 2420 Itaque
718 2371 875 2410 uirosus
923 2373 970 2410 ut
1017 2370 1264 2410 mulierosus.
1301 2391 1362 2397 --
1398 2369 1562 2409 caedam
1603 2371 1649 2408 ut
1692 2367 1836 2408 Catull.

426 2484 537 2530 284.
573 2490 727 2529 Nonius
764 2504 802 2541 p.
832 2491 934 2535 169,
967 2490 1020 2529 31
1055 2502 1102 2528 ex
1133 2489 1392 2541 grammatico
1439 2486 1599 2538 ‘Simat,
1640 2486 1837 2539 deprimit.

305 2549 482 2589 Lucilius
519 2549 587 2589 lib.
606 2549 686 2588 VII
718 2547 768 2589 ‘si
804 2552 939 2589 mouet
974 2549 1134 2589 aximad
1161 2580 1197 2587 ..
1220 2580 1227 2587 .
1259 2545 1414 2588 olim'’.'
1482 2548 1659 2587 Verbum
1695 2549 1839 2601 simare

305 2610 347 2647 in
392 2609 558 2659 Sulpicii
602 2609 760 2648 Seruati
803 2610 976 2648 carmine
1026 2604 1276 2663 (Baehrensii
1319 2608 1440 2646 PLM
1469 2607 1528 2647 IV
1559 2621 1596 2659 p.
1626 2608 1728 2658 109,
1761 2600 1836 2660 37)

306 2669 456 2708 extare:
483 2665 770 2719 ‘simanturque
794 2670 927 2708 iacent
950 2668 1083 2720 pando
1109 2668 1330 2707 sinuamine
1355 2664 1484 2707 nares'
1509 2667 1666 2706 monuit
1684 2666 1837 2706 Dousa:

306 2741 426 2778 quem
474 2741 632 2767 uersum
682 2730 912 2779 corruptum
962 2728 1032 2767 alii
1087 2729 1167 2767 alia
1219 2727 1374 2767 ratione
1423 2739 1564 2767 sanare
1613 2725 1836 2766 studebant.

306 2787 442 2826 Finxit
483 2788 557 2826 hoc
600 2788 837 2827 uocabulum
879 2788 1057 2827 Lucilius
1101 2787 1151 2826 ad
1195 2787 1499 2827 similitudinem
1541 2785 1683 2826 Graeci
1725 2785 1838 2824 uerbi

224 2876 230 2881 .
306 2853 450 2897 σιμοῦν
480 2860 558 2898 quo
590 2859 683 2887 usus
716 2850 775 2887 est
798 2847 963 2887 Aristot.
990 2847 1038 2886 de
1061 2848 1164 2899 part.
1191 2848 1308 2886 anim.
1334 2846 1393 2885 IV
1417 2858 1503 2896 cap.
1525 2847 1578 2885 12
1605 2859 1643 2896 p.
1672 2846 1790 2884 693a
1811 2846 1834 2883 7

307 2905 352 2945 τὰ
407 2903 450 2946 δὲ
505 2905 772 2960 στεγανόποδα
826 2905 892 2946 καὶ
942 2904 1205 2963 διῃρημένους
1254 2903 1325 2957 μὲν
1372 2904 1508 2958 ἔχοντα
1556 2903 1648 2952 τοὺς
1696 2903 1836 2954 πόδας,

307 2964 596 3017 σεσιμωμένους
633 2963 703 3006 δὲ.
725 2997 732 3004 .
753 2997 762 3005 .
788 2965 857 3006 τὸν
894 2963 965 3017 μὲν
1000 2964 1145 3018 αὐχένα
1181 2964 1333 3018 μακρὸν
1362 2964 1519 3017 ἔχουσιν
1548 2967 1627 3004 κτλ.
1688 2963 1837 3016 Agitur

308 3025 356 3064 de
387 3025 545 3064 homine
583 3038 714 3067 amore
745 3026 919 3076 perdito,
957 3025 1025 3076 qui
1062 3024 1274 3081 ἀσθμαίνει
1310 3026 1351 3067 in
1382 3038 1424 3063 re
1454 3037 1624 3066 uenerea
1654 3019 1833 3077 (Lucian.
