2060 3444
819 304 935 340 XXIX
961 315 997 340 u.
1024 303 1245 340 844—848.'
1704 301 1787 343 291

232 418 385 459 Heaut.
413 419 498 458 672
538 418 634 457 Hor.
661 431 772 457 serm.
798 418 839 457 H
866 419 910 467 3,
939 419 975 456 6.
1019 418 1114 456 116.
1187 416 1296 462 Quae
1340 416 1543 468 significat
1586 416 1659 455 hoc
1704 416 1790 454 loco

242 491 465 519 sermonem
483 502 489 509 ·
509 483 666 518 omnem
710 478 869 518 irritum
914 490 997 517 esse
1037 479 1079 517 et
1120 490 1282 516 uanum.
1346 476 1460 515 Vnde
1505 477 1674 526 apparet
1716 475 1791 514 hoc

240 539 359 580 modo
384 537 750 591 interpungendum
776 548 876 578 esse:
903 539 1148 578 exclamarat
1173 536 1304 576 Gnato
1330 536 1512 575 timidus:
1541 533 1600 574 ‘at
1622 536 1790 575 nimium

241 601 375 639 metuo
407 612 456 638 ne
487 598 661 650 improbi
693 599 886 650 frangant
915 598 1015 637 mihi
1048 610 1136 637 crus
1168 593 1330 648 lapide'.
1394 596 1622 647 Respondet.
1659 596 1791 635 miles:

243 657 254 673 ‘
272 657 392 700 “crus
418 656 584 710 lapide”
611 658 712 698 nihil
739 661 811 709 est,
837 658 995 698 credam
1022 659 1056 697 si
1081 659 1121 698 te
1147 658 1230 697 ictu
1257 654 1498 709 perculerit'.
1528 678 1583 683 --
1611 656 1791 695 Similem

241 722 362 770 atque
392 719 572 759 Lucilius
609 719 788 759 fabulam
827 719 969 758 Ateius
1009 718 1152 770 Capito
1190 718 1430 757 narrauerat
1468 718 1630 756 auctore
1662 715 1792 755 Gellio

242 780 301 819 IV
331 780 384 818 14
419 776 563 819 ‘Aulus
590 779 788 819 Hostilius
813 779 1023 819 Mancinus
1049 778 1191 818 aedilis
1217 777 1366 818 curulis
1392 778 1481 816 fuit.
1537 777 1577 816 Is
1603 777 1792 816 Maniliae

241 839 440 880 meretrici
484 840 590 879 diem
633 840 684 879 ad
729 840 922 891 populum
962 839 1082 889 dixit,
1126 838 1231 889 quod
1270 852 1290 878 e
1328 837 1512 877 tabulato
1551 838 1635 876 eius
1673 839 1792 877 noctu

240 900 374 951 lapide
410 902 514 940 ictus
553 903 673 950 esset,
713 901 938 950 uulnusque
976 913 1022 939 ex
1061 913 1106 939 eo
1143 899 1277 950 lapide
1316 898 1562 937 ostendebat.
1625 898 1794 936 Manilia

242 961 292 1000 ad
341 961 524 1001 tribunos
574 960 683 1012 plebi
731 962 980 1011 prouocauit.
1054 960 1176 1011 Apud
1226 972 1292 999 eos
1343 958 1445 998 dixit
1494 959 1791 998 comissatorem

240 1020 471 1060 Mancinum
504 1020 554 1060 ad
588 1021 704 1061 aedes
736 1034 828 1061 suas
860 1022 1035 1070 uenisse,
1068 1034 1158 1060 eum
1191 1020 1268 1059 sibi
1298 1020 1474 1070 recipere
1506 1031 1586 1058 non
1618 1019 1740 1058 fuisse
1773 1032 1793 1057 e

241 1094 283 1131 re
327 1093 416 1121 sua:
461 1081 530 1121 sed
573 1094 663 1120 cum
706 1082 748 1120 ui
792 1083 1040 1132 inrumperet
1082 1080 1283 1132 lapidibus
1328 1080 1556 1130 depulsum..
1625 1079 1794 1119 Tribuni

242 1141 503 1181 decreuerunt
540 1141 709 1181 aedilem
748 1155 794 1180 ex
833 1155 878 1181 eo
910 1142 997 1182 loco
1036 1141 1120 1180 iure
1159 1141 1375 1190 deiectum,
1414 1152 1491 1190 quo
1530 1153 1620 1178 eum
1658 1141 1794 1181 uenire

242 1215 332 1242 cum
370 1202 580 1242 corollario
619 1215 698 1241 non
737 1202 934 1242 decuisset
1006 1203 1220 1252 propterea
1256 1214 1305 1240 ne
1344 1213 1433 1239 cum
1471 1200 1621 1251 populo
1654 1200 1794 1239 aedilis

243 1263 390 1314 ageret,
421 1259 759 1301 intercesserunt’.

367 1316 479 1363 845.
510 1322 667 1362 Nonius
697 1336 736 1373 p.
759 1323 828 1373 36,
857 1324 910 1362 27
946 1319 1144 1374 ‘Depilati
1175 1321 1326 1361 dictum
1358 1322 1557 1360 rarefacti.
1614 1320 1794 1360 Lucilius

243 1382 311 1421 lib.
337 1382 467 1422 XXIX
513 1379 638 1423 “nato
672 1415 679 1422 .
708 1414 717 1423 .
745 1414 751 1422 .
786 1379 982 1426 sumus''.'
1070 1383 1316 1423 Gnathonem
1366 1383 1533 1434 agnouit
1583 1381 1793 1420 Mercerus.

243 1442 403 1492 depilati
440 1455 597 1483 sumus:
636 1456 741 1494 aqua
779 1444 952 1485 feruenti
992 1445 1172 1483 immissa
1215 1442 1408 1481 uidentur
1450 1442 1659 1481 cardinum
1704 1454 1794 1481 con-

243 1503 411 1542 fectores
451 1503 515 1542 illi
558 1516 642 1544 esse
680 1504 872 1543 ambusti:
917 1503 1095 1555 depilare
1139 1503 1428 1543 emadefactam
1471 1502 1672 1553 perdicem
1711 1504 1795 1541 coci

235 1561 431 1611 *dicuntur
455 1564 571 1614 Apio.
597 1563 656 1603 VI
684 1565 782 1603 221.
839 1564 1008 1604 Foribus
1034 1564 1240 1615 repulsum
1266 1563 1400 1614 gelida
1424 1562 1632 1614 perfundit
1651 1563 1796 1602 mulier

245 1636 308 1674 ap.
328 1623 469 1663 Horat.
496 1637 610 1663 serm.
637 1624 679 1662 II
706 1626 744 1674 7,
772 1626 838 1664 90.

368 1678 477 1724 846.
511 1684 666 1723 Nonius
704 1698 741 1735 p.
771 1685 875 1734 384,
910 1685 934 1723 5
975 1681 1199 1735 ‘Recipere,
1242 1696 1441 1723 reuocare.
1508 1683 1689 1723 Lucilius
1727 1683 1794 1723 lib.

247 1743 442 1782 XXVIIII
476 1741 680 1795 “primum
807 1741 908 1783 te''.'
973 1755 1047 1793 quo
1083 1745 1246 1793 recipiat
1287 1746 1321 1781 te
1351 1743 1469 1797 codd,
1501 1743 1604 1792 quod
1634 1745 1797 1792 recipiat

250 1806 283 1842 ie
313 1803 526 1854 Mercerus,
558 1816 632 1853 quo
664 1806 833 1853 recipias
864 1807 898 1843 te
928 1804 1220 1844 Lachmannus.
1278 1802 1437 1843 Similia
1461 1804 1598 1856 iurgia
1623 1806 1663 1843 et
1687 1804 1796 1843 rixae

247 1865 466 1903 narrantur
495 1863 676 1915 Propert.
703 1864 761 1903 IV
789 1865 833 1915 8,
862 1866 914 1903 61
959 1862 1066 1904 ‘illas
1105 1864 1352 1915 direptisque
1396 1864 1518 1903 comis
1565 1865 1795 1915 tunicisque

214 1922 217 1923 ⁷
246 1924 388 1964 solutis
420 1926 569 1975 excipit
598 1925 788 1964 obscurae
813 1926 946 1975 prima
970 1925 1139 1965 taberna
1163 1921 1284 1964 uiae'.
1339 1924 1558 1964 Ablatiuus
1583 1936 1659 1973 quo
1689 1927 1795 1966 recte

246 1981 420 2024 traditus
463 1986 540 2024 est:
586 1984 693 2025 Caes.
719 1984 830 2039 b..G.
856 1985 935 2024 VII
963 1986 1036 2033 66,
1067 1987 1088 2024 7
1143 1982 1207 2024 ‘ne
1251 1986 1357 2024 tecto
1400 1986 1619 2036 recipiatur
1661 1984 1795 2024 Plaut.

246 2044 347 2084 Rud.
376 2045 460 2084 574
495 2042 642 2096 ‘recipe
672 2058 736 2084 me
766 2046 809 2084 in
841 2042 1019 2091 tectum'.
1081 2045 1211 2085 Varro
1243 2047 1316 2084 sat.
1343 2045 1519 2096 Menipp.
1548 2045 1632 2084 589
1654 2045 1688 2084 Β
1716 2042 1796 2084 ‘hic

247 2106 289 2143 in
321 2105 509 2145 cenaculo
541 2105 669 2156 polito
701 2103 978 2157 recipiuntur'.
1035 2105 1219 2156 Apparet
1248 2107 1414 2155 recipiat
1444 2105 1523 2145 dici
1555 2105 1603 2144 de
1635 2105 1795 2145 domino

247 2164 419 2215 aedium,
451 2166 523 2216 qui
553 2166 755 2205 hominem
787 2167 932 2217 recipit
962 2166 1061 2206 foris
1093 2167 1278 2205 stantem.
1342 2166 1579 2205 exaduorsos
1620 2167 1795 2205 ueterem

247 2225 577 2277 orthographiam
625 2226 700 2266 hoc
749 2226 837 2266 loco
881 2228 1093 2266 seruarunt
1141 2226 1266 2271 Nonii
1315 2225 1432 2265 codd:
1483 2226 1579 2266 conf
1624 2226 1795 2266 indicem

248 2287 556 2337 grammaticum
588 2298 617 2324 s.
637 2299 676 2325 u.
702 2287 989 2336 orthoyraphia.
1051 2286 1170 2326 Anno
1204 2281 1403 2338 632s122
1442 2286 1560 2326 modo
1599 2299 1796 2332 auersum,

249 2345 366 2384 modo
403 2356 593 2385 auorsum
630 2347 838 2385 exaratum
875 2348 936 2386 est
972 2347 1014 2384 in
1052 2347 1140 2398 lege
1179 2346 1227 2385 de
1263 2346 1494 2397 repetundis
1529 2346 1625 2386 CIL
1651 2346 1671 2385 Ι
1700 2348 1797 2396 198,

253 2407 290 2444 3.
319 2406 393 2444 59:
425 2405 563 2453 eadem
594 2407 750 2446 ratione
783 2408 912 2445 utitur
941 2406 1132 2446 Lucilius.
1196 2406 1310 2453 Quod
1347 2407 1583 2445 aduerbium
1620 2409 1795 2457 positum

250 2466 310 2504 est
346 2464 436 2522 prof⁴
457 2466 716 2505 emaduersum
752 2468 799 2505 ut
834 2466 1120 2506 inter-nundino
1158 2466 1225 2505 lib.
1252 2466 1384 2504 XXVI
1416 2481 1452 2504 u.
1481 2468 1579 2506 637.
1649 2466 1798 2506 Contra

251 2525 413 2574 Terent(
427 2524 596 2577 Adelph.
618 2527 703 2566 583
732 2523 854 2577 ‘apud
878 2527 1011 2577 ipsum
1036 2527 1170 2566 lacum
1196 2529 1257 2566 est
1280 2527 1457 2576 pistrilla
1476 2529 1516 2566 et
1536 2527 1796 2566 exaduorsum

252 2581 432 2624 fabrica’.

373 2639 483 2686 848.
514 2645 670 2685 Nonius
707 2661 744 2697 p.
767 2648 871 2697 383,
901 2649 953 2686 19
989 2644 1246 2698 ‘Remissum,
1278 2648 1455 2686 missum.
1518 2647 1697 2686 Lucilius
1729 2647 1797 2686 lib.

252 2704 447 2744 XXVHH
491 2702 683 2745 “cohibet
814 2704 1029 2746 remisit''.’
1104 2707 1215 2746 Idem
1259 2721 1297 2757 p.
1327 2708 1431 2756 350,
1465 2708 1522 2746 30
1573 2704 1797 2753 ‘Maestum,

253 2765 381 2815 triste,
410 2766 693 2805 miserandum.
727 2797 734 2804 .
757 2798 764 2805 .
787 2798 794 2805 .
820 2767 1000 2806 Lucilius
1032 2767 1099 2806 lib.
1126 2767 1321 2806 XXVIIII
1354 2764 1546 2806 “cohibet
1578 2770 1612 2806 et
1639 2768 1797 2806 domina

253 2826 428 2864 maestus
467 2819 620 2879 (aestus
651 2826 690 2864 L
715 2839 765 2866 m.
789 2822 834 2881 1)
872 2839 913 2866 se
952 2824 1170 2866 albinus’'.'
1234 2827 1431 2866 Distinxit
1467 2827 1667 2866 Mercerus
1706 2829 1798 2866 ante

254 2883 424 2924 Albinus
461 2887 601 2925 contra
637 2885 761 2925 Nonii
799 2886 905 2936 quod
939 2887 1160 2936 posteriore
1196 2887 1283 2925 loco
1322 2886 1482 2925 exhibet
1512 2888 1799 2926 testimonium.

255 2943 369 2990 Quod
400 2945 673 2984 testimonium
705 2947 740 2984 si
768 2958 990 2996 sequemur,
1020 2947 1166 2996 prioris
1192 2947 1412 2985 sententiae
1438 2945 1660 2985 subiectum
1685 2948 1801 2997 pater

257 3005 319 3043 est
347 3003 532 3054 Albinus,
563 3006 634 3055 qui
664 3004 753 3044 ideo
784 3008 948 3055 maeret,
981 3006 1085 3055 quod
1117 3006 1235 3044 modo
1261 3018 1285 3045 a
1310 3018 1456 3057 genero
1482 3008 1573 3056 post
1597 3007 1800 3056 sponsalia

255 3063 467 3115 repudium
499 3063 604 3104 filiae
636 3076 731 3103 suae
763 3067 823 3104 est
854 3067 1071 3104 remissum.
1134 3065 1277 3115 Itaque
1315 3066 1451 3117 generi
1482 3078 1623 3107 nomen
1658 3068 1727 3105 aut
1758 3067 1799 3110 in

1445 3132 1512 3167 19*
