2060 3444
277 242 369 284 ,166
875 240 958 274 XIII
985 252 1019 275 u.
1046 243 1245 276 445—447.

283 355 334 393 Μ.
355 354 515 393 Τ11Π1113,
547 354 595 393 (10
632 367 673 392 re
711 353 872 403 publica
913 351 992 403 [lib
1013 350 1136 391 ΙΙΙε
1142 350 1198 392 ‘et
1236 367 1314 392 non
1349 367 1507 404 pauper
1537 351 1614 408 uti]
1646 351 1820 396 01atio'‘.

284 417 324 452 et
355 414 395 451 in
428 413 495 451 lib.
515 413 573 451 VI
600 408 659 466 (2,
687 408 786 466 2M)
820 409 995 452 “Laeli'’
1014 410 1131 452 'etc.
1158 407 1316 467 (Iunius
1343 411 1409 453 ‘.M
1430 414 1584 454 Tullius
1610 415 1658 454 de
1683 415 1821 467 repub.

282 474 383 511 libro
415 473 472 511 VI
515 469 658 512 “extat
700 474 830 511 oratio
875 467 1017 526 (oratio
1050 475 1171 512 exstat
1212 468 1428 527 Mercerus)
1472 471 1632 514 Laelii'’
1649 469 1693 528 ’.)
1762 476 1822 514 De

285 532 428 572 Samiis
465 534 573 572 uasis
611 533 705 572 conf
739 533 790 571 ad
827 532 895 571 lib.
915 532 994 570 VII
1019 547 1055 571 u.
1078 534 1176 573 280.
1238 533 1369 573 Plaut.
1397 533 1511 573 Stich
1535 535 1620 573 693
1663 531 1822 585 ‘quibus

282 593 450 631 diuitiae
488 592 595 631 domi
633 593 744 641 sunt,
784 592 946 642 scaphio
985 595 1025 631 et
1055 593 1256 633 cantharis
1287 593 1455 634 batiocis
1485 593 1645 643 bibunt,
1677 596 1720 634 at
1751 607 1821 634 nos

285 654 420 692 nostro
453 651 630 691 Samiolo
655 649 825 702 poterio’
855 652 933 691 Cic.
960 665 1032 702 pro
1057 653 1157 691 Mur.
1181 654 1234 691 75
1269 649 1293 691 ς.
1316 684 1323 691 .
1345 683 1353 692 .
1380 652 1424 700 Q.
1445 653 1610 693 Tubero.
1666 654 1705 694 Is
1732 667 1820 694 cum

284 713 446 762 epulum
497 712 541 758 Q.
573 713 770 751 Maximus
821 711 862 750 P.
895 711 1076 751 Africani
1112 744 1118 751 .
1147 743 1154 750 .
1186 743 1193 750 .
1228 714 1386 752 nomine
1441 714 1589 764 populo
1642 714 1822 754 Romano

282 772 413 821 daret,
450 774 614 823 rogatus
642 803 648 810 .
671 803 678 810 .
701 803 708 810 .
735 784 760 810 a
790 771 982 821 Maximo,
1019 774 1065 811 ut
1101 773 1321 812 triclinium
1358 774 1552 813 sterneret
1579 805 1585 812 .
1609 805 1615 812 .
1638 804 1644 812 .
1678 774 1823 813 strauit

266 832 479 882 pelliculis
522 832 704 871 haedinis
744 831 909 871 lectulos
952 831 1175 872 Punicanos
1220 834 1260 872 et
1304 832 1485 884 exposuit
1521 846 1619 873 uasa
1660 830 1821 873 Samia'.

282 892 390 932 Vasa
422 892 557 931 Samia
588 894 746 931 terrena
771 892 893 931 etiam
918 891 1040 930 Plinii
1070 893 1247 942 tempore
1273 888 1329 931 ‘in
1356 893 1566 933 esculentis
1590 891 1820 933 laudantur’

283 947 383 1005 (nat.
410 952 500 990 hist.
528 951 675 990 XXXV
704 946 820 1004 160),
851 952 969 991 sicuti
999 953 1129 991 aetate
1155 952 1318 991 Lucilii:
1349 953 1450 992 adde
1482 952 1532 992 ad
1562 953 1656 992 Her.
1682 953 1739 992 IV
1767 955 1820 992 64

283 1014 379 1050 extr.
437 1010 586 1050 Gutum
614 1011 790 1050 Samium
818 1013 1012 1051 memorat
1038 1011 1136 1051 Gell.
1163 1012 1279 1051 XVII
1305 1014 1344 1061 8,
1371 1013 1408 1053 5.
1460 1012 1519 1052 De
1544 1012 1651 1053 uasis
1677 1013 1821 1052 Samiis

283 1071 421 1110 Isidor.
448 1072 546 1123 orig.
573 1072 644 1110 XX
672 1073 710 1120 4,
737 1072 774 1110 3.
809 1072 845 1110 6.
879 1092 938 1098 -
968 1074 1159 1122 curtoque
1202 1070 1351 1123 catino]
1386 1072 1493 1111 Pers.
1520 1072 1578 1111 IV
1611 1074 1665 1112 52
1699 1069 1822 1119 ‘noris

284 1144 403 1181 quam
428 1132 482 1170 sit
506 1131 581 1169 tibi
612 1133 726 1170 curta
757 1128 948 1182 supellex’
975 1130 1091 1170 Lucr.
1112 1131 1170 1170 IV
1193 1133 1304 1171 1026
1340 1129 1462 1171 ‘dolia
1491 1130 1618 1172 curta'
1646 1133 1824 1184 appellat

284 1191 494 1242 amphoras
527 1191 684 1229 urinam
717 1204 818 1241 quae
850 1192 1012 1242 capiant
1043 1192 1285 1230 meientium.

403 1245 515 1291 446.
547 1250 702 1290 Nonius
735 1264 781 1289 ex
810 1251 1070 1303 grammatico
1095 1265 1131 1302 p.
1162 1252 1258 1302 151,
1288 1254 1340 1290 12
1369 1248 1606 1300 ‘Pasceolus‚
1638 1265 1684 1291 ex
1710 1253 1822 1292 aluta

283 1311 476 1350 sacculus.
506 1341 512 1348 .
535 1341 542 1348 .
564 1341 572 1349 .
593 1309 770 1350 Lucilius
809 1310 876 1349 lib.
903 1310 1001 1349 XIII
1041 1307 1172 1349 “adde
1199 1343 1206 1350 .
1229 1342 1235 1349 .
1259 1342 1265 1349 .
1293 1312 1523 1362 pasceolum
1560 1309 1819 1352 alulamen’'.’

283 1370 431 1422 Agitur
461 1370 508 1408 de
541 1370 786 1419 hominibus,
823 1371 892 1421 qui
923 1372 1078 1421 optima
1116 1384 1294 1421 quaeque
1333 1371 1499 1410 diuersis
1537 1385 1558 1410 e
1595 1371 1821 1424 regionibus

283 1443 478 1470 arcessere
516 1431 645 1469 solent
676 1430 835 1469 delicati
874 1431 915 1468 et
951 1431 1175 1481 sumptuosi
1208 1426 1355 1484 (Varro
1386 1433 1459 1470 sat.
1492 1430 1665 1482 Menipp.
1693 1432 1821 1471 403Β

282 1490 428 1530 Α111011.
455 1490 532 1528 VII
557 1504 594 1541 p.
624 1490 756 1529 278D
795 1490 991 1540 Theophr.
1030 1490 1201 1529 charact
1230 1491 1254 1529 5
1288 1504 1325 1541 p
1354 1492 1407 1530 37
1423 1490 1515 1530 0(111.
1547 1490 1654 1542 Lips.
1687 1486 1821 1545 1897)

282 1550 413 1589 11011111
446 1549 687 1589 Trimalchio
720 1549 898 1589 Petronii
930 1544 1033 1603 (cap.
1063 1544 1138 1604 38)
1172 1546 1331 1590 ‘arietes
1363 1564 1386 1589 a
1418 1550 1589 1590 Tarento
1622 1552 1759 1600 011111,.

283 1622 379 1661 apes
411 1610 461 1648 ab
487 1609 655 1649 Athenis
688 1609 805 1649 iussit
836 1609 980 1659 afferri,
1007 1640 1015 1648 .
1037 1640 1044 1647 .
1067 1640 1074 1647 .
1101 1611 1264 1677 scripsit
1292 1612 1432 1648 ut...
1460 1623 1506 1649 ex
1537 1610 1653 1650 India
1690 1623 1821 1650 semen

285 1669 507 1709 boletorum
540 1666 795 1708 mitteretur’.
857 1669 904 1708 In
938 1669 1075 1708 Sicilia
1105 1669 1288 1720 inprimis
1321 1671 1470 1709 corium
1502 1670 1623 1709 fiebat
1657 1660 1821 1710 bonum:

285 1730 428 1769 Strabo
454 1729 511 1767 VI
537 1743 574 1779 p.
603 1730 686 1768 273
702 1731 798 1768 extr.
832 1731 1020 1769 καλοῦσιν
1045 1728 1171 1781 αὐτὴν
1195 1732 1354 1781 ταμεῖον
1380 1734 1449 1781 τῆς
1470 1723 1634 1781 Ῥώμης·
1667 1729 1817 1781 κομίζε-

283 1804 345 1828 ται
376 1787 450 1842 γὰρ
483 1787 528 1828 τὰ
559 1788 748 1842 γινόμενα
781 1787 910 1828 πάντα
947 1787 1051 1840 πλὴν
1089 1786 1231 1842 ὀλίγων
1269 1794 1347 1828 τῶν
1384 1787 1530 1829 αὐτόθι
1566 1787 1821 1841 ἀναλισκομέ-

288 1864 368 1889 νων
401 1848 534 1900 δεῦρο·
567 1854 687 1888 ταῦτα
719 1843 756 1888 δ’
791 1847 896 1888 ἐστὶν
927 1847 998 1901 οὐχ
1029 1848 1071 1888 οῖ
1097 1847 1243 1901 καρποὶ
1274 1847 1412 1900 μόνον,
1443 1846 1540 1888 ἀλλὰ
1573 1847 1639 1888 καὶ
1675 1849 1820 1901 βοσκή-

284 1924 384 1959 ματα
416 1906 482 1947 καὶ
513 1907 681 1961 δέρματα
713 1906 778 1947 καὶ
809 1907 893 1960 ἔρια
923 1906 989 1947 καὶ
1026 1907 1072 1947 τὰ
1110 1913 1278 1948 τοιαῦτα.
1344 1907 1627 1948 Cio.Ve1-r.11
1654 1910 1678 1948 5
1713 1906 1820 1948 ‘nam

284 1968 368 2007 sine
399 1968 482 2006 ullo
514 1970 675 2018 sumptu
706 1969 842 2007 nostro
875 1969 1010 2017 coriis,
1041 1968 1198 2007 tunicis
1217 1969 1496 2018 frumentoque
1528 1968 1820 2035 suppeditando

284 2028 478 2067 maximos
522 2028 714 2067 exercitus
758 2029 913 2067 nostros
954 2024 1146 2067 uestiuit’.
1215 2027 1421 2078 Syracusis
1465 2027 1568 2078 sola,
1606 2028 1631 2067 i.
1663 2042 1693 2067 e.
1736 2029 1821 2068 sola

285 2087 535 2138 Syracusana
572 2089 618 2126 ut
657 2088 794 2126 incert.
826 2101 864 2126 u.
901 2088 1011 2126 1276
1053 2084 1252 2139 ‘Aegypto
1296 2084 1450 2139 sargus'
1497 2084 1709 2138 ‘hospitem
1748 2088 1818 2127 Za-

285 2144 446 2197 cyntho’
476 2147 604 2186 Plaut.
631 2147 747 2186 Merc.
776 2148 873 2196 940,
902 2143 1159 2197 ‘Periphanes
1185 2147 1324 2193 Rhodo
1349 2144 1559 2186 mercator’
1583 2147 1694 2187 Asin.
1722 2149 1818 2187 499.

287 2207 483 2256 Optimam
520 2207 703 2258 suppleui
741 2208 787 2246 ut
825 2206 924 2246 Cato
961 2207 1010 2246 de
1047 2219 1129 2259 agr.
1156 2207 1249 2247 cult.
1280 2207 1362 2246 135
1404 2204 1569 2246 ‘Romae
1605 2206 1714 2246 dolia
1740 2238 1746 2245 .
1775 2237 1782 2246 .

286 2267 443 2318 tegulae
475 2280 520 2305 ex
552 2267 728 2306 Venafro
756 2297 791 2304 ..
815 2297 822 2305 .
849 2267 946 2318 iuga
976 2267 1194 2306 Romanica
1224 2268 1378 2318 optima
1409 2263 1540 2306 erunt'
1561 2279 1592 2306 0.
1614 2280 1650 2317 q.
1671 2279 1699 2306 3.

404 2320 515 2366 447.
548 2326 702 2365 Νο111113
734 2340 771 2376 p.
799 2327 897 2376 425,
927 2327 980 2365 14
1015 2323 1127 2365 ‘Fors
1158 2329 1199 2366 et
1229 2327 1391 2366 fortuna
1422 2326 1497 2365 hoc
1531 2326 1701 2366 distant:
1739 2327 1819 2366 fors

285 2387 346 2425 est
377 2398 489 2425 casus
520 2386 766 2436 temporalis,
796 2387 960 2425 fortuna
991 2386 1065 2425 dea
1094 2387 1184 2436 ipsa
1215 2387 1275 2425 est
1295 2416 1302 2424 .
1325 2416 1333 2424 .
1354 2417 1362 2425 .
1377 2385 1562 2438 *Lucilius
1594 2387 1820 2437 satyrarum

285 2446 351 2484 lib.
379 2445 478 2484 XIII
511 2442 609 2484 “cui
630 2477 637 2484 .
659 2475 666 2483 .
690 2477 696 2484 .
718 2442 860 2484 fors''.'
904 2446 1054 2485 Parilis
1084 2441 1321 2485 uocabulum
1346 2458 1426 2484 non
1456 2445 1618 2485 uidetur
1646 2445 1819 2485 inueniri

286 2507 377 2544 ante
397 2505 606 2544 Lucilium.
650 2506 781 2545 Locus
806 2505 1005 2557 significat
1028 2518 1152 2556 genus
1177 2505 1308 2544 nobile
1335 2506 1375 2544 et
1397 2505 1574 2544 ordinem
1593 2505 1818 2545 honestum:

287 2564 364 2603 Cio.
392 2564 498 2604 Lael.
528 2566 581 2603 94
628 2562 761 2604 ‘multi
805 2567 937 2603 autem
976 2563 1231 2604 Gnathonum
1274 2565 1422 2605 similes
1466 2577 1557 2604 cum
1597 2566 1698 2616 sint·
1720 2565 1818 2616 loco,

285 2625 456 2674 fortuna,
487 2625 595 2663 fama
626 2620 862 2675 superiores’
882 2638 913 2663 0.
935 2637 970 2674 q.
991 2637 1020 2663 s.
1071 2623 1115 2662 Si
1145 2637 1225 2663 non
1255 2624 1456 2676 integrum
1484 2625 1544 2663 est
1568 2624 1818 2663 enuntiatum

215 2727 221 2731 ¹
287 2683 391 2734 quod
423 2684 497 2723 hoc
527 2697 644 2723 uersu
676 2684 913 2733 continetur,
945 2685 1015 2722 aut
1037 2696 1121 2733 par
1152 2684 1391 2734 sequebatur
1419 2684 1461 2722 in
1493 2684 1674 2734 sequenti
1698 2696 1818 2723 uersu

287 2745 357 2782 aut
387 2744 513 2782 simile
545 2743 803 2782 uocabulum:
835 2744 870 2783 si
899 2743 1102 2795 integrum
1133 2745 1203 2792 est,
1235 2743 1342 2794 quod
1366 2745 1427 2782 est
1451 2742 1707 2794 probabilius,
1738 2755 1817 2782 me-

285 2802 361 2841 lius
394 2802 470 2841 erit
499 2804 628 2851 fatwm
657 2803 802 2841 habere
832 2815 905 2853 pro
937 2804 1124 2854 genetiuo
1157 2803 1306 2853 plurali
1338 2815 1457 2853 quam
1487 2802 1609 2842 tacite
1635 2802 1684 2841 ad
1710 2804 1818 2852 fatus
1875 2817 1878 2819 “

289 2861 475 2901 uocabuli
500 2863 771 2901 accusatiuum
790 2863 963 2911 parilem
989 2863 1173 2913 supplere
1198 2863 1262 2901 uel
1289 2862 1339 2901 ad
1363 2863 1491 2910 fatwm
1512 2863 1645 2901 neutri
1662 2862 1817 2913 generis

287 2934 332 2958 ex
369 2921 618 2960 antecedenti
647 2923 790 2971 pao-ilc.
825 2944 879 2948 —
906 2922 1002 2960 tulit
1038 2918 1138 2974 fors]
1183 2922 1264 2961 fors
1303 2935 1326 2960 a
1362 2921 1523 2960 ferendo
1566 2921 1691 2960 dicta:
1729 2921 1816 2959 Ter.

286 2980 441 3020 Phorm.
472 2982 554 3020 138
601 2978 722 3034 ‘quod
764 2982 845 3022 fors
894 2982 1013 3031 feret,
1062 2982 1233 3020 feremus
1283 2994 1410 3032 aequo
1460 2978 1607 3020 animo'
1653 2980 1815 3020 Sallust.
