2060 3444
819 259 920 295 xxx
947 272 982 296 u.
1013 263 1260 295 1016—1021.
1731 260 1816 303 327

261 373 388 415 omnis
419 374 565 427 gestiet
597 387 622 414 a
652 375 770 413 furno
802 373 1004 413 redeuntis
1036 373 1138 413 scire
1162 374 1345 424 lacuque,
1377 375 1418 414 et
1442 387 1587 425 pueros
1619 377 1659 414 et
1684 372 1814 415 anus’.

264 457 314 463 —
343 437 387 475 in
410 436 544 475 multis
568 434 832 474 sermonibus:
856 436 1012 473 saturas
1039 446 1131 473 suas
1156 446 1353 474 sermones
1377 434 1584 474 nominare
1610 435 1812 475 Lucilium

259 495 512 547 exposuimus
543 495 594 534 ad
624 495 745 534 huius
775 494 869 533 libri
901 507 938 534 u.
962 494 1089 534 1039.
1146 495 1306 543 differre
1337 494 1577 534 uocabulum
1609 498 1703 546 apte
1728 497 1812 535 iam

257 556 411 595 Nonius
442 556 468 594 1.
490 568 518 595 s.
539 567 568 595 s.
600 556 888 605 interpretatus
920 556 980 594 est
1011 554 1192 594 adhibito
1228 554 1359 594 Plaut.
1386 553 1479 593 Aul.
1507 556 1592 594 445
1629 553 1683 595 ‘te
1715 557 1809 606 iam,

255 615 333 655 nisi
364 615 476 655 reddi
507 615 607 655 mihi
638 628 737 654 uasa
766 615 898 665 iubes,
930 615 1069 666 pipulo
1107 615 1172 655 hic
1204 615 1387 654 differam
1419 616 1511 654 ante
1545 613 1682 655 aedis':
1715 616 1808 655 uide

255 676 423 716 Vseneri
448 675 762 727 disputationem
780 675 881 715 Mus.
896 676 1021 714 Rhen.
1034 674 1128 714 LVI
1150 676 1261 715 1901
1285 689 1351 727 pp.
1368 677 1422 715 23
1450 677 1490 715 et
1513 677 1565 714 12
1589 676 1723 716 adnot.
1741 678 1809 715 18.

253 737 529 783 maledicendo,
561 736 786 776 ablatiuum
816 735 1000 788 gerundii
1031 737 1152 786 poeta
1187 736 1266 775 fere
1298 736 1437 775 eadem
1462 737 1620 776 ratione
1646 736 1811 776 adhibet

254 798 375 848 atque
411 796 671 848 participium
713 797 936 847 praesentis
981 809 1059 847 quo
1097 797 1140 835 in
1180 809 1256 836 usu
1294 798 1481 848 congruit
1519 809 1609 836 cum
1648 797 1810 849 uulgari

254 869 434 897 sermone
466 859 557 897 aeui
590 856 819 897 Christiani.

228 950 231 952 .
379 911 522 958 1017.
554 917 710 957 Nonius
741 931 779 968 p.
801 918 901 966 420,
928 917 982 955 25
1018 914 1246 967 ‘Volutare,
1279 916 1524 969 cogitatione
1567 918 1809 969 perquirere.

254 1007 263 1016 .
286 1009 293 1016 .
316 1008 323 1015 .
350 977 532 1017 Lucilius
569 977 637 1017 lib.
658 977 768 1016 XXX
807 974 937 1016 “haec
965 1008 972 1016 .
995 1008 1002 1016 .
1025 1008 1032 1016 .
1058 978 1257 1017 msimilas
1283 1008 1290 1016 .
1314 1008 1321 1016 .
1344 1008 1351 1016 .
1378 974 1602 1017 uolutas”.'
1675 977 1811 1017 Verba

253 1039 346 1077 sunt
395 1037 557 1077 Lucilii:
610 1039 795 1077 imitatus
846 1039 907 1076 est
949 1037 1143 1077 Horatius
1193 1050 1308 1077 serm.
1334 1038 1356 1076 I
1382 1039 1427 1088 4,
1456 1039 1510 1077 79
1532 1050 1641 1089 seqq.
1688 1035 1809 1085 ‘unde

251 1098 426 1149 petitum
456 1099 531 1138 hoc
562 1098 604 1137 in
635 1111 699 1137 me
730 1095 877 1138 iacis?'
936 1098 1078 1137 Exitus
1110 1110 1248 1138 uersus
1280 1098 1441 1137 uidetur
1473 1111 1556 1138 esse
1585 1099 1806 1149 Ennianus,

251 1158 368 1198 fictus
401 1158 452 1198 ad
484 1159 789 1198 similitudinem
819 1158 1034 1198 locutionis
1066 1156 1183 1212 φρεσὶ
1223 1157 1456 1211 μερμήριζεν
1489 1153 1626 1212 (Hom.
1653 1175 1674 1211 χ
1701 1154 1807 1213 333)

253 1219 456 1258 similium.
531 1218 688 1258 Lucret.
720 1218 783 1258 ΠΙ
818 1219 904 1258 240
951 1215 1098 1257 ‘mente
1145 1216 1319 1258 uolutat'
1364 1218 1484 1271 Verg.
1510 1219 1609 1258 Aen.
1634 1219 1694 1258 IV
1721 1220 1806 1259 533

253 1275 482 1330 ‘secumque
520 1279 580 1318 ita
618 1278 734 1318 corde
766 1275 941 1319 uolutat'
973 1278 1032 1318 VI
1061 1279 1144 1318 185
1180 1275 1282 1330 ‘ipse
1319 1282 1394 1319 'suo
1426 1280 1536 1319 tristi
1568 1292 1658 1319 cum
1691 1280 1808 1319 corde

249 1339 518 1439 uomtaitdlS.
568 1398 724 1438 Nonius
773 1413 800 1450 p
844 1399 948 1449 175,
977 1401 1030 1438 12
1083 1395 1317 1448 ‘Sacerdae,
1366 1399 1545 1439 Lucilius
1595 1400 1663 1439 lib.
1696 1400 1807 1439 XXX

253 1456 350 1498 “hic
376 1490 384 1498 .
407 1491 414 1498 .
437 1491 444 1498 .
471 1456 710 1499 sucerdis''.'
759 1460 889 1508 sabuli
914 1459 1209 1499 deminutiuum
1237 1454 1357 1514 (Cato
1385 1460 1432 1499 de
1453 1473 1536 1512 agr.
1558 1460 1652 1499 cult.
1676 1462 1744 1510 70,
1761 1455 1804 1514 1)

253 1519 479 1571 significare
510 1519 670 1559 uidetur
702 1522 851 1560 stercus
884 1533 1096 1570 caprarum
1128 1519 1235 1570 quod
1267 1519 1410 1559 Graeci
1439 1520 1579 1560 dicunt
1603 1520 1805 1574 σφυράδες

252 1580 300 1619 de
327 1580 470 1631 quibus
497 1580 618 1619 schol.
643 1579 848 1630 Aristoph.
874 1580 965 1620 Pac.
996 1582 1080 1620 790
1107 1579 1310 1632 σφυράὸες
1337 1578 1379 1619 δέ
1404 1580 1478 1620 εἶσι
1503 1579 1550 1619 τὰ
1575 1586 1655 1620 τῶν
1679 1580 1804 1634 αὐγῶν

252 1638 320 1679 καὶ
350 1639 562 1692 προβάτων
593 1637 884 1692 ἀποπατήματα
912 1671 918 1679 .
941 1672 948 1679 .
972 1672 978 1679 .
1005 1637 1031 1691 ἡ
1064 1638 1223 1693 σφυρὰς
1253 1639 1410 1692 κυάμου
1443 1638 1518 1693 ἔχει
1544 1639 1587 1680 τὸ
1614 1638 1803 1694 μέγεθος·

251 1699 411 1747 ταύταις
449 1693 524 1739 οὖν
563 1697 760 1747 ἀπεικάζει
797 1699 956 1748 αὐτούς.
1019 1700 1151 1740 Fabas
1189 1701 1345 1750 caprini
1381 1700 1468 1739 fimi
1507 1701 1611 1740 dixit
1648 1700 1803 1741 Plinius

250 1761 332 1800 nat.
347 1760 438 1799 hist.
453 1760 547 1799 XIX
564 1760 647 1799 185
669 1773 788 1811 quem
806 1760 937 1800 locum
962 1760 1149 1800 adferunt
1173 1761 1319 1800 lexica:
1345 1762 1566 1810 stabulique
1584 1761 1802 1801 Muellerus

254 1833 343 1859 cum
373 1820 404 1873 Ι,
426 1820 563 1861 Dousa
594 1833 741 1871 ponere
773 1820 928 1860 maluit.

373 1875 515 1920 1019.
553 1881 708 1920 Nonius
745 1894 782 1932 p.
810 1882 909 1930 420,
936 1882 988 1924 21
1027 1878 1210 1920 ‘Voluter
1248 1881 1396 1920 dicitur
1432 1881 1555 1920 uolui.
1619 1881 1800 1922 Lucilius

249 1940 318 1979 lib.
344 1941 455 1980 XXX
488 1937 617 1991 “quid
645 1972 651 1979 .
675 1972 681 1979 .
704 1972 710 1979 .
737 1937 958 1985 uoluter'f?
1009 1941 1143 1981 Verba
1174 1943 1268 1981 sunt
1300 1941 1521 1981 aduersarii
1548 1941 1599 1981 ad
1623 1944 1798 1992 poetam.

249 2001 470 2040 Enumerat
505 2003 626 2051 poeta
662 2001 822 2052 singula
861 2002 1055 2040 uitiorum
1098 2014 1261 2054 genera:
1307 2002 1453 2052 quibus
1498 2002 1567 2052 qui
1611 2002 1799 2042 laborant

247 2061 426 2100 homines
460 2063 615 2100 saturas
647 2061 816 2101 oderunt
845 2074 980 2101 omnes
1005 2063 1312 2112 saturarumque
1338 2063 1553 2102 auctorem.
1603 2062 1796 2103 Horatius

247 2134 363 2161 serm.
387 2121 408 2160 I
434 2122 474 2171 4,
501 2122 556 2160 24
590 2118 713 2172 ‘quod
745 2124 838 2161 sunt
869 2135 968 2172 quos
1006 2135 1129 2174 genus
1169 2123 1245 2171 hoc
1282 2123 1446 2162 minime
1482 2124 1616 2173 iuuat,
1653 2125 1794 2173 utpote

247 2182 381 2232 plures
413 2180 568 2232 culpari
596 2181 748 2233 dignos.
805 2183 986 2233 quemuis
1018 2182 1152 2222 media
1184 2182 1286 2235 elige
1316 2183 1448 2233 turba,
1482 2184 1552 2222 aut
1583 2183 1633 2222 ob
1666 2185 1798 2222 auari-

246 2242 349 2281 tiam
379 2243 450 2279 aut
480 2242 625 2280 misera
657 2242 874 2281 ambitione
905 2242 1073 2281 laborat.
1125 2243 1190 2281 hic
1220 2244 1440 2293 nuptarum
1470 2244 1624 2282 insanit
1651 2244 1796 2283 amori-

247 2301 340 2351 bus,
376 2301 442 2340 hic
478 2314 711 2352 puerorum:
748 2302 854 2341 hunc
892 2303 1002 2352 capit
1039 2303 1199 2354 argenti
1238 2303 1442 2353 splendor,
1480 2304 1617 2354 stupet
1653 2303 1797 2343 Albius

249 2374 351 2411 aere,
375 2361 441 2400 hic
465 2362 597 2400 mutat
621 2374 769 2401 merces
791 2393 799 2400 .
822 2393 828 2400 .
852 2393 858 2400 .
879 2374 1016 2401 omnes
1042 2362 1084 2401 hi
1106 2364 1291 2402 metuunt
1309 2375 1461 2413 uersus,
1489 2363 1606 2402 odere
1625 2361 1794 2414 poetas’.

372 2415 515 2462 1020.
554 2421 709 2462 Nonius
746 2436 785 2473 p.
813 2422 911 2472 387,
940 2423 993 2461 26
1037 2419 1240 2473 ‘Serum-e,
1283 2423 1455 2462 sollicite
1499 2425 1540 2462 et
1580 2424 1797 2474 suspiciose

249 2482 470 2521 obseruare.
538 2481 718 2521 Lucilius
761 2482 829 2521 lib.
856 2482 967 2521 XXX
1009 2479 1139 2533 “quid
1166 2513 1173 2520 .
1202 2513 1210 2521 .
1237 2514 1244 2521 .
1272 2479 1374 2522 te''.'
1443 2482 1560 2522 Alius
1604 2484 1797 2522 fornicem

248 2541 479 2592 frequentat
523 2543 564 2581 et
607 2541 835 2593 lupanaria:
885 2543 1032 2582 metuit
1081 2544 1260 2582 saturam
1304 2543 1441 2593 aitque
1481 2545 1623 2593 poetae
1667 2544 1795 2583 iratus

250 2597 363 2652 ‘quid
405 2613 540 2641 seruas
584 2599 956 2656 ἀλλοτριεπίσκοπος
999 2615 1077 2653 quo
1122 2601 1237 2642 eam?
1288 2603 1385 2653 quid
1422 2602 1570 2655 agam?
1619 2603 1716 2654 quid
1752 2604 1795 2642 id

249 2660 395 2700 attinet
425 2660 477 2700 ad
508 2658 590 2700 teP'
640 2662 702 2701 De
738 2662 854 2701 hiatu
885 2674 959 2711 quo
997 2675 1084 2702 eam
1114 2663 1207 2702 uide
1245 2663 1296 2702 ad
1326 2663 1394 2702 lib.
1420 2663 1442 2701 I
1466 2677 1503 2702 u.
1532 2665 1569 2702 2.
1596 2685 1654 2690 —
1681 2660 1795 2714 ‘quid

248 2720 291 2759 id
323 2720 374 2760 ad
398 2722 438 2760 te
465 2717 626 2760 attinet’
652 2722 782 2761 Plaut.
808 2722 914 2762 Pers.
943 2723 1040 2762 235.
1069 2723 1167 2772 284,
1193 2722 1232 2762 τί
1254 2721 1352 2775 πρὸς
1378 2721 1442 2772 σε’;
1473 2723 1544 2762 AP
1568 2723 1606 2760 V
1635 2725 1731 2773 100,
1758 2725 1793 2762 1.

251 2779 403 2830 Diphil.
431 2780 532 2819 GAF
557 2781 599 2819 H
623 2795 660 2831 p.
690 2782 788 2832 545,
816 2782 903 2821 3K.
1132 2781 1134 2783 “

373 2834 515 2879 1021.
547 2840 701 2880 Nonius
732 2855 770 2894 p.
800 2842 897 2891 121,
924 2843 949 2881 3
984 2838 1150 2893 ‘Hilum,
1187 2842 1308 2881 breue
1340 2842 1552 2893 quoddam.
1612 2842 1792 2882 Lucilius

250 2899 443 2939 lib.XXX
470 2896 610 2950 “quod
635 2903 704 2940 tua
729 2901 836 2940 lades
862 2901 998 2951 culpes
1023 2915 1104 2941 non
1122 2901 1282 2952 proficis
1300 2898 1489 2940 hilum”.’
1541 2905 1584 2940 tu
1601 2903 1637 2941 si
1656 2903 1794 2942 laudes

248 2955 547 3008 Lachmannus,
577 2962 620 2998 tu
649 2956 810 3012 <nunc>
841 2973 914 3011 ego
947 2961 1098 3011 scripsi.
1158 2960 1329 3010 Culpare
1359 2960 1407 2999 de
1439 2963 1599 3000 saturae
1630 2963 1792 3002 auctore
1857 2989 1865 2994 -

250 3019 386 3070 posuit
409 3018 506 3058 Hor.
532 3031 646 3058 serm.
666 3019 687 3058 I
713 3021 752 3070 4,
779 3020 834 3059 25
863 3017 1019 3070 ‘utpote
1043 3021 1179 3071 plures
1204 3020 1360 3072 culpari
1386 3018 1555 3077 dignos}
1599 3020 1793 3062 Laudare
