2060 3444
788 228 927 266 XXVII
951 241 987 266 u.
1017 232 1221 267 712-718,
1704 228 1789 270 257

235 343 284 383 de
322 344 585 383 attributione
625 345 760 382 omnia
798 356 954 383 summa
992 341 1159 384 fecisse'.
1217 342 1331 382 Adde
1370 343 1417 382 de
1456 356 1511 382 or.
1537 343 1578 382 Π
1605 343 1659 382 85
1704 340 1791 382 ‘Sin

151 420 153 422 ·
234 404 449 455 uidebitur,
475 417 595 455 quom
615 405 750 443 omnia
769 416 925 443 summa
944 404 1097 454 fecerit,
1128 407 1266 443 tamen
1292 403 1343 442 ad
1369 403 1586 444 mediocres
1613 405 1791 443 oratores

235 464 319 505 esse
357 461 577 504 uenturus'.
647 463 726 503 Sed
762 464 943 505 Lucilius
981 465 1056 504 hac
1093 465 1296 504 locutione
1334 464 1400 503 hic
1438 464 1569 503 utitur
1607 464 1793 503 similiter

235 527 357 576 atque
390 524 498 576 apud
532 524 702 565 Graecos
734 524 915 576 Xenoph.
941 526 1069 564 instit.
1096 524 1187 576 Cyr.
1213 524 1313 563 VIII
1340 525 1378 574 8,
1407 526 1431 563 2
1464 527 1546 571 τοῖς
1578 523 1624 563 τὰ
1653 523 1792 577 ἔσχατα

234 584 495 637 πεποιηκόσιν
526 585 589 624 ΠΙ
617 587 654 636 1,
683 586 721 642 9ἱ
741 586 781 624 et
813 587 868 624 22
903 584 1033 624 πάντα
1063 583 1110 624 τὰ
1143 583 1283 638 ἔσχατα
1315 586 1466 624 παθεῖν
1498 584 1600 623 Plat.
1633 584 1790 624 Politic.

234 659 272 697 p.
296 647 379 686 297
396 646 429 685 Ε
462 644 628 702 θανάτῳ
661 646 905 698 ζημιοῦσθαι
937 644 1003 686 καὶ
1035 651 1132 685 πᾶσι
1164 648 1245 693 τοῖς
1277 643 1463 698 ἐσχάτοις.
1521 647 1791 684 contentarum

234 706 416 746 absolute
446 708 624 758 positum
656 707 702 745 ut
735 705 812 746 Cic.
841 706 889 746 de
921 708 1020 746 orat.
1046 706 1068 745 I
1094 706 1179 746 206
1216 703 1406 757 ‘petimus
1438 705 1488 744 ab
1521 705 1713 756 Antonio,
1745 707 1792 744 ut

234 779 298 817 ea,
336 780 438 818 quae
477 767 655 806 continet
690 780 819 818 neque
858 767 988 806 adhuc
1025 767 1198 819 protulit
1225 798 1232 806 .
1256 798 1262 805 .
1286 798 1293 805 .
1321 766 1493 817 explicet
1530 763 1660 806 nobis’
1702 766 1789 805 Ter.

226 827 335 867 Eun.
365 828 448 867 103
485 824 603 879 ‘quae
632 840 728 867 uera
755 827 906 878 audiui,
937 830 1051 867 taceo
1078 829 1119 867 et
1145 828 1329 866 contineo
1356 823 1545 878 optume’.
1597 838 1790 876 rumpere,

234 889 280 927 ut
300 888 391 941 Dig.
411 888 506 927 XIX
535 889 572 939 2,
600 889 668 938 30,
697 890 721 927 2
756 885 843 939 ‘qui
868 889 998 928 mulas
1028 888 1079 928 ad
1105 890 1258 927 certum
1284 887 1442 939 pondus
1468 889 1600 927 oneris
1627 887 1791 937 locaret,

233 961 324 988 cum
361 950 513 988 maiore
551 961 669 988 onere
707 949 924 988 conductor
964 962 1029 989 eas
1067 946 1257 1000 rupisset’
1291 948 1443 987 XLVH
1471 950 1545 998 10,
1574 949 1618 998 9,
1646 949 1670 987 3
1706 945 1791 999 ‘qui

234 1023 325 1048 eum
349 1021 511 1049 seruum
534 1009 671 1062 flagris
702 1007 880 1061 rumpat’
913 1009 1089 1049 Martial.
1109 1009 1172 1048 [H
1194 1011 1261 1059 13,
1284 1010 1307 1048 3
1347 1005 1525 1048 ‘accusas
1557 1009 1791 1060 rumpisque

226 1082 385 1120 cocum,
415 1072 625 1121 tamquam
657 1070 793 1110 omnia
825 1070 949 1109 cruda
981 1066 1192 1110 attulerit'.
1255 1069 1444 1120 Increpat
1475 1082 1613 1109 seruus
1641 1069 1792 1109 Lucilii

233 1131 400 1170 uilicum
434 1131 504 1181 qui
529 1143 601 1182 per
625 1131 794 1171 lorarios
822 1133 861 1170 et
885 1133 1058 1171 tortores
1083 1130 1220 1184 flagris
1246 1130 1380 1182 peruri
1407 1131 1525 1169 iussit
1551 1131 1791 1170 cessatorem

233 1192 490 1242 minaturque
522 1191 729 1231 dominum
768 1205 885 1245 aegre
924 1192 1102 1231 laturum
1141 1192 1248 1231 serui
1279 1191 1497 1242 perniciem
1528 1204 1656 1242 neque
1688 1192 1791 1230 iram

234 1264 347 1292 suam
382 1253 673 1291 contenturum.
1441 1268 1444 1271 ⁴

357 1307 467 1353 715.
498 1313 654 1352 Nonius
686 1326 724 1364 p.
746 1314 852 1363 301,
881 1314 935 1352 14
971 1310 1226 1363 ‘Excludere‚
1265 1312 1446 1351 liberare.
1510 1311 1689 1351 Lucilius
1721 1312 1789 1350 lib.

233 1372 387 1412 XXVH
419 1369 627 1424 “primum
669 1387 749 1424 qua
779 1374 932 1413 uirtute
965 1374 1159 1413 seruitute
1192 1369 1465 1412 excluserit''.'
1530 1371 1634 1418 Quia
1664 1372 1790 1423 parti-

234 1434 324 1473 cula
368 1433 475 1484 apud
518 1433 720 1474 Lucilium
763 1447 844 1473 non
887 1434 1110 1473 inuenitur:
1154 1435 1292 1485 itaque
1330 1434 1433 1472 falso
1478 1435 1573 1483 quia
1616 1433 1667 1484 L,
1711 1445 1791 1482 qua

233 1495 339 1534 recte
372 1493 422 1534 G:
460 1506 541 1534 sese
582 1495 728 1534 addidi.
791 1494 942 1547 Agitur
979 1495 1027 1533 de
1063 1495 1226 1534 homine
1262 1494 1472 1544 libertino,
1514 1493 1583 1544 qui
1615 1495 1790 1544 primum

233 1556 373 1594 narrat
404 1567 483 1605 qua
515 1556 666 1594 uirtute
697 1555 927 1594 libertatem
959 1555 1130 1605 adeptus
1164 1557 1227 1604 sit,
1259 1554 1402 1593 deinde
1435 1554 1528 1593 alia.

357 1609 468 1655 716.
500 1615 655 1654 Nonius
681 1629 718 1666 p.
748 1616 847 1666 331,
875 1617 898 1654 9
929 1613 1118 1667 ‘Insigne,
1144 1616 1256 1664 utile,
1281 1615 1558 1654 necessarium.
1609 1614 1789 1653 Lucilius

236 1675 304 1713 lib.
331 1674 486 1714 XXVII
519 1672 668 1715 “cocus
691 1707 698 1714 .
722 1707 728 1714 .
752 1707 758 1715 .
780 1677 836 1714 sic
869 1676 989 1714 amici
1015 1677 1194 1714 animum
1219 1678 1415 1725 quaerunt
1438 1688 1522 1714 rem
1548 1676 1719 1726 parasiti
1745 1688 1791 1713 ac

234 1736 399 1774 diuitias
443 1733 572 1775 aut’'.’
650 1736 918 1775 Praecedebat
961 1737 1056 1775 talis
1100 1736 1183 1774 fere
1227 1747 1383 1775 uersus:
1436 1732 1556 1774 ‘hunc
1600 1735 1692 1774 uide
1743 1738 1790 1774 ut

234 1795 445 1848 magnifice
486 1797 617 1848 gallus
662 1796 831 1836 caudam
877 1797 1035 1836 extollit
1078 1796 1346 1847 splendidam:
1392 1808 1507 1836 cocus
1551 1808 1631 1835 non
1676 1798 1790 1835 curat

234 1856 403 1895 caudam
428 1857 627 1909 insignem
653 1870 736 1898 esse
762 1857 889 1908 illam,
915 1857 1011 1896 dum
1035 1858 1197 1908 pinguis
1224 1854 1329 1896 siet’.
1373 1857 1465 1896 Non
1484 1857 1611 1908 igitur
1631 1857 1790 1907 oportet

234 1916 433 1956 scribatur
471 1930 562 1956 cum
599 1917 820 1957 Ribbeckio
860 1917 960 1956 Mus.
987 1917 1112 1956 Rhen.
1139 1917 1270 1956 XXIX
1300 1918 1414 1956 1874
1446 1931 1485 1968 p.
1515 1918 1598 1956 123
1644 1914 1789 1956 ‘cauda

234 1978 431 2029 insignem
463 1991 548 2018 esse
576 1975 714 2017 ullam'
742 1979 813 2029 qui
838 1979 973 2029 potuit
1000 1978 1139 2017 afferre
1167 1991 1246 2029 quo
1272 1977 1522 2016 commendet
1548 1978 1789 2028 scripturam

234 2037 338 2077 Plin.
363 2040 446 2078 nat.
471 2038 565 2078 hist.
590 2039 627 2077 X
656 2039 709 2077 78
751 2036 876 2078 ‘cerni
914 2051 1077 2089 coepere
1114 2039 1297 2089 picarum
1335 2050 1481 2091 genera
1522 2051 1623 2088 quae
1666 2039 1788 2090 longa

233 2099 411 2150 insignes
449 2099 576 2138 cauda
616 2100 756 2138 uariae
800 2097 1085 2150 appellantur'.
1154 2099 1214 2138 De
1260 2099 1495 2151 gallinaceis
1539 2099 1646 2138 idem
1682 2098 1786 2138 Plin.

234 2159 259 2196 l.
287 2170 315 2197 s.
346 2159 443 2209 139,
472 2161 575 2200 140:
603 2156 661 2198 ‘in
686 2160 856 2199 sublime
889 2159 1058 2199 caudam
1091 2172 1250 2210 quoque
1275 2160 1468 2199 falcatam
1500 2156 1670 2211 erigens’
1702 2160 1787 2198 lau-

235 2218 354 2258 datur
389 2219 464 2259 hoc
505 2233 629 2272 genus
674 2221 811 2259 auium
835 2220 861 2258 1.
889 2233 917 2259 s.
946 2221 1014 2259 47.
1071 2220 1236 2259 diuitias
1280 2219 1519 2270 trisyllabon
1562 2221 1605 2258 in
1649 2232 1787 2264 uersus

235 2279 344 2318 exitu
393 2281 572 2331 positum
614 2282 663 2320 ut
705 2280 837 2319 Plaut.
872 2279 985 2331 Capt.
1017 2281 1100 2320 170
1133 2280 1290 2319 Terent.
1323 2280 1447 2319 Andr.
1477 2281 1560 2320 797
1593 2280 1786 2332 Pompon.

240 2340 373 2378 159ss
399 2340 507 2392 alibi.
569 2340 630 2380 De
662 2341 863 2380 sententia
895 2340 989 2380 conf
1010 2340 1151 2379 Horat.
1178 2353 1292 2380 serm.
1319 2340 1361 2379 II
1389 2342 1426 2391 2,
1455 2341 1523 2379 26.

359 2395 468 2441 718.
501 2401 657 2440 Nonius
683 2415 721 2453 p.
750 2402 819 2451 88,
847 2403 869 2444 7
904 2401 946 2439 in
975 2399 1003 2440 C
1035 2401 1173 2440 littera
1214 2397 1444 2440 ‘Tibicidaa
1506 2400 1685 2440 Lucilius
1718 2401 1785 2439 lib.

235 2459 388 2500 XXVII
427 2457 609 2514 “uiginti
647 2461 756 2500 domi
792 2474 845 2502 an
887 2462 1059 2513 triginta
1102 2462 1166 2500 uel
1209 2463 1370 2500 centum
1414 2461 1593 2500 tibicidas
1638 2458 1784 2499 alas''.'

237 2519 322 2559 GGl
346 2521 434 2560 Lat.
460 2521 503 2560 H
527 2536 565 2573 p.
595 2523 693 2572 101,
722 2523 777 2561 24
812 2519 999 2561 ‘cibicida
1030 2518 1309 2575 σκατοφάγος’.
1362 2533 1415 2560 an
1453 2533 1527 2572 pro
1564 2521 1629 2559 uel
1660 2521 1786 2559 Lach-

235 2593 405 2621 mannus
425 2582 498 2621 alii
516 2583 747 2633 posuerunt.
778 2582 839 2622 De
859 2581 1110 2635 σκατοφάγος
1129 2583 1225 2621 conf
1233 2582 1412 2621 Kockius
1433 2581 1484 2621 ad
1496 2581 1681 2620 Menand.
1699 2582 1783 2620 825

237 2636 360 2694 (OAF
385 2642 448 2680 III
479 2657 516 2694 p.
545 2638 663 2698 222),
697 2643 817 2682 schol.
843 2642 1050 2694 Aristoph.
1077 2642 1166 2682 Pac.
1197 2643 1264 2681 48.
1327 2642 1579 2681 Vocabulum
1620 2643 1786 2681 cibicida

237 2700 336 2740 alibi
370 2715 451 2741 non
487 2704 711 2758 inuenitur:
749 2704 969 2742 formatum
1006 2704 1067 2743 est
1103 2704 1149 2741 ut
1179 2703 1367 2752 patricida
1404 2703 1642 2741 muricidus:
1681 2702 1785 2740 unde

237 2760 451 2800 deductum
476 2764 541 2812 sit,
566 2764 717 2802 nemini
742 2763 910 2802 dubium
936 2775 1020 2802 esse
1045 2763 1190 2813 potest,
1216 2763 1313 2814 quid
1339 2762 1548 2814 significet,
1576 2763 1648 2801 alii
1668 2762 1786 2800 aliter

236 2821 465 2861 iudicauere
498 2817 676 2876 (Loewei
700 2823 833 2873 prodr.
861 2823 977 2875 gloss.
1002 2837 1041 2874 p.
1070 2817 1187 2877 307).
1250 2823 1372 2861 Recte
1404 2823 1540 2861 autem
1578 2834 1644 2861 eos
1682 2822 1784 2860 iudi-

238 2893 345 2921 casse
378 2883 448 2932 qui
477 2884 676 2933 parasitos
707 2883 785 2922 isto
817 2882 1012 2922 uocabulo
1044 2882 1183 2921 uocari
1213 2883 1442 2922 statuerunt
1467 2904 1522 2908 —
1550 2882 1657 2932 quod
1683 2894 1784 2921 unus

237 2941 334 2980 fecit
360 2940 553 2993 Corpetus
587 2942 678 2982 edit.
704 2956 742 2993 p„
773 2943 857 2982 164
884 2942 1060 2981 —inde
1099 2942 1288 2992 efficitur,
1327 2942 1434 2993 quod
1471 2941 1652 2980 Lucilius
1689 2942 1731 2981 id
1764 2955 1784 2981 e

238 3000 388 3042 Graeco
421 3001 702 3056 σιτόκουρος
733 3003 895 3042 uidetur
924 3003 1105 3053 uertisse,
1141 3002 1189 3042 de
1221 3015 1301 3053 quo
1326 3001 1472 3042 Athen.
1499 3001 1558 3040 VI
1582 3016 1620 3053 p.
1650 3002 1783 3041 247E

308 3075 424 3103 Lucilii
442 3077 509 3103 rell.
529 3076 574 3103 ed.
594 3076 704 3103 MAux.
742 3077 782 3103 11.
1451 3072 1494 3104 17
