2060 3444
785 287 940 323 xxvm
965 299 1000 322 u.
1030 278 1230 323 ττι-τω.
1699 274 1787 327 273

231 404 295 442 tas
332 397 448 441 fletus
486 401 616 440 facere
653 401 849 452 conpendi
888 398 1008 440 licet'.
1077 401 1218 441 Pseud.
1249 401 1331 439 154
1377 397 1611 451 ‘numquam
1643 398 1783 449 edepol

220 463 413 502 'nostrum
451 460 588 500 durius
626 463 783 513 tergum
822 461 899 501 erit
937 474 1056 512 quam
1094 462 1297 513 terginum
1333 460 1408 499 hoc
1445 456 1606 498 meum'.
1668 458 1783 498 Salui

233 522 403 562 uocandi
446 534 578 561 casum
619 533 704 561 esse
743 523 877 561 censet
913 521 1178 560 Buechelerus
1217 521 1317 560 Mus.
1350 520 1474 559 Rhen.
1507 519 1640 558 XLIII
1668 519 1781 558 1888

233 597 270 633 p.
294 582 377 622 293
412 584 452 620 et
482 594 626 621 nomen
658 582 781 621 serui:
826 582 1036 633 flagitatur
1071 584 1205 621 tamen
1244 581 1510 631 imperatiuus
1555 580 1686 630 qualis
1725 581 1785 618 est

233 644 316 682 abi:
350 643 447 682 conf
469 640 584 681 Ouid.
610 640 770 681 metam.
797 642 854 680 IX
882 644 965 681 577
1001 642 1070 681 ubi
1103 640 1263 680 Caunus
1295 641 1346 680 ad
1378 641 1575 679 famulum
1602 639 1784 690 Byblidis

233 702 442 743 iracundia
486 703 678 742 efferuens
724 700 885 753 ‘uixque
930 715 1071 742 manus
1115 703 1291 741 retinens
1337 701 1577 752 trepidantis
1622 700 1672 739 ab
1717 712 1785 739 ore

234 759 412 803 ministri
445 759 572 802 “dum
603 763 718 812 licet,
756 776 779 802 o
811 764 963 802 uetitae
996 763 1187 802 scelerate
1218 762 1399 801 libidinis
1432 763 1590 811 auctor,
1623 756 1783 811 effuge’'

236 820 320 863 ait’.
382 823 526 874 Itaque
569 825 782 874 quominus
825 823 1038 862 uerborum
1082 823 1214 862 lusum
1257 823 1302 861 in
1344 823 1456 862 salue
1498 822 1612 861 saluo
1652 819 1785 860 uerbis

235 885 387 923 factum
424 884 638 934 perdamus
676 884 874 923 scribatur
910 885 1068 935 oportet
1106 897 1197 922 cum
1234 883 1491 923 Lachmanno
1532 883 1643 922 salue
1681 881 1787 932 quod

235 947 296 984 est
325 945 417 983 nale
447 945 493 982 ut
523 944 654 983 Plaut.
682 944 792 983 Asin.
822 945 905 984 593
940 944 1084 996 quibus
1122 944 1219 983 locis
1258 944 1407 983 similes
1439 942 1654 982 uerborum
1684 941 1788 980 fiunt

235 1006 365 1044 lusus:
399 1001 525 1043 ‘salue
566 1007 606 1050 sst
648 1005 802 1044 saluere
834 1018 897 1044 me
922 1005 1047 1054 iubes,
1080 1004 1176 1056 quoi
1207 1006 1253 1043 tu
1279 1004 1415 1044 abiens
1445 1003 1562 1042 offers
1587 998 1785 1042 morbum'

238 1064 351 1116 Oapt.
382 1066 467 1104 744
501 1062 607 1104 ‘uale
640 1067 760 1116 atque
793 1066 915 1115 salue,
949 1067 1024 1104 etsi
1055 1066 1174 1104 aliter
1205 1067 1251 1104 ut
1283 1065 1413 1104 dicam
1444 1061 1599 1103 meres'.

359 1120 468 1165 773.
519 1125 674 1164 Nonius
719 1139 756 1176 p.
792 1126 896 1176 268,
931 1127 984 1165 32
1039 1123 1273 1175 ‘Conficere,
1332 1125 1526 1177 frangere.
1609 1124 1794 1163 Lucilius·

237 1186 304 1225 lib.
330 1185 505 1225 XXVIII
545 1182 684 1229 “malo
711 1218 718 1224 .
741 1217 748 1224 .
772 1218 778 1225 .
807 1183 1075 1226 cardinum'’.'
1139 1186 1246 1225 malo
1284 1186 1416 1225 hercle
1448 1187 1601 1234 uestro,
1634 1184 1788 1223 Ennius

238 1249 359 1285 satur.
386 1246 454 1285 lib.
474 1246 495 1285 Ι
528 1240 570 1299 (1
594 1241 650 1300 V)
684 1243 806 1285 ‘malo
838 1247 969 1286 hercle
1001 1260 1148 1300 magno
1187 1259 1258 1286 suo
1291 1246 1499 1286 conuiuat:
1538 1245 1623 1284 sine
1653 1241 1786 1284 modo'

237 1307 322 1346 ubi.
337 1307 455 1357 plura
487 1307 668 1357 exempla
695 1302 899 1359 congessit
930 1307 966 1344 V
968 1307 1146 1346 ablenus.
1186 1328 1242 1334 --
1283 1308 1526 1346 confectores
1565 1305 1789 1344 cardinum:

238 1368 374 1419 agitur
422 1366 471 1406 de
520 1367 660 1406 domus
714 1369 1020 1419 expugnatione.
1094 1367 1233 1419 Polyb.
1260 1367 1339 1406 VII
1375 1368 1446 1417 16,
1481 1368 1505 1406 5
1558 1361 1668 1418 οὗτοι
1719 1362 1790 1417 μὲν

238 1426 389 1476 ἔξωθεν
426 1426 713 1480 προσπεσόντες
756 1433 969 1482 πειρῶνται
1012 1427 1240 1468 διακόπτειν
1283 1426 1377 1475 τοὺς
1421 1429 1605 1480 στροφεῖς
1642 1424 1709 1465 καὶ
1745 1424 1790 1465 τὸ

240 1486 399 1541 ζύγωμα
423 1492 503 1526 τῶν
527 1489 680 1539 πυλῶν,
705 1486 818 1527 αὐτοὶ
842 1485 883 1527 δὲ
906 1488 975 1529 τὸν
996 1487 1145 1541 μοχλὸν
1165 1487 1335 1528 ἔνδοθεν
1354 1486 1421 1527 καὶ
1439 1486 1509 1535 τὰς
1528 1486 1790 1540 βαλανάγρας.

239 1547 402 1588 Lucian.
430 1548 576 1599 dialog.
603 1550 759 1587 meretr.
790 1550 866 1599 12,
894 1550 918 1587 3
946 1551 1043 1588 extr.
1085 1547 1159 1600 τὴν
1206 1546 1364 1588 αὔλειον
1411 1542 1529 1602 εὗρον
1567 1545 1790 1586 ἀποκεκλει-

241 1606 392 1660 σμένην
429 1605 620 1660 ἐπιμελῶς
654 1639 662 1647 .
684 1640 721 1646 ..
755 1607 829 1647 οὐκ
860 1607 989 1659 ’ἔκοψα
1021 1604 1059 1648 δ’
1094 1603 1188 1661 οὖν,
1233 1604 1311 1648 ἀλλ’
1357 1607 1505 1661 ἐπάρας
1549 1605 1678 1660 ἠρέμα
1718 1605 1792 1658 τὴν

241 1666 377 1722 θύραν
405 1699 412 1706 .
435 1700 441 1707 .
463 1699 471 1707 .
497 1666 739 1721 παραγαγὼν
771 1667 840 1708 τὸν
873 1667 1044 1721 στροφέα
1080 1671 1354 1722 παρεισῆλθον
1380 1666 1581 1719 ἀψοφητί·
1613 1667 1706 1706 uide
1741 1667 1800 1705 ad'

242 1728 319 1771 lib„
336 1727 468 1767 XXIX
498 1742 536 1767 u.
565 1729 662 1768 839.
738 1728 871 1769 Verba
922 1742 1006 1769 esse
1055 1729 1244 1769 uidentur
1292 1729 1446 1768 lenonis
1497 1729 1608 1768 cuius
1653 1727 1792 1766 domus

244 1791 505 1841 expugnatur.
1124 1835 1126 1837 Ι
1492 1810 1496 1812 -
1595 1788 1598 1792 ’
1781 1790 1784 1794 ’

366 1843 475 1889 774.
507 1849 662 1889 Nonius
693 1863 731 1900 p.
754 1851 828 1899 31,
855 1851 910 1889 28
946 1846 1133 1889 ‘Inritare
1171 1850 1322 1890 dictum
1360 1852 1421 1889 est
1457 1850 1617 1901 proprie
1649 1860 1794 1899 prouo-

244 1922 343 1948 care.
379 1941 385 1947 .
409 1940 415 1947 .
438 1940 445 1947 .
471 1909 649 1949 Luciliu-s
681 1909 749 1949 lib.
769 1910 943 1949 XXVIII
976 1907 1138 1951 “Lucili
1166 1911 1201 1950 si
1225 1911 1267 1949 in
1294 1923 1428 1949 amore
1453 1910 1634 1949 inritarit
1659 1904 1801 1961 suo''.'‘

245 1968 494 2012 Sententiam
531 1970 607 2010 hoc
644 1970 762 2010 modo
799 1971 1039 2011 constituas:
1079 1968 1186 2011 ‘mox'
1222 1971 1292 2010 ille
1329 1972 1432 2009 iram
1469 1970 1615 2010 sentiet
1651 1969 1802 2018 Lucili,

245 2031 279 2070 si
316 2030 358 2068 in
402 2042 536 2069 amore
579 2031 759 2070 inritarit
790 2027 889 2070 suo'.
958 2032 1000 2070 in
1039 2044 1190 2080 amore,
1219 2032 1273 2070 *ut
1312 2029 1427 2070 Ouid.
1460 2043 1535 2069 am.
1567 2029 1630 2068 HI
1664 2030 1709 2079 6,
1738 2029 1792 2067 23

248 2087 428 2129 ‘flumina
471 2089 660 2130 deberent
702 2092 866 2130 iuuenes
910 2093 951 2130 in
997 2104 1131 2131 amore
1168 2088 1337 2130 iuuare’.
1405 2090 1531 2129 Lucil.
1564 2090 1632 2129 lib.
1665 2089 1796 2129 XXIX

247 2164 283 2189 u.
330 2150 414 2189 832
480 2147 558 2190 ‘sic
614 2150 796 2191 Socrates
858 2153 900 2191 in
963 2149 1130 2192 amore'.
1223 2151 1357 2191 Verba
1422 2153 1515 2190 sunt
1576 2150 1682 2189 serui
1747 2149 1797 2188 ad

247 2211 441 2250 lenonem.
1736 2255 1739 2258 ,

370 2265 479 2311 775.
523 2271 678 2311 Nonius
727 2285 767 2324 p.
796 2273 903 2323 239,
939 2273 993 2312 14
1046 2270 1282 2324 ‘Argutum,
1340 2272 1486 2322 audax,
1536 2271 1795 2311 malitiosum.

247 2331 425 2370 Lucilius
468 2331 535 2370 lib.
555 2331 730 2371 XXVIII
775 2329 916 2384 “agite
961 2334 1069 2385 agite
1118 2333 1225 2372 fures
1267 2333 1446 2372 mendaci
1490 2326 1794 2383 argutamini”.'

248 2391 464 2442 Proposuit
493 2391 757 2431 Buechelerus
782 2393 883 2431 Mus.
909 2393 1033 2432 Rhen.
1059 2393 1172 2432 XLII
1200 2394 1312 2432 1887
1346 2406 1384 2443 p.
1405 2393 1490 2431 473
1527 2389 1663 2443 ‘agite,
1689 2391 1798 2444 agite

250 2452 368 2501 fures,
399 2451 592 2502 mendaci,
623 2454 767 2505 arguta
792 2449 943 2502 manu',
973 2454 1139 2492 mendici
1163 2454 1324 2492 restitui
1348 2455 1491 2503 poetae
1517 2452 1647 2491 uoluit
1671 2451 1797 2490 Lach-

250 2521 433 2551 mannus.v
490 2511 625 2552 'Verba
668 2514 702 2552 si
744 2515 851 2552 recte
894 2513 1047 2552 tradita
1091 2515 1201 2563 sunt,
1245 2513 1287 2552 in
1331 2513 1517 2564 proximo·
1556 2524 1693 2550 uersu.
1713 2513 1799 2550 erat

251 2571 455 2611 ablatiuus
499 2573 647 2622 linqua.
722 2572 979 2624 Arqutamz'ni
1023 2587 1104 2613 non
1147 2574 1448 2625 temptauerim:
1499 2585 1593 2611 nam
1640 2569 1800 2622 scripsit

250 2631 420 2671 Plautus
444 2632 670 2673 Friuolaria
702 2628 784 2687 (ap.
804 2634 907 2674 Non.
933 2647 971 2684 p.
993 2634 1062 2683 66,
1090 2628 1165 2687 31)
1199 2631 1488 2685 ‘superaboque
1521 2632 1649 2672 omnis
1682 2645 1798 2684 argu-

252 2691 376 2731 tando
406 2690 626 2742 praeficas’.
683 2695 796 2742 ayite,
828 2695 937 2744 ayite-
958 2695 1005 2734 ut
1037 2707 1154 2745 saepe
1187 2694 1228 2733 in
1258 2694 1430 2745 palliata
1456 2706 1527 2743 aye
1552 2704 1623 2744 aye
1649 2687 1797 2746 (Plaut.

253 2751 360 2790 Pers.
389 2752 486 2791 606.
521 2753 625 2791 766:
662 2754 758 2792 conf
790 2754 950 2793 Brixius
990 2754 1040 2794 ad
1077 2755 1160 2793 Mil.
1191 2755 1305 2794 1024
1345 2753 1581 2805 Spengelius
1623 2753 1674 2791 ad
1711 2752 1799 2802 Ter.

254 2811 379 2851 Andr.
412 2812 498 2851 310
541 2813 734 2851 Dziatzko
778 2813 829 2852 ad
872 2813 1029 2852 Phorm.
1064 2809 1181 2867 559).
1250 2814 1384 2852 Verba
1421 2815 1514 2852 sunt
1553 2813 1707 2852 lenonis
1750 2812 1799 2849 ad

256 2871 404 2910 exclusi
453 2873 643 2911 amatoris
693 2873 875 2912 comites:
923 2874 1028 2921 furis
1078 2876 1118 2912 et
1158 2874 1366 2913 *mendacis
1415 2872 1673 2924 opprobrium
1720 2875 1804 2925 unas

255 2931 420 2981 ponitur
449 2931 516 2970 lib.
536 2931 593 2970 IX
618 2933 774 2971 u.,367.
1763 2959 1767 2962 -

378 2985 489 3031 776.
521 2991 675 3033 Nonius
711 3005 749 3042 p.
772 2994 875 3042 555,
904 2994 958 3031 25
994 2990 1221 3041 ‘Ballistae,
1259 3005 1354 3032 saxa
1391 2993 1545 3032 maiora
1582 2995 1622 3031 et
1659 2993 1806 3044 grauia·

257 3048 314 3103 <a
342 3051 534 3091 machinis
558 3049 696 3105 dicta>
725 3052 872 3103 quibus
897 3052 1110 3092 iaciuntur.
1167 3053 1345 3092 Lucilius
1377 3049 1453 3092 lib.-
1471 3052 1644 3092 XXVHI
1671 3049 1806 3103 “quid

330 3124 443 3151 Lucilii
464 3126 529 3151 rell.
549 3126 599 3152 ed.
614 3127 723 3152 MAax.
753 3127 792 3152 Π.
1471 3124 1512 3155 18
