2060 3444
265 302 322 350 36
895 303 929 342 Π
952 314 988 342 u.
1017 301 1166 343 τιὸ-τε.

263 421 442 460 Lucilius
482 422 708 471 satyrarum
746 420 815 460 lib.
849 420 886 460 V
929 417 1088 460 “uiuite
1121 451 1129 459 .
1162 451 1170 459 .
1204 451 1212 460 .
1244 417 1454 460 uentris'’.’
1523 418 1705 460 Donatus
1749 418 1800 461 ad

264 480 542 520 Phormionem
567 481 744 520 Terentii
762 480 799 518 V
820 481 859 530 8,
880 481 934 520 95
963 477 1042 518 ‘An
1067 481 1248 520 uentrem
1271 482 1403 520 totum
1429 481 1651 532 parasitum
1675 479 1800 520 dicit?

265 543 310 580 ut
340 540 516 580 Lucilius
548 541 589 579 in
621 540 791 580 secundo
825 537 983 579 “uiuite
1018 534 1093 594 (ila
1127 541 1176 580 V:
1213 540 1365 579 inuitus
1401 534 1560 594 reliqui)
1599 541 1800 580 claucones

265 595 496 653 (glaucones
530 595 586 654 V)
625 600 857 639 comedones
893 601 1021 638 uiuite
1059 595 1184 654 (uiuit
1219 602 1260 639 et
1290 594 1419 655 RC'O)
1450 602 1608 640 uentres
1641 594 1716 654 (ita
1749 600 1799 640 V:

263 663 443 700 uentrem
491 657 714 711 reliqui)’'.'
797 660 1012 710 Compar-at
1060 659 1197 699 Dousa.
1245 673 1406 699 uersum
1456 659 1651 700 Graecum
1694 660 1800 711 apud

263 720 433 760 Paulum
465 722 578 771 epist.
605 720 657 759 ad
682 720 760 759 Tit.
786 720 806 758 I
835 722 887 759 12
921 721 1073 772 Κρῆτες
1104 717 1165 759 ἀεὶ
1196 719 1384 771 ψευσταί,
1421 718 1523 759 κακὰ
1554 719 1700 772 θηρία,
1729 734 1799 773 γα-

263 778 392 833 στέρες
428 778 565 833 ἀργαί,
602 778 645 818 L.
672 780 886 818 Muellerus
923 779 1083 818 Hesiod.
1122 779 1252 831 theog.
1281 780 1334 818 26
1373 777 1557 830 ποιμένες
1595 776 1800 832 ἄγραυλοι,

264 835 347 879 κάκ’
382 838 545 893 ἐλέγχεα,
577 837 757 893 γαστέρες
788 834 885 878 οἷον.
937 838 1131 877 Similiter
1161 838 1363 889 Aristoph.
1393 838 1468 877 Au.
1498 839 1611 878 1604
1643 837 1801 892 γάστρις

263 895 313 940 εἷς
345 900 441 939 conf
468 899 703 950 Thesmoph.
732 899 829 938 816.
892 899 956 937 Ad
987 898 1054 938 lib.
1080 899 1121 937 H
1158 899 1263 937 hunc
1300 911 1458 938 uersum
1496 898 1693 949 pertinere
1731 911 1800 949 ap-

264 962 380 1011 paret
403 959 526 998 Nonii
558 959 781 998 rationibus
806 958 1021 1010 propositis
1046 960 1088 997 in
1114 958 1253 997 tabula
1277 959 1455 1010 prolegg.
1480 971 1517 1008 p.
1544 957 1799 997 LXXXVIII.

386 1014 461 1060 76.
493 1019 647 1058 Nonius
678 1032 715 1069 p.
745 1019 812 1068 25,
841 1020 892 1057 19
934 1015 1077 1057 ‘Gatax
1117 1018 1263 1057 dicitur
1305 1031 1423 1068 quem
1466 1031 1570 1057 nunc
1613 1030 1800 1058 coxonem

260 1080 419 1119 uocant.
470 1078 648 1118 Lucilius
681 1080 905 1129 satyrarum
932 1078 999 1116 lib.
1019 1078 1060 1117 H
1093 1075 1337 1117 “hostilibus
1363 1108 1372 1117 .
1394 1109 1401 1116 .
1423 1109 1430 1116 .
1463 1074 1638 1117 nobis’'.'
1688 1077 1800 1117 Idem

262 1153 300 1189 p.
330 1140 427 1189 218,
455 1139 509 1178 32
545 1135 767 1178 ‘Permities
797 1140 951 1190 generis
977 1138 1169 1177 feminini.
1213 1137 1390 1177 Lucilius
1415 1139 1642 1187 satyrarum
1666 1137 1734 1176 lib.
1759 1136 1801 1176 H

264 1197 449 1250 “pestem
483 1231 489 1237 .
517 1229 525 1237 .
553 1231 561 1238 .
592 1195 782 1237 nmms’'.'
851 1197 1064 1237 hostilibus
1101 1198 1240 1236 contra.
1282 1198 1434 1248 pestem
1477 1191 1799 1249 permitiemque]

262 1258 485 1298 Posuerunt
515 1258 623 1297 istud
655 1270 728 1308 par
758 1257 970 1297 uerborum
1001 1257 1138 1296 eadem
1168 1258 1306 1296 littera.
1342 1258 1620 1307 incipientium
1652 1255 1798 1296 Gatull.

266 1319 334 1368 76,
361 1320 417 1358 20
450 1315 607 1369 ‘eripite
639 1318 741 1357 hanc
771 1319 923 1368 pestem
953 1318 1248 1368 perniciemque
1279 1314 1393 1356 mihi’
1427 1329 1545 1367 quem
1575 1316 1707 1356 locum
1732 1315 1799 1356 ad-

262 1379 358 1418 tulit
389 1378 432 1417 F.
453 1378 601 1428 Dousa,
635 1376 712 1416 Cic.
746 1376 862 1416 Catil.
888 1377 909 1415 I
935 1378 990 1416 33
1026 1374 1129 1416 ‘cum
1161 1379 1231 1416 tua
1268 1379 1378 1427 peste
1416 1389 1462 1415 ac
1499 1373 1688 1427 pernicie'
1727 1388 1799 1427 pro

262 1438 359 1478 Rab.
391 1438 500 1489 perd.
536 1440 560 1477 2
608 1434 762 1477 ‘contra
803 1438 957 1487 pestem
1001 1449 1047 1476 ac
1090 1434 1334 1488 perniciem’:
1377 1436 1473 1476 conf
1505 1436 1592 1475 Ter.
1629 1435 1798 1487 Adelph.

266 1498 361 1538 188.
391 1498 486 1537 189.
550 1497 609 1536 De
641 1498 771 1536 forms
800 1497 1005 1547 permities
1037 1496 1133 1536 conf
1159 1496 1289 1535 Plaut.
1320 1495 1500 1535 Pseudol.
1528 1496 1614 1535 364
1646 1495 1799 1535 Ennius

261 1553 384 1596 TRF⁸
407 1571 445 1608 p.
474 1559 543 1607 54,
571 1557 699 1596 229ss
730 1557 875 1596 Accius
899 1557 924 1595 1.
951 1569 981 1595 s.
1013 1570 1051 1607 p.
1080 1557 1178 1606 222,
1204 1557 1309 1595 434:
1341 1569 1461 1607 quam
1485 1557 1686 1595 testantur
1709 1567 1799 1595 cum

262 1618 441 1658 codicum
484 1619 570 1657 tum
611 1616 763 1656 Donati
804 1616 1080 1656 testimonium
1111 1614 1179 1655 GL
1204 1616 1263 1655 IV
1293 1629 1331 1666 p.
1360 1616 1457 1665 392,
1486 1616 1538 1654 17
1579 1611 1798 1666 ‘permities

261 1690 334 1728 pro
364 1674 586 1728 pernicies'.
649 1676 809 1716 Homer.
836 1677 858 1724 ζ
883 1677 967 1715 184
1005 1670 1110 1716 πόλλ’
1144 1673 1263 1729 ἄλγεα
1302 1673 1592 1727 δυσμενέεσσιν,
1623 1673 1799 1729 χάρματα

262 1732 299 1776 δ’
345 1735 582 1793 εὐμενέτῃσι.
617 1758 672 1763 -
706 1731 839 1789 cutax]
885 1735 1050 1775 claudus
1093 1735 1198 1775 Fest.
1230 1749 1268 1786 p.
1295 1735 1363 1774 45.
1432 1733 1528 1781 Quis
1572 1734 1694 1774 fuerit
1735 1734 1799 1773 hic

261 1797 452 1847 Manlius,
496 1797 689 1836 incertum
727 1798 788 1836 est
825 1796 943 1836 sicuti
980 1808 1095 1835 nemo
1132 1796 1283 1846 poterit
1324 1793 1505 1834 diuinare
1548 1796 1638 1845 quis
1678 1793 1800 1834 fuerit

261 1859 377 1897 cutax
407 1857 477 1896 ille
510 1859 581 1897 aut
612 1856 839 1896 Postumius
870 1855 1108 1895 Hortensius
1132 1855 1339 1895 Aemilius.
1389 1853 1799 1894 Animaduertendum

260 1930 355 1957 uero
393 1919 435 1956 in
473 1918 547 1956 hoc
584 1916 687 1955 libro
724 1916 931 1968 gentilicia
967 1917 1146 1966 posuisse
1182 1917 1360 1966 poetam,
1399 1913 1514 1965 alibi,
1556 1913 1632 1953 ubi.
1662 1913 1799 1964 laedit,

259 1977 498 2029 cognomina.
545 1976 724 2015 Tubulus
774 1975 910 2026 Lupus
961 1974 1088 2014 Carbo
1137 1974 1308 2014 Albinus
1360 1974 1587 2024 Torquatus
1642 1968 1798 2028 (incer-t.

260 2051 297 2077 u.
327 2032 461 2091 1144)
506 2037 554 2075 de
598 2037 710 2075 cuius
747 2047 916 2087 persone.
956 2048 1035 2075 non
1073 2036 1202 2087 magis
1240 2035 1398 2074 constat
1435 2046 1555 2085 quam
1595 2032 1644 2072 de
1680 2033 1798 2075 huius

260 2097 412 2136 Manlii.
445 2118 494 2123 —
523 2094 655 2146 nobis]
688 2107 767 2134 non
797 2097 920 2134 mouit
950 2095 1014 2134 uel
1050 2095 1182 2134 intulit
1216 2093 1480 2145 supplendum
1517 2104 1602 2132 esse
1639 2092 1800 2132 uidetur

260 2156 328 2197 sed
365 2158 638 2206 imprecantur.
708 2154 815 2194 Cane
851 2157 968 2206 putes
1005 2157 1119 2194 eatan:
1156 2153 1207 2194 ad
1242 2153 1437 2193 Manlium
1476 2153 1692 2204 pertinere,
1729 2152 1798 2192 sed

260 2219 321 2256 est
351 2218 485 2268 potius
517 2228 736 2267 cognomen
762 2215 934 2254 hominis
960 2214 1124 2254 alterius
1150 2227 1269 2265 quem
1293 2214 1413 2265 poeta
1436 2213 1642 2252 nominare
1668 2211 1799 2252 noluit

260 2278 380 2316 sicuti
409 2276 478 2316 lib.
504 2275 678 2315 XXVHI
702 2289 739 2313 u.
769 2275 855 2314 800
887 2287 976 2313 cum
1007 2274 1182 2313 Maximo
1214 2273 1441 2325 appellatur
1469 2273 1675 2312 nonnosus
1709 2273 1796 2323 qui-

260 2337 352 2376 dam
382 2338 542 2375 nomine
573 2335 786 2375 subtracto.
1495 2355 1498 2358 ·

382 2391 407 2435 7
414 2391 459 2437 8.
497 2396 653 2435 Nonius
695 2409 733 2446 p.
764 2397 836 2444 10,
863 2395 915 2433 31
964 2391 1178 2433 ‘Lurcones
1221 2393 1319 2432 dicti
1362 2393 1456 2432 sunt
1495 2405 1520 2432 a.
1560 2391 1798 2442 lurchand03

260 2457 442 2495 lui-chare
480 2458 540 2495 est
577 2468 666 2494 cum
704 2454 899 2494 auiditate
940 2453 1072 2492 cibum
1096 2466 1281 2493 sumere.
1349 2452 1526 2492 Lucilius
1570 2453 1797 2503 satyrarum

259 2517 327 2555 lib.
353 2516 395 2554 H
440 2513 566 2554 “nam
610 2514 705 2565 quid
749 2515 923 2554 moetz'mo
960 2514 1202 2562 subiectaque
1233 2543 1241 2551 .
1275 2543 1282 2550 .
1317 2543 1325 2551 .
1352 2524 1501 2562 pamwm
1544 2507 1796 2551 conficeret’'.

259 2576 502 2627 Pomponius
546 2574 657 2625 Syris
701 2569 807 2629 (169
820 2568 873 2628 Β)
920 2570 1149 2624 “lapatium
1184 2573 1347 2616 ,nullum
1389 2570 1595 2621 utebatur,
1638 2570 1795 2610 lardum

259 2635 442 2675 lurcabst
472 2631 671 2674 lubens’'.’
723 2629 916 2686 moetino]
948 2634 1220 2672 uetustissima
1244 2632 1318 2671 hoc
1343 2632 1430 2671 loco
1455 2630 1643 2670 uocabuli
1661 2631 1796 2670 forma
1817 2679 1820 2682 ⁴
1895 2649 1904 2660 ·

260 2697 421 2736 seruata
452 2698 512 2734 est
550 2695 662 2747 cuius
700 2693 839 2733 affinia
870 2695 964 2733 sunt
993 2695 1112 2733 mutto
1142 2691 1268 2739 Lucil.
1299 2691 1368 2731 lib.
1393 2689 1555 2731 VHI-u.
1583 2681 1674 2730 307'
1698 2689 1796 2729 Hor.

260 2769 374 2796 serm.
400 2755 421 2794 Ι
447 2756 486 2805 2,
513 2755 568 2794 68
607 2749 760 2808 (glossa
795 2752 1000 2792 Leidensis
1036 2751 1195 2791 Loewei
1237 2751 1435 2802 prodi-om.
1473 2750 1591 2803 gloss.
1625 2763 1664 2801 p.
1691 2751 1796 2790 304:

259 2817 370 2854 muto
388 2808 590 2867 Priapus),
607 2815 840 2853 muttonium
857 2811 1155 2866 προβασκάνιον
1172 2807 1444 2863 Λουκ<ίλ>ιος
1463 2808 1563 2849 OGL
1581 2809 1623 2849 H
1641 2822 1680 2860 p.
1696 2809 1795 2859 131,

261 2877 328 2914 61.
358 2875 455 2925 132,
480 2874 504 2913 5
533 2870 688 2926 (incert.
708 2887 745 2911 u.
768 2868 886 2926 959),
910 2873 1121 2911 mutinimn
1145 2873 1285 2910 auctor
1307 2870 1468 2921 Priapei
1495 2870 1563 2919 72,
1584 2869 1664 2919 2B,
1691 2868 1796 2908 unde

202 2945 208 2948 ’
259 2936 504 2974 mutumiatus
527 2933 660 2984 Priap.
683 2934 751 2983 52,
774 2934 828 2971 10
853 2932 1026 2971 Martial.
1046 2931 1109 2971 m
1131 2931 1198 2980 73,
1221 2933 1241 2968 1
1270 2929 1328 2969 XI
1349 2930 1416 2980 63,
1438 2931 1463 2968 2
1491 2927 1575 2968 CIL
1594 2927 1654 2967 IV
1669 2928 1794 2968 1939.

263 2995 396 3034 1940:
432 2994 693 3033 recentiorem
723 2993 894 3031 formam
925 2990 1084 3030 exhibet
1113 2990 1255 3030 Festus
1285 3002 1324 3039 p.
1354 2989 1437 3028 154
1471 2985 1631 3027 ‘Matini
1669 2987 1795 3036 Titini

261 3051 464 3094 sacellum'
493 3066 524 3092 e.
545 3066 581 3103 q.
602 3065 631 3092 s.
664 3053 733 3103 qui
764 3051 860 3091 deus
891 3051 996 3090 unde
1025 3063 1169 3090 nomen
1200 3050 1357 3089 duxerit
1386 3048 1635 3100 intellegitur
1674 3046 1794 3087 schol.
