2060 3444
737 240 865 277 incert.
893 241 969 276 sed.
998 252 1031 277 u.
1061 243 1308 277 1228—1240.
1712 241 1796 283 391

226 396 227 399 Ἴ
257 366 373 394 uersu
404 353 679 394 adducendum
712 355 771 394 est
800 356 861 394 ita
892 355 938 393 ut
968 355 1067 394 satis
1098 354 1288 394 audacter
1319 355 1541 394 diiunctum
1584 356 1637 394 sit
1668 355 1800 394 uerbis

255 417 355 454 totus
385 427 417 453 e.
438 427 474 465 q.
495 426 543 464 s.;
581 414 719 454 eadem
758 414 927 454 audacia
964 417 1064 454 totus
1101 427 1125 453 a
1156 415 1332 463 populus
1372 414 1596 454 diiunctum
1628 417 1689 454 est
1720 428 1799 466 quo

253 474 428 525 pertinet
471 475 516 513 ut
559 486 691 514 ommes
728 474 778 514 ad
809 477 968 524 patres:
1010 474 1102 513 uide
1140 474 1258 514 indic.
1291 488 1457 526 gramm.
1485 487 1514 513 s.
1534 488 1572 513 ιι.
1604 476 1799 515 collocatio

252 534 461 574 uerborum
491 535 533 573 et
562 533 630 574 lib.
651 534 781 576 XXIX
805 548 843 573 u.
866 534 964 574 825.
1010 556 1056 562 —
1101 535 1226 574 1229.
1265 535 1362 573 item
1400 531 1668 588 pariterque}
1707 536 1799 575 uide

251 594 369 635 indic.
395 607 560 646 gramm.
588 607 617 634 s.
644 607 684 633 u.
709 595 984 645 hendiadyoin.
1022 616 1080 621 -
1109 595 1359 643 populusque
1388 591 1620 647 patresque]
1656 608 1798 635 uersus

252 655 401 694 exitum
439 668 486 694 ex
523 654 654 694 Ennio
692 655 853 694 uidetur
888 655 1103 705 sumpsisse
1140 656 1236 705 quia
1267 654 1472 707 Vergilius
1503 655 1600 694 Aen.
1628 655 1684 693 IX
1714 657 1796 695 192

253 711 430 754 ‘Aenean
462 715 582 755 acciri
624 727 771 764 omnes,
802 716 1054 766 populusque
1091 711 1320 765 patresque'
1355 710 1431 769 (=
1456 714 1515 754 IV
1544 710 1649 769 682)
1682 713 1798 754 Ouid.

250 776 342 814 met.
368 774 441 813 XV
469 775 552 814 486
589 771 838 814 ‘Extinctum
874 774 1098 826 Latiaeque
1134 788 1258 814 nurus
1295 776 1546 826 populusque
1583 779 1799 826 patresque

250 834 454 874 Defleuere
499 832 690 874 Numam'
732 835 869 875 eodem
909 837 1003 875 sunt
1039 835 1101 875 usi
1139 829 1488 890 (Friedlaenderus
1532 835 1583 874 ad
1621 836 1797 875 Martial.

249 894 330 934 VH
356 896 400 945 5,
430 890 486 949 1).
526 917 582 922 —
624 896 749 935 1230.
788 896 965 936 decedere
1010 893 1224 946 nusquam]
1264 896 1351 935 Ter.
1384 895 1555 946 Adelph.
1583 897 1667 935 246
1710 893 1798 935 ‘nu-

249 968 390 1006 squam
417 952 543 994 abeo’:
569 956 664 995 conf
684 956 752 995 lib.
772 955 947 995 XXVIII
972 970 1009 995 u.
1033 957 1129 995 744.
1177 956 1398 1006 Nusquam,
1423 956 1568 1007 inquit,
1601 955 1798 996 decedunt

207 1018 211 1019 ⁷
249 1015 301 1055 ad
331 1016 539 1067 negotium
571 1017 642 1055 aut
672 1016 851 1056 laborem
876 1017 1124 1056 fructuosum
1150 1018 1190 1055 et
1214 1016 1395 1067 probum.
1457 1017 1563 1055 Nam
1588 1018 1683 1056 sunt
1708 1016 1797 1056 sub-

248 1076 423 1116 rostrani
454 1077 494 1115 et
525 1075 811 1116 subbasilicani
842 1089 989 1127 omnes,
1021 1089 1119 1127 quos
1152 1076 1294 1116 Graeci
1325 1074 1540 1130 ἀγοραίους
1572 1071 1796 1130 (Aristoph.

248 1136 350 1187 Equ.
379 1136 476 1175 181.
504 1131 610 1190 218)
643 1137 862 1187 appellant.
895 1138 1026 1176 cedere
1056 1139 1142 1186 foro
1168 1137 1288 1176 aliter
1312 1137 1629 1188 positumpapud
1658 1137 1797 1176 quen.

247 1195 306 1235 XI
332 1197 388 1235 50
420 1195 490 1235 ubi
514 1196 607 1236 uide
631 1196 928 1237 Friedlaenderi
961 1197 1157 1236 adnotat.:
1189 1197 1376 1236 similiter
1407 1196 1451 1243 Q.
1475 1196 1610 1236 Cicero
1643 1197 1690 1235 de
1716 1199 1796 1248 pet.

248 1268 352 1297 cons.
380 1257 434 1295 43
482 1253 664 1296 ‘Prodest
713 1257 875 1308 quidem
921 1258 1177 1297 uehementer
1220 1270 1418 1308 nusquam
1461 1257 1678 1307 discedere,
1728 1257 1797 1297 sed

247 1317 383 1356 tamen
414 1316 478 1356 hie
510 1317 663 1356 fructus
695 1319 755 1356 est
792 1317 1059 1367 assiduitatis,
1099 1330 1178 1358 non
1217 1318 1344 1357 solum
1379 1330 1462 1358 esse
1494 1318 1643 1357 Romae
1676 1319 1797 1368 atque

247 1377 290 1415 in
320 1377 420 1427 foro,
452 1376 520 1416 sed
551 1377 709 1416 assidue
740 1380 893 1428 petere,
932 1391 1050 1429 saepe
1089 1377 1243 1418 eosdem
1287 1375 1507 1429 appellare'
1535 1391 1566 1417 e.
1589 1392 1625 1428 q.
1645 1391 1674 1417 s.
1737 1378 1796 1417 De

246 1435 440 1476 infinitiui
483 1449 557 1476 usu
601 1437 693 1476 uide
737 1439 909 1489 interpp.
955 1438 1006 1477 ad
1049 1438 1199 1490 Vergil.
1231 1451 1365 1490 georg.
1398 1439 1420 1477 I
1454 1439 1537 1477 199
1584 1432 1796 1491 (Wagneri

247 1498 398 1547 quaest.
418 1497 561 1549 Virgil.
583 1498 692 1536 XXX
713 1492 759 1550 4)
780 1497 867 1537 Liu.
887 1499 967 1537 VII
987 1499 1056 1547 32,
1072 1501 1096 1537 2
1117 1498 1235 1539 indic.
1256 1512 1423 1550 gramm.
1445 1511 1473 1538 s.
1494 1512 1532 1537 u.
1558 1499 1795 1546 inftm'tiuus.

370 1558 496 1596 1235.
528 1553 706 1596 ‘bonum'
746 1559 935 1598 simulare
975 1555 1136 1597 ‘uirum'
1178 1556 1235 1608 se]
1268 1559 1328 1597 ita
1362 1560 1522 1609 scripsit
1553 1560 1685 1609 poeta,
1715 1571 1796 1597 non

247 1616 353 1667 quod
389 1617 570 1667 postulat
606 1618 870 1670 grammatica
908 1615 1047 1658 ‘bonos
1086 1619 1274 1658 simulare
1312 1618 1420 1658 uiros
1459 1615 1514 1658 se'
1559 1618 1649 1657 ideo
1688 1618 1796 1669 quod

248 1678 370 1716 bonus
406 1678 472 1717 uir
507 1678 551 1716 in
587 1679 778 1718 sermonis
815 1679 984 1718 forensis
1022 1679 1062 1718 et
1102 1679 1282 1731 uulgaris
1319 1679 1606 1718 consuetudine
1643 1678 1794 1718 locutio

246 1739 334 1776 erat
371 1737 584 1777 sollemnis.
648 1738 796 1778 Seneca
833 1740 947 1789 epist.
976 1740 1020 1788 3,
1049 1741 1070 1778 1
1112 1736 1336 1789 -‘quomodo
1381 1752 1517 1778 omnes
1561 1738 1794 1778 candidatos

249 1794 403 1837 “bonos
421 1794 561 1836 uiros''
577 1795 760 1838 dicimus'
777 1793 904 1853 (quod
918 1799 1154 1838 confirmant
1166 1799 1501 1850 Pompeianorum
1514 1799 1794 1849 inscriptiones

248 1856 516 1897 Ouerbeckius
554 1858 602 1897 de
639 1858 824 1909 Pompeis
862 1859 910 1898 ed
940 1859 1000 1898 IV
1030 1873 1068 1909 p.
1090 1854 1197 1913 471)
1233 1860 1299 1908 73,
1328 1861 1380 1898 12
1427 1856 1596 1898 ‘solebat
1635 1858 1794 1898 Sextius

247 1917 547 1957 dicere·Iouem
588 1918 679 1968 plus
723 1932 802 1958 non
839 1931 954 1970 posse
992 1933 1113 1970 quam
1153 1919 1300 1958 bonum
1339 1916 1499 1959 uirum'.
1568 1919 1634 1958 Ita
1671 1920 1794 1958 etiam

245 1976 425 2017 Lucilius
451 1977 590 2017 scribit
613 1979 752 2019 incert.
778 1993 815 2018 u.
839 1980 923 2018 928
953 1976 1010 2018 ‘in
1035 1979 1150 2019 bonis
1175 1992 1294 2030 porro
1321 1981 1382 2019 est
1406 1976 1520 2018 uiris'
1542 1979 1611 2018 lib.
1630 1979 1652 2017 Ι
1676 1993 1714 2017 ιι.
1737 1980 1793 2018 30

248 2034 421 2088 ‘sapiens
464 2035 556 2089 uir'3
596 2039 727 2078 solent
768 2035 923 2079 ueteres
966 2041 1109 2090 poetae
1152 2040 1195 2078 in
1238 2040 1489 2079 nominatiuo
1528 2041 1568 2078 et
1604 2040 1792 2078 uocatiuo

246 2097 430 2137 ordinare
469 2094 610 2138 ‘bonus
650 2095 728 2138 uir’
770 2096 886 2138 ‘bone
926 2097 1004 2139 uir'
1043 2095 1193 2154 (Plaut.
1227 2099 1341 2150 Capt.
1364 2100 1448 2139 954
1490 2095 1652 2152 [Bacch.
1687 2095 1791 2151 775]

246 2157 386 2198 Pseud.
423 2159 536 2197 1145
575 2158 680 2199 Pers.
718 2159 800 2198 788
842 2158 929 2199 Cas.
965 2160 1048 2199 725
1088 2158 1190 2211 [Mil.
1225 2156 1330 2212 364]
1371 2158 1482 2199 Cure.
1511 2160 1597 2199 610
1635 2159 1792 2198 Terent.

246 2217 369 2256 Andr.
396 2219 494 2256 846.
529 2219 612 2257 616
645 2218 813 2270 Adelph.
842 2220 939 2260 556.
974 2221 1058 2258 476
1091 2220 1192 2259 Eun.
1221 2221 1324 2269 6603
1357 2220 1452 2259 conf
1475 2218 1554 2259 Cic.
1579 2232 1653 2270 pro
1680 2212 1792 2259 Caec.

247 2277 322 2326 25,
356 2279 422 2316 71.
457 2279 530 2327 27,
565 2279 631 2317 78.
693 2279 926 2330 Pompeiani
964 2274 1080 2333 (conf
1121 2278 1217 2319 CIL
1243 2280 1300 2318 IV
1328 2275 1462 2333 2430)
1509 2279 1627 2319 aliter
1671 2280 1792 2330 atque

247 2336 395 2376 Seneca
425 2337 623 2377 collocant
653 2338 731 2377 VB
758 2340 870 2378 cuius
903 2340 1117 2379 locutionis
1148 2341 1290 2379 auctor
1326 2339 1461 2379 extitit
1492 2338 1592 2378 Cato
1625 2340 1672 2378 de
1708 2353 1790 2391 agr.

247 2398 340 2436 cult.
359 2397 483 2448 praef.
503 2399 527 2436 2
548 2398 690 2450 fragm.
710 2412 748 2449 p.
772 2399 839 2447 78,
862 2400 927 2438 13.
949 2401 1017 2449 80,
1041 2401 1062 2438 1
1091 2399 1207 2450 Ιοτᾶ.,
1234 2401 1360 2439 secuti
1385 2401 1479 2438 sunt
1503 2400 1623 2438 multi
1643 2393 1791 2452 (Varro

245 2457 405 2508 loghist.
431 2471 468 2508 p.
491 2458 595 2508 250,
623 2459 677 2497 24
711 2458 842 2498 Riesei
867 2459 961 2498 Hor.
988 2461 1103 2510 epist.
1122 2460 1143 2498 I
1166 2460 1239 2509 16,
1266 2460 1323 2499 40
1350 2458 1482 2499 Senec.
1505 2460 1618 2509 epist.
1649 2460 1745 2508 102,
1765 2460 1789 2498 9

246 2511 349 2571 alii).
375 2538 434 2544 ——
462 2518 588 2557 1234.
614 2519 661 2558 ut
686 2519 720 2558 si
745 2519 877 2558 hostes
903 2517 1002 2570 sint]
1036 2519 1128 2559 uide
1160 2519 1227 2559 lib.
1255 2519 1311 2558 IX
1337 2533 1374 2558 u.
1396 2520 1494 2558 330.
1523 2540 1577 2545 -
1605 2518 1790 2558 omnibus

245 2573 400 2629 omnes]
426 2578 680 2618 iterationem
706 2579 819 2618 uerbi
844 2580 972 2619 omnis
998 2581 1175 2619 exercuit
1200 2578 1369 2619 Graecos
1395 2580 1552 2618 secutus
1573 2573 1790 2632 (Dielesius

245 2637 470 2676 Parmenid.
496 2652 534 2688 p.
557 2633 650 2692 60);
680 2638 786 2678 idem
811 2651 949 2679 uersus
975 2641 1103 2680 exitus
1130 2639 1285 2679 Lucret.
1310 2639 1370 2678 IV
1398 2640 1501 2679 708:
1535 2635 1629 2678 ‘non
1655 2639 1790 2678 omnia

246 2709 454 2748 possumus
486 2695 635 2738 omnes’
662 2698 729 2737 lib.
750 2699 787 2736 V
811 2713 848 2738 u.
871 2700 968 2738 218.
1025 2699 1234 2739 Sententia
1262 2701 1422 2750 sumpta
1454 2699 1616 2738 uidetur
1641 2712 1660 2737 e
1686 2699 1787 2737 Plat.

247 2757 349 2808 legg.
369 2757 391 2795 I
421 2770 505 2807 cap.
527 2759 552 2797 3
584 2772 622 2808 p.
645 2759 780 2797 626D
814 2756 948 2811 ὀρθῶς
985 2758 1139 2812 ἐρρήθη
1176 2758 1219 2799 τὸ
1260 2759 1472 2810 πολεμίους
1504 2753 1606 2798 εἶναι
1638 2757 1789 2804 πάντας

247 2821 343 2854 πᾶσι
381 2815 552 2871 δημοσίᾳ
595 2831 633 2856 τε
675 2816 742 2857 καὶ
780 2817 862 2873 ἰδίᾳ
898 2817 1088 2867 ἑκάστους
1124 2818 1271 2866 αὐτοὺς
1308 2818 1446 2869 σφίσιν
1484 2817 1618 2865 αὐτοῖς
1656 2831 1740 2868 cap.
1764 2819 1787 2855 2

247 2888 286 2925 p.
308 2875 392 2914 626
407 2874 444 2913 Α
469 2874 613 2923 πάσαις
637 2875 736 2930 πρὸς
759 2876 888 2925 πάσας
914 2876 983 2925 τὰς
1007 2877 1140 2925 πόλεις
1164 2876 1225 2917 ἀεὶ
1249 2876 1422 2928 πόλεμον
1440 2875 1664 2928 ἀκήρυκτον
1690 2875 1789 2915 κατὰ

248 2933 374 2984 φύσιν
404 2929 516 2974 εἶναι.
578 2931 871 2988 (Buechmanni
904 2936 999 2976 Gefi.
1019 2937 1159 2976 Worte
1191 2937 1249 2975 ed.
1282 2938 1391 2976 1889
1425 2951 1462 2987 p.
1486 2931 1603 2990 266.)
1719 2932 1722 2934 ’

374 2988 707 3036 1235—1240.
741 2995 876 3036 Cicero
902 2996 950 3035 de
975 2996 1040 3035 fin.
1067 2996 1156 3035 bon.
1183 2998 1224 3036 et
1248 2998 1339 3035 mal.
1366 2997 1408 3035 H
1434 2997 1472 3046 8,
1500 2997 1567 3034 24.
1601 2997 1655 3035 25
1690 2992 1790 3034 ‘Nec
