2060 3444
742 241 873 281 incert.
901 241 978 281 sed.
1003 256 1039 280 u.
1069 246 1315 280 1199—1201.
1722 241 1807 286 381

265 357 457 415 ἀργύριον
485 355 661 400 Ἀττικόν
694 354 1012 413 (Dittenbergeri
1039 358 1137 409 Syll.
1164 358 1212 396 ed
1236 357 1279 396 II
1306 358 1403 408 588,
1433 351 1550 409 190),
1585 356 1737 407 ellipsis
1768 357 1810 395 in

243 434 306 461 16
332 421 558 460 nummaria
582 420 907 470 frequentissima
932 419 1052 459 sicuti
1077 418 1119 456 in
1142 413 1314 456 Ἀττικαί
1335 430 1408 467 pro
1437 416 1636 456 drachmis
1662 417 1809 456 Atticis

266 480 374 532 quod
411 482 591 532 ponitur,
628 481 811 519 mutuum
849 492 1022 528 sumere,
1062 477 1297 528 Philippeus
1335 476 1377 514 id
1415 489 1538 528 genus
1570 477 1671 516 aliis.
1735 477 1810 515 Em

266 541 401 592 accipe
428 553 622 590 nummos,
652 540 746 579 lecti
779 541 872 578 sunt
902 550 1051 588 omnes,
1082 538 1157 577 hoc
1189 539 1250 577 est
1279 537 1461 575 Atticum
1493 539 1717 588 argentum.

387 595 530 641 1200.
562 599 718 640 Gellius
739 599 782 638 H
808 600 876 648 24,
905 600 927 638 7
963 595 1060 637 ‘Lex
1088 597 1231 637 deinde
1255 596 1412 636 Licinia
1436 598 1579 648 rogata.
1604 599 1676 646 est,
1707 610 1809 647 quae

265 674 354 701 cum
379 661 498 700 certis
524 660 675 709 diebus,
700 659 819 699 sicuti
837 659 1005 708 Fannia,
1030 660 1216 697 centenos
1242 658 1346 696 aeris
1371 656 1535 707 inpendi
1553 657 1810 707 permisisset,

264 721 418 772 nuptiis
450 721 621 760 ducenos
652 720 822 759 indulsit
859 719 1078 769 ceterisque
1117 718 1255 758 diebus
1296 718 1443 757 statuit
1480 717 1582 757 aeris
1619 717 1810 756 tricenos:

265 794 356 821 cum
386 783 428 820 et
458 780 589 820 carnis
621 780 756 819 aridae
789 781 830 818 et
857 779 1091 819 salsamenti
1115 780 1224 818 certa
1249 777 1427 828 pondera
1451 777 1495 815 in
1520 777 1700 828 singulos
1725 777 1810 817 dies

265 841 550 890 constituisset,
582 840 780 891 quidquid
811 843 914 880 esset
943 841 1081 879 tamen
1106 851 1127 878 e
1151 840 1271 887 terra,
1303 839 1398 886 uite,
1431 837 1585 887 arbore,
1614 839 1810 888 promisce

266 903 387 952 atque
417 901 624 940 indefinite
655 901 805 952 largita
837 902 907 940 est.
969 899 1101 939 Huius
1132 899 1232 950 legis
1263 898 1437 937 Laeuius
1474 899 1596 948 poeta
1627 898 1812 937 meminit

265 961 538 1001 ...Lucilius
576 973 734 1011 quoque
771 960 873 1012 legis
909 960 1027 999 istius
1065 958 1249 998 meminit
1285 958 1326 996 in
1364 958 1427 997 his
1468 957 1602 998 uerbis
1649 954 1810 1010 “legem

222 1071 225 1072 ⁷
265 1021 438 1062 uitemus
456 1016 655 1061 .Licini’'.'
708 1019 810 1060 Conf
831 1020 1004 1060 Macrob.
1032 1019 1192 1059 Satur-n.
1218 1018 1281 1057 III
1309 1019 1376 1067 17,
1405 1019 1427 1057 7
1443 1030 1551 1069 seqq.
1584 1020 1625 1058 et
1649 1018 1698 1057 de
1723 1019 1810 1070 lege

264 1081 443 1121 Liciniae
473 1083 654 1132 tempore
691 1081 743 1120 ad
773 1080 921 1120 Lucilii
951 1080 1020 1119 lib.
1046 1080 1084 1118 V
1108 1093 1146 1118 u.
1175 1080 1259 1118 193
1293 1078 1393 1117 xm
1416 1092 1455 1117 u.
1482 1079 1569 1118 440
1600 1079 1739 1118 incert.
1771 1093 1809 1118 u.

269 1144 395 1182 1172.
425 1143 538 1181 1153
566 1141 658 1180 dub.
683 1155 721 1180 u.
751 1142 877 1180 1353.
921 1140 1044 1179 Libro
1069 1139 1129 1179 IV
1155 1139 1368 1189 adscripsit
1392 1138 1619 1178 Muellerus.
1663 1138 1810 1188 Loqui—

266 1204 334 1241 tur
369 1202 503 1241 helluo
541 1202 654 1241 uafer
693 1198 914 1240 ‘uideamus
952 1213 1032 1251 qua
1068 1201 1225 1239 ratione
1268 1199 1399 1250 legem
1439 1199 1613 1238 uitemus
1650 1196 1809 1237 Licini'.

266 1261 471 1308 Quomodo
504 1260 705 1300 Ciceronis
735 1263 914 1311 tempore
946 1261 1077 1312 legem
1108 1260 1402 1310 sumptuariam
1433 1258 1639 1308 euitarint,
1673 1258 1809 1298 Cicero

266 1324 405 1361 narrat
435 1322 550 1372 epist.
576 1321 657 1360 VII
683 1322 752 1371 26,
780 1322 803 1360 2
842 1318 962 1360 ‘Nam
998 1320 1095 1359 dum
1132 1320 1275 1359 uolunt
1310 1320 1381 1359 isti
1417 1319 1519 1358 lauti
1557 1321 1664 1358 terra
1701 1322 1810 1368 nata,

267 1394 369 1433 quae
401 1383 488 1434 lege
521 1383 685 1432 excepta
715 1382 827 1430 sunt,
857 1382 901 1420 in
931 1381 1122 1420 honorem
1154 1379 1366 1429 adducere,
1403 1380 1567 1431 fungos,
1604 1379 1809 1430 heluellas,

266 1442 407 1482 herbas
433 1443 562 1482 omnis
585 1443 645 1481 ita
670 1441 873 1491 condiunt,
898 1442 946 1480 ut
969 1441 1071 1480 nihil
1096 1441 1224 1491 possit
1249 1453 1332 1479 esse
1358 1436 1548 1479 suauius'.
1594 1439 1809 1491 Fragmen-

266 1505 353 1542 tum
382 1502 544 1541 uidetur
575 1515 659 1541 esse
689 1502 758 1540 lib.
786 1502 876 1540 XX:
906 1501 999 1540 uide
1032 1501 1083 1540 ad
1113 1501 1181 1539 lib.
1207 1500 1245 1538 V
1270 1514 1307 1538 u.
1338 1501 1434 1539 193.

389 1557 532 1602 1201.
564 1561 717 1601 Gellius
741 1561 815 1600 XX
842 1562 880 1611 8,
907 1562 934 1600 4
974 1558 1091 1601 ‘Cum
1130 1573 1410 1611 quaereremus
1448 1573 1550 1610 quae
1588 1560 1670 1599 alia
1711 1561 1808 1599 item

267 1624 492 1662 senescente
516 1622 614 1661 luna
637 1621 899 1671 tabescerent,
930 1633 1061 1660 nonne
1092 1620 1304 1670 Lucilium,
1334 1621 1480 1670 inquit,
1511 1622 1692 1659 nostrum
1728 1633 1810 1659 me-

267 1683 441 1722 ministis
465 1681 594 1722 dicere
622 1679 750 1721 “luna
780 1682 854 1721 alit
878 1683 1011 1721 ostrea
1034 1681 1167 1730 implet
1193 1684 1227 1720 et
1252 1675 1312 1735 (et
1330 1692 1393 1719 om
1413 1675 1465 1734 Q)
1491 1680 1664 1729 echinos,
1689 1682 1811 1719 muri-

267 1742 340 1781 bus
365 1742 485 1781 fibras
510 1743 551 1781 et
569 1754 672 1791 pecu
700 1737 778 1795 (ita
804 1743 926 1780 ZHN
948 1754 1071 1792 peccu
1098 1741 1130 1790 Q
1154 1753 1249 1780 recu
1276 1741 1319 1779 X
1342 1742 1457 1791 (pecu
1475 1754 1525 1779 m.
1548 1734 1607 1794 2))
1635 1737 1807 1780 addit’'.'

267 1805 302 1842 et
337 1803 471 1852 implet
506 1802 665 1840 Aldina.
728 1802 877 1841 Locum
916 1801 1145 1841 emendauit
1182 1799 1279 1840 Otto
1304 1800 1485 1840 Kellerus
1524 1800 1752 1840 Zeitschrift
1783 1802 1809 1839 f.

267 1862 303 1902 d.
337 1864 497 1902 oesterr.
525 1861 668 1912 Gymn.
695 1862 805 1901 XXX
833 1863 947 1902 1879
979 1876 1017 1913 p.
1046 1862 1100 1901 23
1115 1874 1196 1912 seq.
1240 1873 1392 1900 memor
1434 1861 1513 1900 loci
1548 1859 1684 1911 Antig.
1717 1861 1808 1899 hist.

266 1922 406 1961 mirab.
433 1921 597 1961 CXXIV
624 1923 707 1962 136
734 1916 844 1976 (Rer.
864 1923 994 1961 natur.
1015 1923 1149 1972 script.
1171 1920 1238 1960 Gr.
1263 1921 1359 1960 min.
1384 1921 1406 1960 I
1430 1934 1467 1972 p.
1490 1922 1542 1960 31
1572 1919 1617 1959 Ο.
1638 1916 1808 1974 Kelleri)

266 1980 333 2022 καὶ
363 1981 410 2022 τὰ
440 1985 488 2039 τῇ
519 1981 664 2038 σελήνῃ
695 1981 1022 2034 συναυξανόμενά
1052 1996 1092 2021 τε
1122 1979 1189 2021 καὶ
1214 1980 1500 2034 συμφθίνοντά
1524 1978 1632 2033 (ἐστι
1656 1978 1811 2033 πολλὰ)

267 2037 355 2082 οἷον
391 2040 438 2081 τὰ
474 2047 553 2081 τῶν
590 2047 703 2094 μυῶν
741 2038 854 2095 [ητα]
893 2041 1039 2095 ἥπατα·
1077 2039 1226 2095 λέγεται
1255 2039 1330 2094 γὰρ
1367 2039 1435 2080 καὶ
1472 2043 1809 2095 συμπληροῦσθαι

266 2100 333 2142 καὶ
370 2102 619 2154 συμφθίνειν
654 2100 722 2142 καὶ
758 2101 1028 2150 συναύξεσθαι
1065 2105 1117 2157 τῷ
1150 2101 1263 2154 μηνί·
1303 2100 1365 2142 διὸ
1403 2099 1470 2141 καὶ
1506 2099 1613 2154 παρὰ
1650 2103 1811 2149 πολλοῖς

266 2161 310 2202 ἐν
347 2162 560 2216 παροιμίας
596 2161 782 2215 εἰρῆσθαι
820 2160 924 2215 μέρει
962 2160 1026 2202 ἐπὶ
1067 2167 1146 2201 τῶν
1183 2164 1428 2212 θαυμαστῶν
1465 2160 1652 2214 τεράτων·
1697 2166 1811 2213 μυῶν

267 2221 415 2273 ἥπατα·
458 2223 540 2261 137
573 2219 639 2261 καὶ
675 2220 723 2261 τὰ
753 2227 833 2261 τῶν
863 2221 1088 2261 θαλαττίων
1125 2218 1168 2260 ὁὲ
1205 2219 1347 2274 ἐχίνων
1384 2217 1444 2276 ᾠὰ
1480 2219 1597 2261 ταύτὸ
1635 2220 1809 2273 πάσχειν.

267 2281 450 2321 Adnotat
480 2281 611 2321 editor
640 2295 678 2332 p.
704 2282 874 2321 XXXVI
905 2282 1071 2321 eandem
1101 2281 1325 2321 doctrinam
1356 2281 1531 2321 inueniri
1565 2295 1627 2332 ap.
1652 2281 1810 2320 Aelian.

270 2341 318 2381 de
337 2344 419 2381 nat.
440 2354 502 2380 an.
521 2341 563 2380 H
584 2342 638 2380 56
660 2341 763 2381 Ρ1111.
783 2343 864 2381 nat.
884 2342 975 2381 hist.
996 2342 1054 2380 XI
1074 2342 1157 2381 196
1180 2336 1334 2395 (Herm.
1354 2341 1488 2380 XXVI
1510 2341 1620 2380 1891
1644 2355 1682 2392 p.
1705 2336 1810 2394 559)

269 2401 469 2441 Plutarch.
502 2403 652 2452 quaest.
682 2414 794 2441 conu.
821 2401 878 2440 IV
901 2403 939 2451 5,
961 2404 985 2440 2
1018 2415 1056 2452 p.
1084 2402 1217 2440 67ΟΒ
1245 2401 1356 2440 alios.
1411 2400 1472 2440 De
1506 2401 1625 2440 lunae
1657 2401 1810 2440 uiribus

269 2460 348 2501 Cic.
377 2461 425 2501 de
444 2461 568 2500 diuin.
588 2461 630 2500 H
650 2462 705 2502 33
737 2459 846 2500 ‘nam
872 2464 912 2500 et
936 2462 1208 2502 musculorum
1231 2462 1432 2501 iecuscula
1456 2461 1598 2500 bruma
1623 2461 1812 2500 dicuntur

269 2522 410 2573 augeri
429 2553 437 2560 .
459 2552 467 2560 .
489 2552 497 2560 .
517 2522 737 2572 ostreisque
762 2523 803 2561 et
827 2522 1046 2573 conchyliis
1072 2521 1255 2560 omnibus
1281 2523 1510 2573 contingere
1535 2522 1580 2559 ut
1606 2534 1696 2560 cum
1714 2522 1811 2560 luna

268 2582 422 2631 pariter
451 2583 630 2621 crescant
659 2583 890 2632 pariterque
921 2579 1163 2621 decrescant'
1197 2581 1333 2620 Manil.
1358 2581 1401 2620 Π
1427 2582 1481 2620 93
1523 2578 1573 2620 ‘si
1607 2580 1811 2621 submersa

269 2641 395 2691 fretis,
427 2641 668 2681 concharum
699 2643 740 2681 et
769 2654 923 2681 carcere
955 2643 1091 2681 clausa
1122 2641 1174 2681 ad
1204 2641 1323 2680 lunae
1353 2643 1509 2681 motum
1539 2641 1701 2680 uariant
1726 2643 1811 2680 ani-

269 2701 393 2740 malia
430 2698 586 2752 corpus’
622 2701 724 2741 Plin.
750 2704 832 2740 nat.
858 2702 951 2741 hist.
976 2701 1019 2740 ΙΙ
1044 2703 1126 2740 221
1175 2698 1281 2741 ‘ideo
1318 2714 1410 2742 cum
1444 2701 1688 2740 incremento
1727 2702 1811 2741 eius

270 2756 410 2812 augeri
448 2759 672 2812 conchylia’
711 2761 806 2800 Hor.
833 2773 946 2801 serm.
973 2761 1015 2800 II
1040 2762 1079 2810 4,
1107 2762 1163 2801 30
1203 2758 1372 2800 ‘lubrica
1409 2763 1615 2800 nascentes
1651 2762 1813 2809 implent

270 2820 479 2870 conchylia
508 2817 642 2860 lunae’
676 2833 794 2870 quem
823 2821 958 2860 locum
989 2821 1130 2859 attulit
1155 2820 1291 2860 Dousa
1322 2833 1413 2860 cum
1440 2819 1640 2860 Ciceronis
1664 2821 1691 2860 l.
1711 2833 1741 2859 s.
1761 2833 1810 2860 s.:

270 2879 377 2918 idem
406 2879 623 2930 Augustin.
649 2879 697 2918 de
723 2880 798 2919 ciu.
825 2880 891 2918 dei
913 2880 951 2918 V
976 2892 1061 2931 cap.
1089 2881 1113 2918 6
1149 2877 1370 2919 ‘lunaribus
1398 2881 1653 2919 incrementis
1689 2882 1811 2930 atque

270 2938 519 2978 detrimentis
551 2940 691 2991 augeri
721 2941 762 2978 et
790 2940 919 2978 minui
950 2939 1146 2989 quaedam
1178 2951 1324 2991 genera
1347 2951 1491 2989 rerum,
1523 2940 1626 2978 sicut
1651 2939 1810 2980 echinos

269 3000 311 3038 et
340 2995 537 3039 conchas’.
1562 3017 1563 3021 ¹
