2060 3444
735 254 867 291 ineert.
894 254 971 291 sed.
997 266 1034 292 u.
1062 257 1310 291 1195—1198.
1715 251 1803 295 379

252 369 423 421 Corpori
454 370 658 410 senectute
689 370 877 420 corrupto
908 368 1152 419 parcendum
1184 380 1267 408 esse
1299 366 1459 406 uidetur
1490 368 1694 418 scripsisse
1724 365 1804 405 Lu-

249 430 365 470 cilius
403 443 519 469 senex
558 429 628 480 qui
664 430 793 468 ueluti
830 428 934 467 libro
960 428 997 465 V
1034 429 1118 467 fere
1156 428 1258 467 talia
1295 427 1348 466 sit
1386 428 1586 477 profatus:
1630 428 1717 467 seni
1758 428 1802 466 in

249 490 491 530 ambulando
524 489 758 538 cauendum,
791 502 841 528 ne
873 489 1019 541 inguen
1055 489 1200 528 existat
1231 501 1332 527 neue
1364 487 1442 526 boa
1474 489 1626 526 noceat.
1679 487 1802 526 Solle-

250 550 355 590 mnis
386 551 428 589 in
459 550 684 601 praeceptis
714 549 889 589 formula
922 546 986 588 ‘ne
1011 545 1168 588 noceat'
1196 550 1242 587 ut
1268 547 1353 587 Cat.
1379 547 1427 586 de
1454 561 1537 599 agr.
1564 548 1657 586 cult.
1686 549 1755 597 40,
1777 548 1802 587 4

252 608 318 650 ‘ne
350 611 461 663 gelus
492 607 649 649 noceat'
685 610 754 659 61,
781 611 805 648 2
842 606 906 648 ‘ne
938 622 1045 659 aqua
1069 605 1225 648 noceat’
1255 609 1309 648 92
1339 605 1403 646 ‘ne
1429 609 1572 647 noceat
1596 605 1803 647 curculio'.

248 670 433 722 Denique
464 672 610 720 inquen
640 670 716 709 hoc
746 671 834 709 loco
870 670 931 708 est
967 668 1130 721 βουβών
1168 681 1287 718 quem
1325 668 1464 707 dicunt
1497 666 1656 707 Graeci:
1696 668 1803 718 quod

249 731 418 771 existere
462 731 561 770 dicit
601 731 721 782 poeta
759 730 879 769 sicuti
915 729 1133 769 Menander
1172 729 1214 767 in
1251 728 1442 780 Agricola
1486 728 1648 779 scripsit
1692 722 1810 782 (conf

249 790 457 831 Kaibelius
476 790 622 830 Nachr.
637 791 675 829 d.
689 789 778 830 Ges.
792 790 829 829 d.
843 790 906 828 W.
927 804 958 829 z.
973 789 1104 829 Goett.
1118 789 1221 828 Phil.
1240 788 1333 827 hist.
1350 787 1406 827 Ol.
1421 789 1535 827 1898
1556 802 1594 839 p.
1613 789 1710 838 149,
1726 783 1803 842 51)

249 849 413 904 βουβὼν
451 849 631 903 ἐπήρθης
675 853 815 890 contra
851 850 1056 901 Aristoph.
1083 850 1184 888 Ran.
1213 850 1329 888 1280
1366 848 1548 888 Bacchus
1591 848 1720 888 lassus
1765 850 1805 887 et

248 912 447 964 fatigatus
485 909 564 952 ὑπὸ
603 916 681 950 τῶν
717 910 855 951 κόπων
891 909 966 964 γὰρ
1003 908 1057 950 τὼ
1094 907 1229 962 νεφρὼ
1267 909 1482 962 βουβωνιῶ
1519 908 1688 960 Lysistr.
1718 909 1801 948 987

250 972 480 1028 βουβωνιᾷς
521 970 600 1011 ὑπὸ
638 977 708 1024 τῆς
747 968 864 1022 ὁδοῦ;
907 970 1008 1010 Poll.
1033 970 1092 1010 IV
1121 972 1205 1010 202
1251 967 1415 1022 βουβὼν
1458 967 1548 1023 περὶ
1592 969 1805 1022 βουβῶνας

212 1075 215 1076 ⁷
253 1031 402 1084 οἴδημα
433 1030 528 1084 μετὰ
559 1033 796 1084 φλεγμονῆς.

377 1099 521 1144 1196.
547 1104 703 1142 Nonius
729 1117 767 1154 p.
791 1104 889 1152 212,
917 1103 943 1141 4
970 1114 1016 1141 ex
1041 1103 1305 1154 grammatico
1333 1099 1493 1151 ‘Limfa,
1519 1115 1636 1152 aqua,
1662 1114 1805 1153 genere

254 1164 466 1214 feminino,
503 1165 550 1203 ut
580 1176 709 1215 saepe.
765 1163 987 1203 masculino
1018 1162 1197 1202 Lucilius
1237 1159 1556 1213 “inpermixtum
1593 1162 1805 1212 limporem

253 1220 332 1279 (ita
357 1223 390 1263 L
414 1238 466 1263 m.
495 1227 516 1263 1
547 1226 587 1263 et
611 1224 642 1263 I.
668 1224 817 1274 Dousa,
848 1223 1043 1272 limforem
1073 1222 1105 1261 L
1131 1236 1182 1261 m.
1212 1224 1236 1261 2
1258 1216 1374 1276 G)''.'
1438 1222 1601 1274 Tragici
1639 1234 1802 1261 uersum

252 1285 415 1324 uidetur
464 1285 644 1335 spectare
688 1286 808 1335 poeta
852 1285 922 1334 qui
965 1284 1136 1322 uerterit
1183 1284 1311 1322 ueluti
1360 1280 1533 1334 ἄκρατον
1581 1288 1690 1334 νᾶμα
1739 1283 1806 1321 uel

252 1343 425 1398 ἄκρατον
449 1343 587 1396 μέθυ.
660 1344 722 1384 De
769 1344 969 1384 adiectiuo
1017 1343 1166 1382 iniuria
1215 1343 1376 1382 dubitat
1417 1343 1686 1382 Baehrensius
1735 1343 1806 1393 qui

251 1406 388 1456 posuit
417 1406 695 1445 intermixtum.
745 1404 852 1444 Nam
876 1406 920 1444 in
943 1404 1193 1456 priuatiuum
1218 1405 1311 1443 ante
1337 1403 1462 1442 uerba
1488 1403 1688 1453 simplicia
1714 1415 1805 1441 cum

254 1466 444 1518 ambigua
475 1466 529 1505 sit
560 1465 869 1518 significatione,
907 1465 1053 1504 maluit
1083 1464 1145 1503 uti
1176 1465 1397 1515 composito
1422 1465 1644 1512 permixtus
1682 1476 1805 1513 quam

252 1527 398 1566 minatus
423 1526 614 1577 simplici:
641 1526 761 1565 sicuti
786 1525 924 1564 eadem
950 1524 998 1564 de
1024 1537 1144 1564 causa
1163 1522 1332 1563 Ouidius
1358 1524 1529 1563 nouauit
1552 1525 1806 1573 inpercussus

253 1587 499 1636 inperfossus
521 1586 829 1635 inperturbatus,
853 1586 1125 1635 inperterritus
1149 1585 1364 1636 Vergilius,
1388 1585 1695 1633 inperfumdities
1718 1584 1806 1634 ipse

254 1646 433 1685 Lucilius
464 1646 534 1685 lib.
560 1645 693 1684 XXVI
717 1659 756 1684 u.
785 1646 883 1686 600.
928 1644 1005 1691 Qui
1034 1644 1122 1684 iure
1148 1657 1219 1684 suo
1245 1641 1418 1698 ἄκρατον
1442 1644 1575 1683 noluit
1600 1644 1806 1695 appellare

257 1704 486 1746 ‘inmixtum
516 1702 685 1745 merum’
719 1705 826 1757 quod
857 1707 964 1745 solus
996 1706 1093 1744 fecit
1117 1704 1320 1744 Ausonius
1353 1700 1409 1758 (p.
1433 1705 1531 1753 328,
1555 1706 1607 1744 12
1626 1698 1806 1758 Peiperi)

254 1767 324 1807 sed
357 1780 436 1818 quo
467 1766 596 1819 magis
627 1766 838 1818 intellegat
868 1766 995 1805 lector
1024 1767 1312 1822 inpermixtum.

379 1833 521 1878 1197.
548 1839 703 1878 Nonius
729 1852 775 1876 ex
801 1838 1064 1891 grammatico
1084 1852 1120 1889 p.
1144 1839 1243 1886 449,
1265 1838 1317 1876 31
1345 1833 1536 1876 ‘Interfici
1560 1838 1601 1875 et
1619 1836 1748 1876 occidi
1767 1837 1809 1875 et

255 1899 494 1938 inanimalia
513 1900 667 1938 ueteres
687 1911 802 1950 posse
816 1899 1043 1937 uehementi
1058 1898 1298 1938 auctoritate
1312 1898 1541 1948 posuerunt.
1559 1928 1565 1935 .
1581 1927 1589 1935 .
1606 1928 1613 1934 .
1627 1896 1806 1936 Lucilius

259 1955 499 2003 “intereunti
515 1958 708 1998 labuntur
726 1961 868 1998 cuntur
886 1959 1020 1998 omnia
1038 1955 1263 1997 uorsum’'.'
1305 1959 1396 1996 ewnt
1412 1969 1575 1996 rursum
1598 1957 1631 1997 Ι.
1651 1956 1806 1996 Dousa:

257 2019 389 2059 Plaut.
413 2017 611 2069 Amphitr.
635 2021 748 2058 1112
777 2015 866 2071 eegro
893 2031 1015 2058 cunas
1041 2018 1225 2058 recessim
1250 2030 1411 2057 rursum
1435 2030 1599 2056 norsum
1618 2013 1806 2056 trahere’.

257 2079 429 2119 Videtur
453 2080 567 2130 queri
590 2079 775 2130 Iuppiter
797 2079 892 2118 libri
915 2079 1049 2130 primi,
1082 2080 1216 2118 omnia
1241 2079 1392 2117 Romae
1417 2090 1579 2128 pessum
1604 2078 1662 2116 ire
1688 2077 1809 2116 sicuti

257 2139 467 2180 Lucretius
497 2140 539 2178 in
571 2140 681 2178 exitu
711 2139 805 2178 libri
828 2139 870 2178 H
902 2139 1001 2178 dicit
1033 2136 1184 2178 ‘omnia
1214 2138 1415 2190 paulatim
1446 2138 1648 2177 tabescere
1680 2138 1720 2176 et
1750 2138 1809 2175 ire

260 2199 311 2238 ad
343 2197 559 2251 capulum'‚
592 2199 701 2250 apud
731 2199 962 2239 Petronium
991 2200 1046 2248 44
1078 2200 1251 2239 rusticus
1283 2199 1421 2248 crepat
1452 2198 1651 2237 coloniam
1690 2201 1809 2246 retro-

259 2272 400 2299 uersus
431 2272 604 2299 crescere
634 2261 844 2310 tamquam
875 2259 1014 2299 codam
1053 2260 1185 2298 uituli.
1249 2258 1445 2297 Similiter
1475 2258 1677 2310 Vergilius
1710 2258 1808 2296 Aen.

259 2319 302 2358 H
330 2321 412 2359 169
449 2315 511 2358 ‘ex
541 2319 614 2358 illo
645 2319 768 2359 fluere
800 2331 846 2358 ac
876 2322 979 2358 retro
1010 2319 1198 2369 sublapsa
1228 2319 1369 2358 referri
1400 2331 1489 2368 spes
1521 2314 1736 2357 Danaum'.

388 2385 531 2431 1198.
565 2389 694 2442 Caper
719 2390 787 2431 GL
812 2391 892 2430 VH
916 2405 953 2442 p.
983 2392 1051 2440 98,
1080 2392 1101 2429 1
1119 2391 1155 2429 K
1179 2391 1277 2430 haec
1302 2390 1446 2429 tradit:
1473 2384 1534 2444 (M
1559 2390 1632 2429 cod
1657 2390 1810 2429 Monte-

260 2464 377 2502 pess.,
408 2450 475 2490 Bo
508 2451 609 2491 codd
638 2451 871 2503 Beruenses,
903 2463 927 2497 ς
960 2451 1062 2490 editt
1092 2445 1266 2505 ueteres)

480 2526 501 2544 n

312 2553 352 2589 M
376 2553 521 2599 lacteus
547 2554 613 2600 qui
638 2554 738 2590 lacte
765 2554 880 2590 alitur
904 2555 944 2590 et
967 2554 1115 2590 lactans
1142 2553 1208 2600 qui
1234 2552 1378 2599 decipit
1401 2552 1546 2588 lactens
1572 2552 1672 2588 lacte
1692 2552 1811 2588 abun-

263 2602 358 2638 dans
382 2603 427 2637 ut
451 2602 636 2638 lactentes
661 2602 753 2638 ficus
779 2602 946 2638 Lucilius
971 2602 1156 2638 lactentia
1183 2601 1343 2647 coagula
1369 2612 1454 2636 cum
1480 2600 1593 2636 melle
1618 2600 1699 2636 bibi

312 2661 334 2689 ς
359 2649 504 2686 lacteus
529 2649 597 2695 qui
620 2650 721 2686 lacte
746 2650 863 2686 alitur
887 2650 1035 2686 lactans
1062 2650 1127 2696 qui
1151 2649 1296 2695 decipit
1321 2649 1469 2685 lactans
1489 2649 1555 2694 qui
1573 2648 1673 2684 lacte
1694 2649 1812 2684 abun-

264 2698 332 2733 dat
356 2699 399 2733 ut
423 2697 604 2734 lactantis
629 2698 721 2734 ficus
747 2698 914 2734 Lucilius
939 2698 1127 2734 lactantia
1153 2697 1282 2734 coacla
1308 2709 1393 2733 cum
1418 2697 1531 2733 melle
1555 2696 1637 2732 bibi

313 2745 340 2781 C
365 2745 512 2781 lactens
538 2747 596 2781 est
621 2746 686 2792 qui
711 2746 811 2782 lacte
831 2746 948 2782 alitur
965 2746 1114 2782 lactans
1134 2745 1200 2791 qui
1220 2745 1363 2791 decipit
1381 2745 1527 2781 lacteus
1546 2744 1646 2780 lacte
1665 2744 1811 2780 habun-

774 2803 795 2821 u

265 2829 360 2911 danfi
384 2829 492 2864 uelut
515 2802 701 2865 lactentes
726 2829 815 2866 ficos
841 2829 1009 2866 Lucilius
1033 2830 1094 2865 dic
1114 2830 1194 2876 (om.
1215 2841 1261 2865 m.
1284 2830 1319 2873 1)
1338 2828 1522 2864 lactentia
1541 2827 1702 2874 coagula
1726 2839 1812 2863 cum

270 2887 344 2959 meB
362 2887 514 2960 ⁴iactens
541 2925 598 2959 est
623 2924 689 2969 qui
711 2924 811 2961 lacte
831 2924 947 2960 alitur
964 2924 1112 2960 lactans
1133 2924 1199 2969 qui
1219 2923 1363 2970 decipit
1382 2923 1527 2959 lacteus
1547 2923 1647 2959 lacte
1666 2923 1811 2959 habun-

268 2972 362 3055 daiff
398 2971 506 3008 uelut
547 2971 758 3008 lactenteas
793 2973 886 3008 ficus
929 2972 1119 3008 Lucilius·
1143 2972 1237 3007 dicit
1279 2971 1478 3007 Lactentia
1522 2971 1683 3018 coagula
1727 2983 1812 3007 cum

267 3030 327 3055 me
359 3030 380 3055 e
