2060 3444
791 290 892 326 XXX
918 303 954 326 u.
983 293 1232 326 1047—1053.
1702 288 1790 331 335

238 403 352 446 ‘haec
390 406 552 455 mulier,
598 406 727 444 amica
764 406 854 455 tua,
896 406 956 443 est
999 417 1090 443 cum
1132 402 1383 443 uestimffltis
1426 403 1660 442 maculosis:
1702 404 1792 441 tum

237 468 383 518 aspice,
415 467 480 517 sis,
513 468 553 505 te
585 466 719 516 ipsum
750 478 828 516 quo
861 466 1006 504 ornatu
1037 464 1199 503 incedas
1230 460 1483 503 lutulentus’.

362 521 504 566 1048.
537 527 692 566 Nonius
724 540 763 577 p.
791 526 890 574 385,
918 526 974 563 24
1009 521 1238 563 ‘Sublatam
1271 523 1441 563 dicimus
1479 525 1687 562 remotum.
1722 554 1760 562 ..

237 587 417 626 Lucilius
448 586 516 626 lib.
543 587 653 625 XXX
687 583 901 625 “sublatus
928 616 936 624 .
959 617 966 624 .
989 616 996 624 .
1022 581 1256 624 refertur''.'
1319 584 1504 623 Licentia
1533 584 1577 622 in
1614 585 1791 622 rationes

237 648 322 688 siue
354 647 514 687 tabulas
546 647 701 697 accepti
732 647 905 685 refertur
935 647 982 684 ut
1013 646 1166 695 faenus,
1203 645 1247 683 id
1278 646 1339 684 est
1370 645 1537 684 lucrum.
1577 641 1695 694 ‘quae
1724 675 1731 682 .
1754 675 1761 682 .
1783 675 1791 683 .

238 707 401 747 sublata
427 739 435 746 .
458 739 464 746 .
489 739 495 746 .
523 709 659 746 omnia
691 704 798 746 sunt’
832 707 901 745 lib.
928 705 970 745 II
994 720 1032 744 ιι.
1062 707 1128 746 67.

362 762 506 808 1049.
538 768 694 806 Nonius
726 782 765 819 p.
794 767 891 817 250,
920 767 974 805 25
1010 763 1174 805 ‘Cedere
1206 765 1408 818 significat
1445 765 1662 805 secundum
1700 777 1792 804 con-

238 828 491 868 suetudinem
529 828 639 867 abire
678 829 910 878 superatum
949 828 990 866 et
1020 827 1153 866 locum
1190 827 1338 865 uictori
1376 826 1482 865 dare.
1515 857 1524 864 .
1546 857 1554 864 .
1578 857 1584 864 .
1610 825 1791 864 Lucilius

227 889 305 927 lib.
331 889 442 927 XXX
490 885 762 939 “quandoque
805 888 961 937 pudore
1011 882 1164 941 (pudor
1207 887 1301 926 edit.
1339 881 1485 940 princ.)
1537 899 1583 925 ex
1632 888 1793 936 pectore

240 946 421 988 cessit”.'
485 949 607 988 Recte
638 949 774 997 pudor
811 949 847 987 si
877 947 1090 997 scribetur,
1128 946 1361 997 produxisse
1392 949 1556 997 poetam
1594 946 1792 997 syllabam

240 1012 459 1049 extremam
490 1008 748 1049 statuendum
780 1009 841 1047 est
883 1007 1004 1047 sicuti
1047 1008 1115 1046 lib.
1141 1008 1177 1046 X
1202 1021 1240 1046 u.
1268 1008 1351 1046 391
1397 1008 1442 1046 in
1486 1008 1672 1057 lauyuor:
1714 1007 1794 1046 nisi

241 1082 429 1109 caesurae
460 1071 595 1120 potius
626 1070 707 1109 ista
738 1068 950 1119 productio
981 1067 1193 1107 tribuetur.

362 1124 506 1170 1050.
537 1130 693 1169 Nonius
719 1143 756 1180 p.
784 1130 884 1178 484,
912 1130 968 1168 30
996 1125 1172 1179 ‘Sumpti
1196 1141 1270 1178 pro
1296 1130 1492 1179 sumptus.
1520 1159 1528 1166 .
1551 1159 1558 1166 .
1581 1159 1588 1166 .
1614 1127 1793 1167 Lucilius

238 1190 307 1229 lib.
334 1190 444 1229 XXX
477 1187 610 1240 “quid
637 1221 644 1228 .
668 1221 675 1228 .
700 1221 707 1228 .
733 1186 965 1240 potisset''.'
999 1224 1001 1227 .
1029 1189 1090 1227 De
1120 1189 1250 1228 forma
1275 1190 1440 1237 potasset
1469 1188 1563 1226 uide
1596 1187 1648 1227 ad
1676 1188 1746 1226 lib.
1773 1187 1794 1225 I

238 1264 275 1290 u.
299 1251 322 1289 5
357 1250 394 1287 V
418 1264 455 1288 u.
479 1252 576 1290 203.
626 1251 833 1300 sumptum
859 1251 990 1288 facere
1015 1251 1061 1287 ut
1086 1263 1123 1288 u.
1147 1249 1276 1298 1034,
1301 1250 1507 1299 sumptum
1531 1248 1721 1299 praebere
1748 1250 1795 1287 ut

238 1311 306 1350 lib.
326 1310 459 1349 XXVI
484 1324 522 1349 u.
551 1311 648 1349 618.
708 1309 925 1360 Computat
955 1311 1145 1348 meretrix
1178 1310 1369 1348 amatoris
1403 1321 1575 1348 censum.

362 1365 503 1411 1051.
536 1371 691 1410 Nonius
722 1385 761 1421 p.
789 1371 889 1421 493,
916 1371 971 1409 33
1013 1366 1262 1409 ‘Sescentum
1298 1382 1372 1420 pro
1411 1372 1692 1409 sescentorum.
1722 1400 1729 1407 .
1753 1400 1759 1407 .
1784 1400 1791 1407 .

237 1431 344 1470 idem
375 1431 443 1469 lib.
469 1431 581 1470 XXX
614 1428 745 1481 “quid
771 1462 779 1470 .
801 1462 809 1470 .
832 1462 840 1469 .
865 1427 1080 1469 milium”.’
1132 1430 1192 1470 De
1224 1442 1411 1470 mensura
1443 1431 1484 1469 et
1517 1430 1648 1469 forma
1673 1441 1794 1468 uoca-

235 1491 322 1531 buli
359 1491 567 1531 ducentum
604 1491 698 1530 uide
737 1491 790 1530 ad
825 1491 894 1529 lib.
919 1491 1057 1529 XVIH
1081 1504 1119 1529 ιι.
1148 1491 1245 1529 555.
1316 1489 1534 1530 Coniunxit
1570 1490 1646 1529 hoc
1684 1489 1792 1542 frag-

240 1553 421 1591 mentum
453 1564 544 1591 cum
573 1564 694 1591 uersu
728 1551 958 1601 insequenti
988 1551 1215 1590 Muellerus.

359 1606 502 1653 1053.
552 1612 707 1651 Nonius
756 1625 794 1661 p.
822 1612 928 1660 493,
961 1612 1015 1650 31
1069 1608 1320 1664 ‘Sescentum
1374 1623 1448 1660 pro
1505 1611 1787 1650 sescentorum.

235 1672 414 1711 Lucilius
451 1672 519 1712 lib.
539 1672 650 1710 XXX
687 1668 916 1710 “maximus
954 1672 990 1710 si
1026 1672 1198 1721 amentis
1236 1665 1408 1725 (arqeuti
1445 1671 1543 1709 olim
1580 1664 1786 1723 impressi)

236 1734 459 1772 sescentum
490 1744 536 1771 ac
566 1732 676 1771 mille
707 1728 934 1782 reliquit'’.’
997 1731 1119 1770 Errat
1148 1731 1323 1770 Nonius:
1360 1732 1583 1770 sescentum
1614 1742 1694 1768 non
1726 1731 1788 1769 est

237 1793 447 1845 genetiuus
484 1792 553 1831 sed
590 1793 859 1832 accusatiuus:
897 1791 989 1830 uide
1027 1791 1080 1830 ad
1115 1791 1184 1830 lib.
1205 1790 1344 1830 XVIII
1368 1804 1406 1829 u.
1429 1791 1512 1829 555
1553 1791 1595 1829 et
1626 1802 1790 1829 uersum

239 1852 548 1892 antecedentem.
607 1851 823 1891 Coniunxit
846 1852 952 1891 hunc
976 1864 1138 1891 uersum
1162 1864 1253 1891 cum
1279 1851 1531 1890 antecedenti
1562 1851 1788 1902 fragmento

237 1913 451 1952 Muellerus
488 1914 532 1951 in
569 1913 694 1951 Nonii
730 1912 922 1952 editione:
949 1924 1041 1952 —non
1077 1914 1195 1951 recte.
1259 1911 1456 1950 Maximus
1496 1911 1564 1961 qui
1595 1911 1670 1950 hoc
1701 1911 1789 1949 loco

237 1975 469 2012 nominatur
499 1986 579 2012 non
610 1974 745 2023 potuit
769 1985 854 2012 esse
882 1973 962 2012 nisi
986 1973 1253 2012 Maximorum
1277 1971 1574 2011 illustrissimus
1601 1972 1792 2019 omnium,

239 2035 310 2084 qui
340 2033 412 2072 illa
444 2035 576 2072 aetate
607 2033 725 2072 modo
758 2033 999 2072 decesserat:
1038 2033 1205 2071 fratrem
1240 2032 1306 2072 hic
1339 2032 1539 2083 Scipionis
1560 2031 1793 2085 >Aemiliani

241 2093 414 2133 indicari
444 2093 658 2133 statuimus
691 2094 743 2132 ad
767 2093 835 2131 lib.
856 2092 1032 2131 XXVIII
1056 2107 1093 2131 u.
1116 2094 1204 2133 800
1236 2093 1308 2131 ubi
1333 2094 1417 2132 eius
1444 2092 1550 2131 filius
1578 2091 1621 2138 Q.
1645 2091 1794 2130 Fabius

240 2154 439 2193 Maximus
457 2153 740 2206 Allobrogicus
767 2153 999 2193 nominatur
1023 2155 1069 2192 ut
1093 2153 1213 2192 homo
1239 2153 1367 2192 nobili
1392 2165 1535 2204 genere
1561 2154 1601 2191 et
1627 2152 1794 2202 antiquo

241 2215 363 2253 ortus.
425 2214 532 2253 Nam
571 2226 790 2265 cognomen
828 2214 1036 2253 Maximus
1077 2213 1153 2252 hicv
1187 2213 1327 2252 eadem
1370 2225 1461 2251 cum
1498 2213 1698 2265 dignitate
1736 2213 1797 2250 est

244 2275 422 2324 positum
454 2275 574 2323 atque
607 2274 697 2312 aliis
729 2274 828 2312 locis
852 2273 982 2322 Scipio
1013 2273 1143 2312 ueluti
1173 2274 1361 2313 similiter
1388 2272 1524 2312 Cicero
1556 2274 1599 2311 in
1630 2272 1710 2312 Pis.
1740 2272 1794 2310 58

245 2331 295 2372 ‘O
321 2334 465 2373 stultos
499 2333 689 2373 Camillos
717 2333 856 2373 Curios
881 2333 1087 2373 Fabricios
1115 2332 1320 2372 Calatinos
1347 2332 1553 2383 Scipiones
1584 2332 1795 2371 Marcellos

247 2393 441 2433 Maximos
451 2389 475 2431 1'
531 2393 712 2443 Reliquit
740 2394 938 2433 Maximus
972 2407 1089 2444 quem
1114 2406 1219 2432 anno
1246 2394 1328 2432 fere
1355 2388 1556 2445 624s130
1582 2392 1796 2432 decessisse

246 2455 467 2493 statuemus
499 2454 609 2492 mille
641 2455 821 2493 sescenta
851 2454 966 2493 milia
997 2454 1237 2503 sestertium,
1268 2454 1294 2492 i.
1315 2466 1346 2492 e.
1373 2453 1582 2492 denarium
1607 2452 1796 2503 quadrin-

245 2515 367 2565 genta
398 2513 512 2552 milia
538 2515 623 2553 siue
647 2514 802 2553 talenta
829 2515 1036 2566 sexaginta
1062 2527 1130 2553 sex
1154 2515 1285 2553 minas
1313 2513 1599 2565 quadraginta:
1630 2513 1797 2562 reliquit

245 2574 372 2625 igitur
390 2586 474 2612 rem
500 2574 741 2613 familiarem
768 2587 850 2614 non
874 2574 1063 2624 amplam,
1089 2573 1158 2613 sed
1182 2574 1382 2613 modicam
1401 2573 1616 2612 admodum
1635 2573 1796 2623 qualem

247 2634 289 2674 in
319 2634 477 2672 familia
507 2633 635 2673 nobili
666 2634 830 2673 minime
856 2635 1038 2684 expectes
1065 2628 1181 2688 (conf
1201 2633 1469 2683 Marquardtii
1495 2635 1536 2671 et
1559 2632 1796 2672 Mommseni

248 2693 438 2732 enchirid.
465 2693 590 2743 antiq.
617 2694 730 2733 Rom.
757 2693 794 2732 V
827 2689 893 2747 [ed
916 2690 1051 2746 1884]
1083 2707 1121 2744 p.
1143 2687 1231 2747 55).
1293 2693 1450 2732 Reuera
1489 2693 1637 2732 Fabius
1670 2692 1795 2731 modi-

250 2765 338 2791 cam
368 2753 646 2792 tantummodo
678 2753 853 2793 habebat
882 2766 967 2793 rem
998 2754 1258 2793 familiarem:
1291 2766 1414 2804 quare
1441 2755 1602 2792 auctore
1627 2751 1795 2801 Polybio

247 2812 399 2851 XXXII
421 2814 489 2862 14,
516 2813 540 2852 3
569 2809 589 2851 ὁ
617 2810 658 2852 δὲ
679 2813 863 2853 Σκιπίων
882 2816 1050 2866 θεωρῶν
1069 2811 1194 2852 αὑτοῦ
1212 2811 1282 2853 τὸν
1302 2811 1477 2863 ἀδελφὸν
1495 2809 1797 2864 καταδεέστερον

249 2869 344 2911 ὄντα
388 2874 470 2918 τοῖς
512 2870 760 2924 ὑπάρχουσιν
797 2870 1008 2925 ἐξεχώρησε
1044 2871 1206 2912 πάντων
1246 2877 1325 2911 τῶν
1363 2870 1641 2925 ὑπαρχόντων,
1673 2868 1797 2922 οὔσης

250 2936 321 2983 τῆς
358 2929 453 2982 ὅλης
495 2930 688 2982 τιμήσεως
724 2929 824 2984 ὑπὲρ
861 2930 1052 2983 ἑξήκοντα
1089 2931 1256 2970 τάλαντα
1297 2929 1363 2970 διὰ
1400 2930 1443 2970 τὸ
1482 2928 1634 2982 μέλλειν
1671 2929 1797 2978 οὕτως

252 2990 340 3030 ἴσον
370 2988 559 3043 ὑπάρχειν
590 2989 696 3046 αὐτῷ
724 2989 823 3030 κατὰ
846 2989 920 3042 τὴν
945 2989 1088 3030 οὐσίαν
1112 2989 1182 3030 τὸν
1210 2990 1366 3043 Φάβιον
1396 2994 1474 3030 κτλ.
1501 2985 1640 3044 (quem
1664 2991 1797 3030 locum

254 3050 462 3102 exscripsit
504 3050 703 3090 Diodorus
746 3050 878 3089 XXXI
910 3052 985 3101 27,
1018 3045 1076 3105 6).
1150 3050 1385 3101 Reliquerat
1431 3050 1559 3103 igitur
1600 3050 1797 3091 Aemilius
