2060 3444
902 273 936 310 11
960 285 996 310 u.
1026 276 1175 310 ἰε-81.
1756 274 1810 317 37

267 389 372 430 Pers.
398 389 419 429 I
446 390 502 429 20
540 385 672 441 Titos]
707 419 715 427 .
744 418 751 426 .
780 419 787 427 .
821 401 845 428 a
881 388 1050 429 membri
1088 389 1217 429 uirilis
1253 389 1532 442 magnitudine
1577 388 1674 429 dicti
1712 389 1813 429 Titi:

266 450 363 490 conf
388 448 654 490 Buechelerus
695 449 845 489 archiu.
876 449 988 488 lexic.
1014 448 1103 490 Lat.
1128 449 1170 489 H
1199 449 1311 490 1885
1344 463 1383 501 p.
1413 450 1510 489 118.
1571 448 1720 502 Agitur
1750 449 1813 489 his

266 509 446 550 uersibus
459 508 606 550 Lucilii
625 522 704 549 non
724 509 772 548 de
792 508 929 560 Priapi
948 510 1075 561 signo,
1096 510 1191 560 quia
1209 509 1327 549 deum
1345 509 1674 560 Lampsacenum,
1695 523 1813 561 quem

265 571 462 610 memorat
504 568 697 609 Afranius
740 571 891 621 primus
934 563 1126 622 (Macrob.
1153 568 1236 609 Sat.
1262 569 1321 608 VI
1348 571 1387 620 5,
1414 564 1479 622 6),
1523 570 1594 610 illo
1633 571 1812 622 tempore

266 630 417 670 cultum
463 642 547 670 esse
590 630 742 670 Romae
785 643 928 681 parum
973 631 1147 679 constat,
1197 630 1265 669 sed
1308 630 1356 670 de
1400 630 1514 682 signo
1561 630 1690 681 phalli
1733 643 1813 682 quo

264 690 480 731 utebantur
510 691 708 730 fascinum
740 691 786 729 ut
816 689 1070 742 depellerent.
1134 688 1213 730 Sed
1244 702 1334 729 cum
1365 690 1540 731 infantes
1582 692 1736 730 constet
1772 692 1813 731 et

264 751 452 802 puerulos
502 750 697 791 eiusmodi
733 750 900 793 ,fascina
949 751 1125 803 gestasse
1168 744 1291 804 (Plin.
1323 751 1406 791 nat.
1435 750 1528 791 hist.
1553 750 1728 791 XXVHI
1755 751 1809 791 39

264 811 378 852 Varr.
405 811 454 851 de
479 811 504 850 1.
530 810 574 850 L.
601 810 681 850 VH
709 803 784 865 97)
817 823 919 862 quae
944 823 1025 849 una
1051 822 1140 850 cum
1165 810 1278 850 bulla
1302 810 1570 862 deposuerint,
1600 811 1707 850 hunc
1733 823 1812 862 quo

265 871 313 912 de
344 871 479 925 agitur
509 870 712 911 hominem
742 871 950 923 proprium
982 883 1099 910 suum
1137 870 1213 911 sibi
1250 870 1436 911 habuisse
1474 872 1633 923 signum
1668 871 1812 922 proba-

262 932 343 972 bile
368 934 429 972 est
454 931 561 983 quod
586 931 650 971 uel
674 932 718 971 in
745 931 866 970 anulo
888 930 956 970 uel
977 930 1076 970 alibi
1095 932 1316 982 gestauerit
1335 925 1435 984 (Cic.
1457 931 1507 971 ad
1527 930 1570 977 Q.
1592 931 1638 970 fr.
1659 931 1679 970 Ι
1702 932 1738 982 1,
1756 932 1809 971 13

263 991 365 1032 Plin.
391 1005 452 1044 ep.
478 992 529 1031 ad
556 991 661 1031 Trai.
691 985 784 1045 74):
830 990 935 1042 quod
978 1003 1099 1042 quam
1142 991 1299 1044 egregie
1338 991 1554 1031 Scaeuolae
1598 992 1812 1031 conueniat

264 1053 538 1093 enarrauimus
587 1051 766 1104 prolegg.
810 1065 847 1102 p.
886 1050 1004 1089 XLV.
1064 1073 1122 1078 ——-
1173 1047 1378 1105 subrecto]
1427 1053 1534 1091 recte
1584 1051 1722 1091 Dousa
1771 1053 1812 1091 et

265 1112 444 1165 Scaliger
467 1112 702 1163 posuerunt:
729 1111 825 1151 conf
846 1111 996 1151 Arnob.
1029 1111 1118 1151 adu.
1151 1114 1257 1163 gent.
1284 1112 1322 1149 V
1349 1112 1403 1151 28
1437 1126 1474 1164 p.
1505 1113 1603 1161 199,
1630 1112 1703 1152 8R
1736 1109 1811 1152 “in

261 1171 398 1212 Liberi
428 1172 617 1213 honorem
648 1172 775 1224 patris
813 1171 971 1223 phallos
1008 1171 1182 1224 subrigit
1225 1169 1438 1222 Graecia’',
1467 1173 1521 1212 29
1560 1186 1597 1223 p.
1627 1173 1726 1223 200,
1754 1173 1807 1212 13

264 1229 338 1272 “hi
356 1233 498 1285 phalli,
523 1245 622 1284 quos
641 1245 714 1283 per
731 1244 826 1271 rura
850 1245 922 1284 per
947 1232 1096 1284 oppida
1120 1245 1206 1272 mos
1233 1229 1452 1285 subrigit'’,
1473 1234 1526 1273 39
1560 1247 1598 1283 p.
1627 1233 1726 1285 208,
1754 1233 1808 1273 28

265 1289 525 1345 “phallorum
545 1293 617 1332 illa
642 1292 964 1343 fascinonmque
989 1290 1235 1343 subrecti0’',
1259 1292 1318 1332 IV
1346 1294 1400 1332 14
1426 1307 1464 1345 p.
1495 1294 1594 1344 152,
1614 1294 1640 1332 4
1668 1289 1810 1346 “geni-

260 1353 410 1394 talibus
447 1349 702 1394 subrectis’'.'
733 1374 782 1379 —-
813 1348 931 1406 opus]
973 1355 1056 1393 erat
1093 1354 1302 1393 omissum:
1342 1354 1385 1392 in
1425 1353 1810 1406 interrogationibus

261 1413 456 1454 eiusmodi
499 1413 664 1453 uerbum
709 1412 1004 1455 substantiuum
1053 1426 1170 1464 saepe
1220 1413 1354 1453 omitti
1404 1414 1520 1454 docet
1556 1414 1618 1453 W.
1640 1412 1809 1454 Olsenus

261 1473 421 1521 Quaest.
448 1474 578 1513 Plaut.
605 1473 653 1513 de
679 1470 786 1513 u'erb.
813 1473 935 1512 subst.
962 1487 1000 1524 p.
1025 1474 1080 1512 84
1090 1487 1198 1525 seqq.
1224 1473 1404 1525 Propert.
1425 1474 1466 1512 ΙΙ
1493 1475 1531 1524 6,
1559 1474 1613 1514 25
1643 1471 1811 1526 ‘templa

260 1534 485 1574 Pudicitiae
511 1534 609 1585 quid
635 1546 733 1585 opus
759 1534 948 1575 statuisse
972 1530 1134 1586 puellis'
1163 1533 1308 1574 Tibull.
1334 1534 1356 1575 Ι
1383 1535 1420 1585 6,
1442 1535 1497 1574 33
1527 1531 1648 1582 ‘Quid
1671 1536 1809 1575 tenera

260 1595 337 1634 tibi
362 1596 530 1647 coniuge
556 1591 697 1645 opus?’
745 1592 824 1634 Cic.
845 1593 897 1635 ad
921 1592 1007 1634 Att.
1027 1594 1087 1634 VI
1107 1595 1146 1644 2,
1171 1595 1194 1634 9
1224 1591 1318 1634 ‘Sed
1342 1594 1425 1634 iam
1452 1595 1548 1645 quid
1574 1607 1672 1646 opus
1699 1595 1808 1646 equi-

260 1652 393 1694 tatu?
439 1654 571 1694 Plaut.
604 1653 744 1694 Pseud.
773 1655 858 1694 349
900 1651 1020 1700 ‘Quid
1064 1666 1164 1705 opus
1208 1651 1386 1706 gladio‘?'
1438 1654 1539 1694 Rud.
1569 1655 1652 1694 118
1697 1652 1810 1707 ‘quid

261 1727 361 1766 opus
394 1714 623 1755 adulescens
632 1711 666 1752 ⁴?’
698 1735 748 1741 —
778 1715 825 1752 ut
853 1710 1097 1767 lurcaretur]
1126 1714 1369 1754 uocabulum
1393 1727 1473 1755 non
1499 1714 1615 1755 nouit
1638 1715 1809 1767 palliata

259 1774 396 1815 Plauti
427 1775 468 1816 et
498 1774 687 1815 Terentii.
726 1773 966 1814 Helluonem
996 1773 1096 1814 facit
1126 1775 1334 1815 accusator
1369 1788 1500 1825 reum,
1541 1776 1612 1826 qui
1647 1775 1808 1815 suillam

260 1834 454 1875 deuorare
497 1834 639 1875 solitus
679 1835 732 1874 sit
768 1834 888 1874 sicuti
925 1833 1066 1875 Gallus
1111 1831 1269 1887 ‘pingui
1316 1835 1452 1875 tentus
1500 1833 1651 1876 omaso’
1701 1835 1809 1887 apud

259 1895 474 1936 Horatium
507 1889 639 1950 (serm.
666 1894 708 1934 H
734 1895 773 1943 5,
799 1889 876 1949 40)
909 1896 981 1935 aut
1013 1891 1169 1947 ‘pingui
1201 1896 1341 1946 pastus
1378 1893 1511 1935 taxea’
1551 1896 1659 1948 apud
1688 1895 1807 1936 Afra-

259 1956 373 1997 nium
402 1957 445 1995 in
476 1955 601 1996 Prosa
633 1949 740 2010 (284
749 1949 823 2009 R),
855 1968 946 1996 cum
977 1955 1180 1995 Romanus
1213 1955 1267 1995 sit
1296 1956 1560 2009 pultiphagus
1590 1956 1807 2008 laudetque

259 2015 416 2067 lapathi
458 2016 629 2057 uirtutes
665 2014 827 2056 Laelius
870 2015 979 2069 apud
1019 2014 1222 2057 Lucilium
1264 2016 1403 2056 incert.
1435 2030 1472 2056 u.
1508 2017 1635 2057 1235.
1704 2017 1807 2058 Tota

259 2076 444 2118 carnaria
473 2076 544 2117 ille
575 2075 768 2116 conficere
799 2075 966 2116 dicitur:
1003 2088 1099 2117 nam
1129 2077 1359 2117 carnarium
1390 2077 1451 2116 est
1480 2077 1610 2126 locus,
1646 2078 1689 2116 in
1728 2090 1807 2128 quo

259 2133 458 2178 succidiae
495 2135 736 2187 conduntur,
780 2136 875 2176 conf
910 2134 1009 2176 Cato
1047 2135 1095 2176 de
1139 2137 1227 2188 agri
1271 2138 1364 2177 cult.
1394 2138 1492 2187 162,
1518 2138 1543 2177 3
1577 2137 1693 2177 Varr.
1731 2151 1805 2177 rer.

258 2198 356 2237 rust.
381 2197 424 2237 H
450 2197 488 2246 4,
516 2197 540 2236 3
576 2193 664 2247 ‘qui
692 2209 773 2236 non
805 2195 980 2237 audierit
1009 2197 1145 2247 patres
1176 2198 1333 2237 nostros
1371 2196 1501 2237 dicere
1538 2198 1733 2249 ignauum
1766 2199 1808 2238 et

259 2258 540 2309 sumptuosum
570 2269 666 2307 esse,
698 2255 769 2308 qui
799 2256 1016 2296 succidiam
1040 2256 1084 2296 in
1109 2258 1291 2297 carnario
1317 2257 1571 2309 suspenderit
1594 2259 1729 2309 potius
1756 2258 1806 2299 ab

259 2317 431 2358 laniario
470 2330 593 2368 quam
630 2329 651 2356 e
689 2316 905 2359 domestico
943 2316 1066 2357 fundo
1076 2314 1110 2355 ‘P’
1161 2317 1304 2369 Itaque
1348 2319 1531 2358 carnaria
1574 2318 1681 2359 idem
1723 2318 1806 2359 fere

260 2377 460 2430 significat
490 2377 597 2429 quod
627 2376 784 2418 lardum
816 2377 903 2418 siue
937 2377 1123 2418 succidia.
1163 2399 1213 2404 —
1254 2374 1411 2431 fartim]
1453 2378 1688 2418 aduerbium
1723 2379 1806 2429 tra-

261 2438 391 2478 ctauit
428 2436 662 2478 Skutschius
712 2437 817 2477 Berl.
858 2437 960 2477 Phil.
1011 2437 1334 2478 Wochenschrift
1363 2436 1460 2478 XIV
1494 2439 1608 2478 1894
1651 2452 1691 2490 p.
1720 2439 1804 2479 138

259 2497 334 2538 XV
362 2498 475 2538 1895
501 2511 540 2549 p.
568 2497 701 2536 1448:
734 2497 829 2537 conf
849 2497 931 2538 Leo
958 2497 1008 2537 ad
1033 2497 1166 2538 Plaut.
1191 2497 1276 2537 Mil.
1303 2498 1328 2538 8
1361 2498 1533 2538 Mostell.
1564 2499 1646 2538 169
1678 2498 1804 2539 Gloss.

260 2557 391 2598 Plaut.
411 2557 576 2598 Ritschl.
597 2570 731 2609 opusc.
750 2557 793 2597 H
811 2571 848 2609 p.
866 2558 949 2597 252
971 2557 1092 2609 Apul.
1112 2559 1272 2598 metam.
1292 2558 1334 2598 H
1350 2559 1373 2597 7
1396 2557 1544 2598 Auson.
1564 2558 1717 2598 Mosell.
1736 2559 1804 2598 86.

262 2617 339 2656 Sed
369 2617 488 2668 plane
519 2617 715 2670 singulari
748 2618 823 2657 hoc
838 2632 840 2634 ·
854 2617 1002 2657 Lucilii
1039 2618 1126 2657 loco
1163 2618 1341 2669 positum
1379 2620 1439 2658 est
1476 2618 1615 2658 fartim
1653 2618 1804 2671 signifi-

261 2678 432 2718 catione:
465 2677 667 2730 significat
697 2678 803 2717 enim
834 2677 1077 2718 inferciendo
1110 2679 1195 2717 siue
1224 2677 1451 2718 deuorando
1478 2692 1606 2730 neque
1631 2679 1806 2730 pertinet

261 2737 314 2778 ad
343 2739 427 2778 coci
459 2739 586 2777 artem
611 2737 680 2777 sed
705 2737 757 2776 ad
782 2737 1008 2778 comedonis
1035 2738 1289 2778 auiditatem:
1313 2750 1437 2788 porro
1463 2740 1680 2790 temptaui:
1712 2751 1804 2779 con-

260 2797 395 2837 ficeret
426 2800 471 2837 ut
501 2797 569 2837 lib.
595 2797 705 2836 XXX
730 2810 768 2836 u.
797 2798 909 2837 1091
946 2795 1121 2838 ‘conficit
1150 2800 1236 2848 ipse
1271 2796 1527 2849 comestque'.

382 2851 460 2898 81.
493 2856 698 2898 Charisius
731 2856 798 2898 GL
823 2857 844 2896 I
874 2871 912 2909 p.
941 2858 1010 2907 82,
1037 2858 1111 2898 5K
1156 2855 1274 2898 ‘Iuris
1313 2859 1518 2898 consultus
1556 2858 1636 2898 dici
1676 2858 1804 2909 debet,

261 2930 342 2957 non
371 2918 460 2957 iure
490 2918 712 2967 consultus3
747 2918 843 2957 licet
874 2916 1010 2957 Cicero
1044 2931 1117 2968 pro
1148 2918 1317 2958 Murena
1349 2912 1446 2973 (27)
1478 2918 1538 2958 ita
1569 2918 1733 2969 dixerit,
1765 2920 1805 2958 et

260 2976 438 3017 Lucilius
462 2976 505 3016 II
543 2973 622 3015 “ut
659 2978 746 3016 iure
782 2974 995 3028 peritus''.’
1065 2977 1344 3019 Lachmannus
1381 2977 1581 3018 Lucilium
1620 2976 1682 3018 ‘ut
1716 2980 1804 3019 iure

260 3034 428 3088 peritus’
462 3035 684 3077 arbitratur
718 3038 939 3088 scripsisse,
970 3037 1013 3076 L.
1034 3038 1248 3078 Muellerus
1288 3036 1388 3077 ‘iure
1421 3036 1662 3079 Consultus’.
1726 3039 1804 3078 Sed
