2060 3444
771 265 873 301 XXX
897 278 934 301 u.
963 268 1212 301 1063—1066.
1614 282 1649 306 ι
1682 262 1769 307 339

217 381 462 431 comparatis
506 379 712 419 uocabulis
757 377 902 432 βλέννοι
946 376 1110 431 βλέννος
1153 377 1398 431 βλεννώδηςε
1448 379 1623 417 testatur
1664 378 1771 417 idem

217 439 441 491 Hesychius
482 451 571 478 S.u.
615 437 750 492 βλένα·
797 437 912 491 μύξα.
975 438 1017 478 οἵ
1057 436 1099 478 δὲ
1144 436 1210 478 διὰ
1253 443 1323 477 τοῦ
1367 452 1397 476 π
1441 435 1565 485 πλὲνα
1602 440 1643 477 et
1681 451 1710 477 s.
1731 451 1770 477 u.

217 498 397 540 πλένναι·
442 499 571 552 μύξαι.
640 499 784 550 Itaque
826 500 974 538 rectius
1022 499 1099 538 erit
1143 511 1302 538 seruare
1346 498 1452 549 apud
1498 497 1701 538 Lucilium
1744 512 1770 549 p

217 561 399 601 litteram
442 559 646 599 traditam.
722 558 921 610 Quicquid
970 561 1106 611 inepte
1150 559 1421 608 deblaterant,
1470 559 1653 610 stupidus
1702 559 1771 598 ille

219 621 454 661 assentitur:
486 620 643 660 Terent.
670 621 771 660 Eun.
794 621 877 659 251
924 616 1137 671 ‘quidquid
1175 619 1331 669 dicunt,
1369 618 1509 669 laud03
1540 619 1583 658 id
1613 632 1771 658 rursum

218 681 254 721 si
285 682 447 732 negant,
478 680 599 719 laudo
631 681 673 720 id
705 693 882 732 quoque3
913 683 1036 732 negat
1062 681 1164 731 quis,
1195 693 1315 732 nego:
1348 680 1418 730 ait,
1450 680 1537 718 aio:
1568 681 1772 730 postremo

218 741 418 792 imper-aui
468 742 625 793 egomet
673 740 773 779 mihi
822 742 958 780 omnia
1008 737 1240 790 adsentari’,
1290 740 1315 778 i.
1347 752 1379 778 e.
1422 740 1529 790 quod
1572 739 1772 779 Diodorus

219 801 392 841 comicus
437 800 551 840 OAF
583 801 625 840 Π
661 815 699 852 p.
727 802 833 852 421,
867 801 920 841 35
942 800 984 839 K>
1023 801 1122 840 dicit
1172 813 1255 840 esse
1305 801 1505 851 parasitos
1550 797 1638 852 οὐχὶ
1680 799 1774 847 τοὺς

219 860 494 915 χαριεστάτους
516 893 524 900 .
547 893 553 900 .
576 893 584 900 .
603 860 697 909 τοὺς
717 858 759 901 δὲ
778 860 1008 901 κολακεύειν
1029 858 1279 913 δυναμένους
1299 858 1366 900 καὶ
1384 855 1494 899 πάντ’
1511 858 1700 900 ἐπαινεῖν.
1714 881 1774 887 -

219 921 433 962 Rusticum
475 923 518 961 in
563 934 659 962 cena
699 922 909 961 Vulteium
957 921 1117 961 Menam
1167 921 1326 960 induxit
1368 921 1563 960 Horatius
1607 921 1721 972 epist.
1755 920 1775 959 Ι

282 977 300 1036 <
347 977 490 1083 1)064.
540 1042 696 1082 Nonius
746 1056 784 1093 p.
812 1043 916 1092 298,
944 1043 996 1081 31
1052 1039 1282 1091 ‘Excutere,
1342 1041 1561 1092 excludere,
1610 1041 1773 1080 deicere.

105 1143 144 1171 ,³
224 1135 231 1142 .
254 1134 262 1142 .
285 1134 292 1142 .
318 1102 497 1142 Lucilius
517 1102 587 1141 lib.
606 1103 717 1141 XXX
743 1099 862 1153 “ipso
883 1133 891 1141 .
908 1134 915 1140 .
931 1133 939 1140 .
961 1098 1270 1142 excutiamus''.'
1321 1101 1398 1149 Qui
1423 1102 1572 1141 dicitur
1590 1101 1774 1140 dominus

221 1163 384 1202 uidetur
426 1175 511 1202 esse
556 1162 734 1202 conuiuii
778 1163 978 1202 exhibitor
1017 1163 1137 1202 sicuti
1180 1162 1249 1201 lib.
1269 1162 1328 1200 VI
1353 1176 1390 1200 u.
1413 1163 1517 1201 241:
1562 1161 1776 1201 excanduit

221 1223 396 1263 conuiua
433 1224 473 1262 et
511 1235 599 1262 eum
638 1224 708 1274 qui
744 1224 923 1274 proxime
962 1222 1129 1262 accubat
1166 1223 1353 1262 hortatur
1390 1224 1436 1261 ut
1473 1234 1608 1261 secum
1639 1235 1774 1261 omnes

222 1284 321 1323 istos
352 1296 464 1335 reges
497 1296 579 1322 una
610 1295 700 1322 cum
731 1282 893 1322 domino
925 1281 993 1332 λὰξ
1026 1282 1124 1323 ποδί
1152 1283 1272 1322 eiciat
1303 1295 1324 1321 e
1355 1283 1546 1322 triclinio.

346 1338 488 1383 1065.
514 1344 669 1383 Nonius
694 1357 734 1394 p.
757 1345 853 1394 117,
881 1344 936 1383 33
958 1340 1149 1390 ‘Gemma
1174 1344 1316 1396 gulosi.
1367 1342 1546 1382 Lucilius
1571 1343 1640 1382 lib.
1665 1343 1776 1382 XXX

224 1401 327 1444 “illo
361 1403 456 1455 quid
486 1403 558 1443 fiat
588 1404 712 1443 lamia
744 1405 784 1443 et
801 1405 903 1453 pitto
927 1405 1141 1443 iaeiodontes
1166 1404 1275 1455 quod
1300 1405 1471 1443 ueniunt
1492 1405 1643 1454 yemiae
1667 1403 1776 1442 illiae

223 1465 383 1504 uetulae
420 1464 613 1515 inprobae
649 1461 873 1515 ineptae''.’
937 1465 1086 1504 Lamia
1118 1467 1152 1504 et
1192 1464 1300 1503 Bitto
1333 1463 1490 1515 scripsi:
1523 1464 1600 1503 ΑΡ
1624 1463 1662 1501 V
1690 1464 1773 1502 206

224 1525 269 1564 αἱ
304 1523 455 1576 Σάμιαι
492 1522 616 1563 Βιττὼ
655 1522 721 1564 καὶ
754 1523 937 1563 Νάννιον
974 1523 1032 1572 εἷς
1058 1520 1296 1577 Ἀφροδίτης
1333 1530 1479 1575 φοιτᾶν
1516 1527 1599 1571 τοῖς
1637 1522 1774 1571 αὐτοῖς

225 1583 300 1624 οὐκ
342 1582 525 1624 ἐθέλουσι
568 1582 706 1636 νόμοις
744 1583 920 1623 Kaibelii
957 1583 1035 1623 EG
1063 1585 1147 1624 232
1187 1582 1310 1623 Βιττὼ
1354 1582 1421 1623 καὶ
1465 1583 1630 1633 Φαινίς,
1676 1583 1774 1635 φίλη

217 1640 384 1697 τΗμέιρη,
410 1644 455 1683 αἱ
477 1642 682 1697 ξυνέριθοι
708 1644 752 1684 αἱ
772 1642 951 1698 πενιχραὶ
973 1647 1106 1698 γραῖαι
1133 1640 1220 1700 τῇδ’
1244 1642 1460 1696 ἕκλίθημεν
1481 1642 1583 1696 ὁμοῦ
1604 1638 1775 1698 (1136).

225 1705 457 1755 ooeyodontes
488 1703 685 1756 Scaliger,
722 1706 828 1743 recte
866 1706 1019 1755 opinor,
1058 1705 1216 1744 etiamsi
1246 1705 1462 1744 ixiodontes
1492 1706 1517 1742 i.
1545 1717 1576 1742 e.
1609 1705 1776 1743 uiscatis

227 1764 411 1805 dentibus
449 1764 522 1803 alii
558 1764 821 1804 defenderunt
857 1765 965 1816 quod
1001 1765 1163 1804 uidetur
1199 1765 1318 1804 nimis
1360 1764 1573 1804 artificiose
1612 1764 1775 1803 dictum.

227 1824 374 1865 Catull.
398 1824 535 1863 XXIII
562 1826 586 1864 3
626 1821 782 1864 ‘uerum
819 1827 879 1865 est
916 1827 957 1865 et
993 1827 1110 1876 pater
1146 1827 1187 1864 et
1222 1837 1396 1864 nouerca
1437 1837 1606 1875 quorum
1638 1824 1776 1863 dentes

227 1886 293 1924 uel
324 1885 476 1925 silicem
507 1897 679 1925 comesse
710 1882 904 1936 possunt'.
967 1886 1089 1924 Recte
1127 1885 1269 1924 deinde
1305 1886 1557 1936 transposuit
1598 1884 1778 1937 Scaliger

228 1945 466 1996 scripsitque
507 1945 600 1984 illac
639 1946 817 1995 gumiae:
869 1946 1108 1997 archetypus
1151 1946 1295 1985 habuit
1343 1946 1403 1985 illi
1449 1946 1608 1995 yumiae
1657 1957 1779 1995 supra

229 2007 378 2056 scripto
411 2017 468 2055 ae,
499 2005 723 2045 masculina
759 2006 888 2045 forma
928 2008 1026 2045 nata
1067 2007 1154 2045 erat
1185 2020 1206 2045 e
1237 2006 1436 2045 lemmate.
1498 2005 1669 2044 Restant
1699 2005 1779 2044 tria

229 2066 409 2117 epitheta
453 2066 590 2116 qualia
632 2066 823 2118 leguntur
864 2079 927 2117 ap.
962 2065 1040 2105 Cic.
1067 2066 1118 2105 ad
1155 2065 1241 2105 Att.
1267 2066 1325 2104 IX
1353 2067 1425 2116 10,
1454 2067 1478 2104 2
1523 2065 1625 2105 med.
1660 2062 1780 2105 ‘sicut

230 2124 273 2166 ἐν
298 2128 379 2173 τοῖς
405 2123 603 2178 ἐρωτικοῖς
628 2126 859 2165 alienantur
882 2126 1111 2166 immundae
1135 2126 1312 2166 insulsae
1336 2122 1574 2165 indecorae’.
1621 2127 1780 2175 qumiae

230 2186 402 2225 formam
444 2187 645 2225 testantur
686 2187 859 2226 tesserae
902 2186 1074 2226 lusoriae
1119 2186 1250 2226 editae
1304 2186 1354 2225 ab
1397 2186 1598 2225 Huelseno
1641 2186 1778 2225 Roem.

230 2246 391 2285 Mitteil.
417 2245 475 2284 XI
502 2246 615 2284 1896
648 2259 687 2296 p.
709 2247 813 2295 230,
853 2245 1053 2286 Ciceronis
1092 2246 1192 2286 codd
1227 2247 1270 2285 in
1307 2258 1426 2285 uersu
1462 2246 1612 2285 Lucilii
1642 2246 1779 2285 incert.

231 2319 270 2344 u.
300 2306 434 2355 1237,
471 2305 665 2356 Apuleius
709 2306 757 2344 de
800 2318 905 2358 mag.
934 2307 1008 2345 57:
1043 2308 1196 2356 yomiae
1231 2307 1460 2346 Muellerus.
1529 2306 1780 2345 Vocabulum

233 2379 280 2405 ex
323 2365 565 2405 Vmbrorum
617 2366 757 2418 lingua
808 2366 979 2416 petitum
1029 2379 1112 2406 esse
1168 2367 1315 2406 statuit
1369 2366 1635 2405 Buechelerus
1678 2366 1779 2404 Mus.

233 2425 357 2464 Rhen.
390 2425 581 2464 XXXVII
615 2426 727 2464 1882
767 2440 804 2477 p.
839 2427 943 2465 523:
987 2426 1194 2477 proprium
1235 2428 1295 2466 est
1325 2426 1492 2475 Lucilii,
1537 2439 1557 2465 e
1601 2438 1780 2465 sermone

233 2486 428 2525 castrensi
469 2486 651 2536 petitum.
714 2486 762 2525 In
804 2486 953 2525 tabulis
994 2486 1178 2538 Iguuinis
1222 2486 1279 2524 VI
1305 2486 1341 2524 A
1369 2486 1423 2525 58
1462 2487 1497 2525 si
1536 2487 1669 2536 qomia
1710 2487 1788 2534 tris

235 2546 254 2584 I
285 2545 322 2584 A
356 2547 378 2584 7
422 2546 503 2594 tres
545 2547 607 2596 sif
642 2546 803 2595 kumiaf'
845 2546 1070 2598 significare
1120 2546 1282 2586 uidetur
1324 2549 1401 2586 tres
1442 2558 1533 2585 sues
1572 2547 1780 2596 yram'das,

236 2607 442 2646 seruatum
498 2617 581 2645 esse
637 2607 867 2646 etiamnunc
915 2606 1158 2646 uocabulum
1206 2606 1461 2646 Lucilianum
1512 2607 1632 2646 sicuti
1680 2606 1782 2644 illud

236 2666 410 2715 demayis
439 2665 508 2704 lib.
527 2665 623 2704 XVI
648 2679 685 2705 u.
708 2666 792 2705 528
825 2667 867 2704 in
898 2666 1040 2717 lingua
1064 2666 1299 2717 Hispanica,
1330 2666 1401 2705 ubi
1423 2668 1557 2715 yomia
1582 2666 1783 2717 significat

235 2725 462 2764 helluonem
493 2725 558 2764 uel
588 2725 840 2775 manducum,
871 2726 1072 2765 intellexit
1103 2726 1328 2765 Fridericus
1360 2726 1522 2765 Diezius
1554 2726 1780 2777 Etymolog.

237 2784 525 2823 Woerterbuch
559 2785 595 2822 d.
621 2797 718 2824 rom.
746 2785 832 2835 Spr.
866 2779 934 2839 (ed
957 2785 994 2822 V
1027 2786 1190 2824 Bonnae
1226 2781 1359 2839 1887)
1390 2799 1428 2837 p.
1451 2786 1548 2824 456.
1611 2785 1783 2824 Dubitat

238 2845 357 2895 poeta
406 2856 525 2883 cenae
574 2844 756 2883 sordidae
805 2845 996 2884 interesse
1046 2858 1124 2895 quo
1173 2846 1332 2884 uocarit
1375 2844 1557 2884 dominus
1603 2845 1782 2883 conuiuii

239 2905 370 2943 scorta
407 2903 485 2942 duo
521 2903 665 2953 putida
703 2906 743 2942 et
780 2904 977 2943 obsoleta:
1014 2904 1274 2943 Volumniam
1312 2903 1530 2955 Cytherida
1571 2904 1782 2954 pulchram

241 2965 281 3002 et
311 2964 482 3002 facetam
507 2965 673 3002 uocarat
697 2963 952 3013 Eutrapelus,
984 2965 1095 3003 cuius
1121 2965 1306 3003 conuiuio
1332 2976 1373 3003 se
1398 2964 1627 3003 interfuisse
1652 2964 1782 3015 lepide

240 3024 380 3062 narrat
409 3023 462 3061 M.
489 3023 645 3062 Tullius
676 3024 791 3073 epist.
811 3023 867 3061 IX
894 3024 963 3062 26.

1425 3090 1495 3126 22*
