2060 3444
907 250 925 287 I
948 263 984 288 11.
1011 252 1164 288 49-60,
1750 246 1808 291 25

261 382 402 421 causa,
446 367 552 420 quod
595 369 697 407 teste
735 365 944 406 Athenaeo
983 366 1007 405 l.
1029 378 1057 404 8.
1097 363 1170 404 οὐκ
1207 361 1259 403 ἂν
1297 361 1464 416 ἁμάρτοι
1501 377 1560 411 τις
1597 360 1720 416 λέγων
1761 356 1811 410 ὗς

261 424 364 470 εἶναι
395 427 634 475 θαλαττίους
665 425 758 475 τοὺς
790 426 985 475 θύννους.
1017 447 1076 453 —

383 489 450 530 50.
495 488 794 529 aduenimtibus
851 486 949 538 quid
998 487 1052 525 sib
1101 485 1312 537 intellegas
1367 483 1610 535 comparatis
1654 482 1811 534 Diphili

261 549 442 590 uersibus
474 543 634 603 (fragm.
659 550 711 588 17
740 548 781 587 Π
812 561 849 598 p.
873 548 957 587 545
985 540 1135 600 Kock):

1068 635 1138 681 τῆς
1169 627 1307 682 τέχνης

477 691 670 748 ἡγεμονία
700 692 758 741 τίς
789 690 894 732 ἐστιν
925 690 1063 744 αὐτῆς,
1095 684 1126 730 ὦ
1157 689 1292 742 πάτερ,

478 754 521 795 τὸ
552 759 631 794 τῶν
662 750 862 805 ἐδομένων
894 750 940 791 τὰ
972 750 1144 803 στόματα
1175 747 1413 803 προειδέναι.

479 809 565 855 οἷον
591 808 769 861 Ῥοδίους
799 810 1001 864 κέκληκας·
1034 810 1244 851 εἰσιοῦσι
1276 808 1346 857 δὸς

479 872 606 922 εὐθὺς
637 872 715 914 ἀπὸ
747 876 902 926 θερμοῦ
933 870 1006 924 τὴν
1039 870 1212 924 μεγάλην
1244 869 1379 918 αὐτοῖς
1411 869 1558 910 σπάσαι

481 932 673 982 ἀποζέσας
704 933 891 987 σίλουρον
921 929 948 984 ἢ
979 931 1129 985 λεβίαν,
1160 925 1221 982 ἐφ’
1256 921 1287 986 ᾧ

479 997 610 1049 χαριεῖ
633 993 735 1034 πολὺ
767 995 916 1046 μᾶλλον
947 990 974 1045 ἢ
1007 991 1180 1045 μυρίνην
1212 988 1465 1045 προσεγχέαςε

264 1105 342 1144 quo
387 1093 473 1132 loco
517 1093 610 1131 iwra
649 1091 766 1130 siluri
811 1084 926 1144 (conf
959 1103 995 1128 u.
1025 1083 1101 1143 54)
1140 1087 1447 1127 aduenientibus
1486 1088 1534 1126 ut
1571 1087 1716 1126 dentur
1752 1087 1815 1126 lex

262 1153 428 1204 ponitur
459 1151 692 1204 conuiualis.
756 1150 952 1190 Similiter
988 1148 1154 1189 εἰσιοῦσι
1185 1148 1390 1199 Aristoph.
1417 1147 1523 1186 Plut.
1553 1148 1660 1197 762,
1693 1146 1816 1186 simili

264 1213 447 1263 denique,
478 1225 559 1252 non
584 1211 722 1251 eadem
746 1212 792 1250 ui
818 1210 1115 1250 aduenientibus
1140 1209 1381 1248 uocabulum
1410 1209 1623 1258 usurpauit
1647 1207 1815 1246 Plautus

264 1273 312 1311 de
362 1285 527 1324 peregre
577 1271 882 1311 aduenientibus
933 1270 1078 1322 quibus
1128 1282 1226 1309 cena
1275 1269 1365 1308 dari
1417 1269 1601 1319 promitti
1646 1267 1816 1307 solebat:

262 1333 464 1385 Amphitr.
493 1334 592 1384 665,
625 1330 737 1384 ‘quia
769 1332 877 1371 domi
909 1331 1075 1371 daturus
1100 1343 1217 1369 nemo
1244 1330 1304 1369 est
1327 1329 1542 1380 prandium
1568 1328 1816 1368 aduenienti-

192 1392 196 1396 *
263 1391 352 1434 bus’
399 1393 521 1433 Stich.
557 1394 641 1433 512
689 1390 746 1432 ‘et
793 1393 923 1444 magis
974 1404 1051 1442 par
1093 1391 1229 1430 fuerat
1270 1403 1334 1429 me
1377 1389 1493 1429 uobis
1538 1389 1632 1429 dare
1679 1402 1816 1429 cenam

265 1451 588 1494 aduenientibus’
621 1453 742 1493 Poen.
766 1453 877 1492 1151
915 1449 1075 1504 ‘patruo
1107 1450 1339 1491 aduenienti
1370 1463 1467 1489 cena
1503 1451 1663 1489 curetur
1693 1446 1816 1489 uolo’.

265 1537 321 1543 —
359 1515 478 1566 priua
515 1510 638 1567 dabo]
675 1513 771 1554 Hor.
799 1525 912 1552 serm.
938 1512 980 1551 II
1008 1513 1052 1562 5,
1082 1513 1137 1551 10
1176 1508 1332 1550 ‘turdus
1372 1510 1468 1549 Siue
1509 1510 1619 1549 aliud
1649 1511 1818 1559 priuwm

265 1576 426 1615 dabitur
456 1571 562 1624 tibi'‚
594 1586 673 1625 quo
704 1574 792 1614 1000
825 1573 1042 1613 scholiasta
1074 1583 1296 1622 anonymus
1339 1571 1481 1610 attulit
1510 1570 1648 1609 Plauti
1679 1582 1818 1609 uersus

266 1630 427 1690 (fragm.
447 1634 579 1674 XXIX
609 1628 731 1688 Leo):
765 1631 898 1683 τ(311111,
928 1632 1105 1683 Lycisce,
1138 1631 1265 1681 Sosio,
1298 1631 1444 1681 Stiche,
1475 1631 1672 1670 Parmeno
1699 1630 1817 1670 Exite

268 1696 308 1735 et
344 1696 446 1734 ferte
484 1695 609 1735 fustes
646 1695 783 1746 priuos
820 1695 864 1732 in
901 1689 1052 1742 manu’,
1094 1692 1198 1731 unde
1239 1692 1423 1742 priuatus
1462 1691 1653 1742 priuiclos
1692 1685 1817 1745 (Fest.

265 1770 304 1807 p.
328 1750 445 1809 205).
497 1755 574 1794 Sed
600 1754 815 1794 abdomina
839 1755 957 1805 priua
983 1765 1064 1792 non
1090 1765 1173 1792 esse
1199 1752 1388 1791 uidentur
1412 1754 1621 1802 'namquam
1647 1752 1817 1803 singula,

267 1829 370 1867 quae
401 1815 615 1866 unicuique
641 1814 786 1855 dentur
811 1813 1084 1863 conuiuarum,
1117 1812 1186 1852 sed
1210 1812 1345 1863 potius
1374 1812 1588 1852 abdomina
1613 1813 1656 1851 in
1682 1814 1819 1863 partes

268 1876 455 1916 dissecta:
489 1875 583 1916 conf
609 1875 789 1926 Alciphr.
809 1875 873 1914 ΙΠ
899 1874 937 1925 5,
966 1876 990 1913 2
1024 1871 1187 1913 δεῖπνόν
1219 1887 1257 1912 τε
1290 1869 1388 1924 ἡμῖν
1413 1870 1668 1925 ηὐτρέπισται
1686 1886 1817 1925 γεννι-

266 1935 357 1986 κόν,
401 1935 519 1989 ἰχθῦς
559 1938 757 1988 τεμαχῖται
799 1933 866 1974 καὶ
909 1933 1079 1986 σταμνία
1123 1939 1194 1973 τοῦ
1234 1932 1474 1984 Μενδησίου
1521 1930 1720 1985 νέκταρος.
1762 1955 1817 1960 -

267 1997 382 2047 dabo,
415 1996 463 2036 de
496 2009 593 2036 cena
622 1997 670 2034 ut
699 1996 768 2034 lib.
789 1995 889 2034 XIII
919 2008 956 2033 u.
986 1995 1084 2033 440.
1118 2016 1174 2020 —
1207 1993 1423 2044 cephalaea
1452 1993 1649 2033 acharnae
1674 1992 1819 2032 Latine

268 2056 424 2096 dixerat
487 2056 641 2095 Ennius
704 2055 1054 2107 heduphageticis:
1114 2051 1302 2106 ‘polypus
1372 2053 1585 2104 Corcyrae,
1642 2053 1822 2092 caluaria

267 2118 436 2169 pinguia
468 2129 650 2168 acarnae,
683 2116 878 2166 Purpura,
909 2115 1109 2164 muriculi,
1140 2127 1283 2164 mures,
1316 2114 1450 2154 dulces
1478 2125 1635 2164 quoque
1661 2110 1821 2163 echini',

271 2177 415 2228 quibus
441 2178 483 2216 in
508 2191 574 2216 uu.
601 2171 658 2230 (p.
681 2177 766 2217 220
788 2170 842 2230 V)
868 2176 1036 2216 uerbum
1061 2175 1360 2214 substantiuum
1392 2176 1453 2214 est
1484 2175 1691 2214 omissum:
1723 2174 1822 2213 dicit

269 2237 375 2277 enim
406 2239 545 2289 poeta:
577 2237 748 2289 polypus
780 2236 942 2289 pinguis
974 2237 1034 2275 esi,
1061 2234 1268 2286 Corcyrae,
1299 2235 1451 2275 ibidem
1475 2234 1617 2274 itidem
1643 2235 1822 2274 caluaria

269 2310 438 2337 acarnae
462 2297 642 2349 pinguia,
665 2328 672 2335 .
695 2328 701 2335 .
725 2328 731 2335 .
753 2297 889 2336 dulces
910 2308 1067 2347 quoque
1088 2297 1182 2335 sunt
1206 2295 1349 2336 echini.
1393 2295 1677 2335 Archestratus
1704 2308 1821 2345 quem

274 2360 442 2408 uterque
478 2359 660 2397 imitatus
701 2359 762 2397 est
797 2358 917 2408 poeta
954 2356 1169 2407 scripserat
1204 2355 1401 2407 κεφάλαια
1438 2350 1467 2394 τ’
1495 2353 1670 2408 ἀχάρνης
1703 2356 1822 2394 sicuti

271 2417 439 2458 Sotades
474 2416 574 2457 OAF
600 2417 642 2456 II
672 2431 710 2469 p.
732 2418 838 2467 448,
866 2417 890 2456 5
911 2417 949 2455 Κ
988 2416 1164 2470 γλαύκου
1204 2414 1312 2468 φέρω
1350 2415 1546 2466 κεφάλαια
1583 2413 1820 2468 παμμεγέθη

270 2477 344 2518 δύο
376 2477 546 2528 Amphis
578 2477 603 2516 1.
625 2490 653 2517 8.
674 2492 713 2528 p.
736 2478 841 2527 247,
869 2478 923 2518 35
956 2475 1232 2530 γλαυκινιδίου
1270 2475 1466 2527 κεφάλαια
1505 2473 1572 2515 καὶ
1603 2475 1821 2528 λαβρακίου

269 2537 429 2591 τεμάχια
456 2534 718 2592 (Archedicus
743 2538 768 2576 l.
790 2538 896 2577 s.111
920 2551 958 2588 p.
977 2538 1075 2587 277,
1097 2538 1135 2586 3,
1158 2538 1181 2576 2
1204 2537 1324 2576 801101.
1343 2535 1546 2587 Aristoph.
1562 2535 1681 2586 Vesp.
1698 2530 1821 2588 968):

270 2599 420 2650 piscem
483 2600 795 2638 commemorant
837 2597 1005 2638 Aristot.
1048 2598 1140 2636 hist.
1187 2610 1249 2636 an.
1293 2597 1326 2636 Θ
1366 2598 1418 2636 19
1469 2611 1507 2647 p.
1548 2597 1632 2636 602
1679 2609 1703 2634 a
1749 2597 1821 2644 123

273 2661 297 2697 2
330 2672 368 2709 p.
403 2659 485 2698 591
520 2659 546 2698 b
574 2660 596 2697 1
643 2659 712 2698 ubi
755 2656 949 2712 ἀχάρνας,
999 2657 1221 2708 Hesychius
1254 2669 1283 2696 s.
1316 2671 1352 2695 u.
1392 2656 1462 2695 ubi
1505 2653 1676 2709 ἀχάρνα,
1720 2655 1821 2694 Plin.

272 2721 354 2758 nat.
398 2719 491 2758 hist.
533 2718 686 2758 XXXII
720 2719 803 2757 145
867 2719 1037 2758 acharne
1095 2718 1166 2757 ubi
1226 2717 1391 2766 dicitur,
1455 2715 1605 2756 Gallias
1658 2715 1771 2755 GAF
1803 2715 1822 2754 Ι

272 2792 310 2829 p.
333 2779 437 2828 694,
465 2780 488 2819 3
510 2778 548 2817 Κ
578 2778 739 2818 θύννου
777 2793 815 2817 τε
857 2777 1076 2828 κεφάλαιον
1107 2777 1213 2829 τοδί,
1245 2774 1433 2830 ἐγχέλεια,
1464 2775 1644 2829 κάραβοι,
1676 2775 1822 2825 λινεύς,

275 2834 445 2891 ἄχαρνος
466 2836 611 2879 οὑτοσί.
655 2837 865 2889 Κεφάλαια
885 2850 968 2878 esse
988 2837 1132 2888 capitis
1152 2838 1370 2889 particulas
1389 2836 1560 2888 piscium
1572 2836 1823 2889 gratissimas

274 2902 443 2949 apparet
474 2899 633 2949 aliaque
662 2898 706 2937 id
736 2911 861 2950 genus
893 2898 1062 2937 cenandi
1092 2899 1346 2937 irritamenta
1376 2898 1420 2935 in
1451 2897 1632 2936 uersibus
1657 2909 1823 2947 sequen-

271 2958 381 2997 tibus
407 2971 432 2998 a
456 2960 578 3009 poeta
602 2960 835 2998 enumerata
866 2971 951 2998 esse
983 2960 1294 2998 consentaneum
1325 2959 1395 2996 est.
1452 2956 1563 2997 Duos
1588 2957 1660 2997 hos
1684 2969 1824 2997 uersus

274 3019 372 3070 quia
403 3019 565 3058 fuerunt
596 3018 690 3059 libri
721 3018 742 3058 I
774 3032 853 3071 quo
885 3019 1051 3059 deorum
1082 3018 1295 3065 concilium
1326 3018 1555 3059 continetur
1585 3018 1671 3057 sine
1702 3017 1823 3058 dubio
