2060 3444
271 261 375 304 ‘206
878 261 980 297 XVII
1004 275 1040 299 u.
1068 266 1265 300 550—552.

285 375 463 413 dominos
495 376 534 413 et
565 374 679 413 cedat
709 374 751 412 in
783 375 911 414 altera
940 376 1039 414 iura.
1097 375 1174 415 Sed
1206 378 1300 427 quia
1328 380 1543 429 perpetuus
1574 379 1675 418 nulli
1700 379 1817 420 datur

285 431 391 473 usus’
425 447 456 472 e.
479 447 514 484 q.
536 447 565 473 s.
626 433 767 484 Itaque
802 446 928 474 usura
958 447 1037 474 non
1073 446 1221 486 magma
1258 437 1505 488 significatur
1546 439 1664 478 breue
1707 441 1816 480 uitae

284 495 458 543 spatium
497 506 574 543 quo
611 493 690 531 frui
727 494 822 533 licet
857 495 972 534 rebus
1009 496 1202 534 omnibus.
1270 497 1448 536 Eandem
1490 499 1727 538 sententiam
1767 500 1815 538 de

283 554 371 591 uita
401 554 488 602 ipsa
519 553 689 603 protulit
718 553 861 593 Accius
887 554 1022 593 422ss
1055 552 1167 593 ‘Fors
1198 555 1437 607 dominatur,
1467 571 1593 607 neque
1625 559 1711 597 uita
1742 559 1816 598 ulli

283 614 445 662 propria
476 613 517 650 in
549 614 636 651 uita
661 610 734 652 est’
761 613 916 652 Lucret.
943 614 1005 652 III
1031 615 1113 653 971
1145 612 1322 665 ‘uitaque
1348 617 1545 667 mancipio
1571 619 1672 656 nulli
1697 618 1815 657 datur

283 673 464 711 omnibus
506 669 596 710 usu'
649 667 739 726 (ubi
779 673 871 712 uide
915 673 1079 712 Heinzei
1117 670 1270 729 adnot.)
1328 675 1481 715 Consol.
1515 677 1565 715 ad
1608 677 1694 716 Liu.
1728 679 1812 717 369

284 729 385 770 ‘uita
416 732 510 770 data
543 734 602 771 est
632 732 791 782 utenda,
831 732 926 771 data
957 734 1017 773 est
1048 734 1132 773 sine
1162 734 1321 773 faenore
1353 735 1465 774 nobis
1497 733 1650 775 mutua'
1685 736 1812 776 Oarm.

282 790 368 829 Lat.
395 791 612 843 Epigraph.
639 791 871 831 Buecheleri
894 793 915 830 I
945 806 982 842 p.
1006 794 1078 844 90,
1114 795 1196 832 185
1244 791 1436 833 ‘Fortuna
1479 795 1645 846 spondet
1687 797 1814 836 multa

280 850 428 902 multis,
459 853 639 901 praestat
669 852 835 890 nemini:
866 852 958 891 uiue
989 854 1031 891 in
1062 853 1145 892 dies
1178 855 1217 892 et
1245 854 1498 910 horasunam
1523 857 1729 906 proprium
1755 859 1814 896 est

279 908 408 949 nihil':
434 911 485 949 ad
503 910 627 949 Lucil.
648 911 714 949 lib.
733 911 885 950 XXVII
903 925 941 950 u.
963 925 991 951 s.
1013 925 1040 950 s.
1067 913 1280 952 Muellerus
1300 915 1437 953 attulit
1456 915 1586 953 Plaut.
1609 915 1702 954 Oist.
1727 917 1809 955 194

282 967 343 1008 ‘ut
374 972 466 1009 sunt
496 971 682 1020 humana,
713 971 771 1009 nil
797 973 856 1010 est
880 973 1116 1022 perpetuum
1142 971 1305 1011 datum'.
1335 996 1389 1000 -—
1419 973 1645 1021 Contemnit,
1670 977 1812 1014 ultima

278 1030 320 1067 in
353 1042 514 1069 caesura
545 1030 737 1081 producta
768 1031 936 1081 syllaba,
968 1032 1062 1070 conf
1094 1033 1173 1071 ind.
1200 1045 1363 1083 gramm.
1391 1046 1419 1072 s.
1440 1047 1476 1072 u.
1503 1034 1720 1084 productio.
1755 1057 1810 1062 —

278 1090 336 1127 nil
379 1090 575 1128 neminem
617 1090 779 1129 habere:
822 1091 881 1129 ita
917 1091 1069 1130 Ennius
1107 1091 1262 1131 Erecth.
1299 1094 1383 1132 130
1403 1093 1438 1131 R
1486 1091 1676 1144 ‘Lapideo
1720 1100 1812 1134 sunt

279 1149 394 1187 corde
425 1150 544 1188 multi
576 1162 673 1199 quos
711 1163 790 1188 non
822 1151 984 1189 miseret
1008 1149 1193 1190 neminis'
1227 1152 1379 1192 Nonius
1411 1166 1448 1203 p.
1471 1154 1567 1203 532,
1596 1155 1647 1192 11
1679 1151 1811 1206 ‘nega-

277 1209 382 1247 tiuas
427 1209 524 1247 duas
567 1222 639 1259 pro
682 1211 872 1261 negatiua
913 1223 992 1248 una
1034 1211 1282 1262 accipiendas
1319 1212 1447 1251 Varro
1484 1214 1724 1252 monstrauit
1761 1214 1808 1253 de

278 1269 364 1307 uita
383 1282 419 1318 p.
440 1269 485 1307 R.
505 1268 572 1307 lib.
593 1268 634 1306 II
661 1265 771 1319 “qua
791 1269 1031 1308 abstinentia
1051 1271 1128 1308 uiri
1147 1270 1409 1322 mulieresque
1429 1272 1629 1311 Romanae
1648 1273 1810 1322 fuerint,

277 1328 383 1377 quod
414 1341 438 1366 a
467 1342 559 1380 rege
589 1341 764 1379 munera,
785 1341 919 1367 eorum
947 1330 1119 1368 noluerit
1143 1343 1256 1369 nemo
1283 1329 1518 1381 accipere''.'
1572 1327 1700 1385 (Idem
1726 1333 1807 1372 Sat.

275 1387 447 1437 Menipp.
488 1389 542 1426 45
559 1388 592 1426 B
637 1401 735 1438 quos
778 1389 884 1428 locos
928 1389 1058 1428 adfert
1100 1389 1143 1427 L.
1175 1390 1398 1429 Muellerus.
1442 1391 1598 1430 Petron.
1638 1393 1705 1430 42.
1753 1393 1804 1431 76

275 1446 568 1486 Friedlaenderi
599 1448 690 1486 edit.
716 1462 753 1498 p.
777 1443 892 1501 234).
949 1449 1079 1487 Plaut.
1105 1449 1189 1487 Mil.
1217 1451 1327 1488 1411
1371 1447 1473 1488 ‘iura
1509 1452 1549 1489 te
1584 1452 1807 1490 nociturum

274 1519 354 1545 11011
398 1519 480 1545 esse
522 1507 674 1546 homini
717 1507 764 1545 de
807 1507 881 1546 hac
923 1521 965 1546 re
1002 1506 1165 1547 nemini'
1207 1508 1283 1548 Cic.
1314 1509 1426 1548 Verr.
1451 1509 1493 1548 II
1519 1511 1575 1549 60
1614 1508 1808 1550 ‘Debebat

275 1566 481 1616 Epicrates
522 1580 726 1605 nummum
764 1568 918 1606 nullum
955 1565 1119 1606 nemini’
1159 1568 1226 1606 ubi
1262 1570 1416 1607 nullum
1446 1570 1550 1608 male
1581 1583 1645 1608 om
1676 1570 1804 1610 Vatic.

275 1621 452 1678 (Brixius
491 1626 542 1664 ad
573 1626 702 1665 Plaut.
728 1626 830 1665 Men.
859 1628 939 1665 371
977 1627 1211 1678 Spengelius
1249 1628 1299 1666 ad
1338 1629 1423 1667 Ter.
1449 1628 1571 1668 Andr.
1599 1625 1715 1684 205).
1747 1652 1806 1657 ——

274 1684 447 1736 Stoicus,
486 1699 603 1736 quem
640 1687 767 1726 furem
804 1687 1030 1725 litterarum
1068 1687 1221 1726 dixerat
1251 1689 1387 1738 poeta,
1418 1690 1499 1727 suis
1531 1701 1614 1728 sese
1646 1692 1806 1729 excusat

272 1745 546 1796 philosophiae
588 1746 827 1796 praeceptis:
875 1746 1080 1797 proprium
1129 1747 1229 1786 nihil
1278 1748 1475 1786 neminem
1523 1749 1666 1788 habere
1716 1762 1804 1788 cum

273 1807 437 1854 constet,
466 1806 664 1844 immerito
696 1806 794 1844 furti
825 1818 908 1845 sese
942 1807 1000 1845 ait
1030 1808 1157 1858 argui.

393 1860 503 1903 552.
534 1865 687 1904 Nonius
718 1879 756 1915 p.
779 1867 815 1914 7,
844 1868 864 1903 1
897 1863 1093 1904 ‘Galuitur
1118 1866 1269 1905 dictum
1294 1869 1354 1907 est
1378 1868 1603 1907 frustratur.
1631 1899 1639 1906 .
1661 1899 1668 1906 .
1690 1899 1697 1906 .
1723 1869 1802 1907 Lu-

272 1924 384 1962 cilius
422 1926 648 1975 satyrarum
684 1925 751 1963 lib.
771 1925 887 1963 XVII
919 1922 985 1963 “si
1015 1938 1094 1964 non
1126 1926 1176 1975 it,
1206 1928 1359 1977 capito,
1389 1927 1535 1977 inquit,
1566 1941 1667 1977 eum,
1698 1930 1739 1967 et
1769 1929 1802 1968 si

272 1983 443 2021 caluitur
474 1997 567 2034 ergo
598 1984 663 2021 fur
693 1981 956 2022 dominum''.’
1018 1984 1078 2023 De
1109 1985 1245 2024 eodem
1277 1986 1363 2024 fure
1396 1987 1528 2038 agitur
1559 2000 1636 2036 quo
1667 1989 1803 2039 agitur

270 2056 334 2080 uu.
357 2043 440 2081 549
462 2055 568 2093 seqq.
620 2039 739 2089 ‘Quid
763 2040 865 2082 lex'?
889 2044 1111 2094 interrogat
1128 2046 1248 2094 poeta
1273 2041 1323 2084 ‘si
1348 2047 1457 2084 nolet
1478 2046 1655 2084 confiteri
1674 2047 1800 2086 furem

270 2114 310 2140 se
349 2115 430 2141 esse
468 2115 594 2152 neque
632 2103 672 2140 in
709 2104 771 2141 ius
808 2101 1059 2142 ambulareP’
1122 2104 1347 2154 Respondet
1383 2105 1527 2158 eodem·
1551 2118 1628 2155 quo
1659 2106 1797 2145 Horat.

270 2174 381 2199 serm.
407 2162 448 2200 II
476 2163 512 2210 1,
539 2163 593 2200 82
626 2162 743 2201 modo
773 2162 895 2201 uerba
926 2162 1026 2214 legis
1051 2163 1129 2201 XII
1158 2164 1387 2203 tabularum
1418 2160 1597 2204 ad'ferens
1627 2178 1798 2204 commu-

269 2222 355 2259 tata
380 2221 592 2260 secundum
630 2223 691 2261 sui
727 2223 917 2272 temporis
958 2235 1188 2273 sermonem.
1250 2223 1358 2269 Quae
1389 2224 1539 2263 tradita
1570 2227 1662 2263 sunt
1693 2226 1798 2275 apud

268 2279 459 2331 Porphyr.
491 2281 543 2319 ad
578 2281 674 2320 Hor.
707 2294 820 2320 serm.
844 2282 866 2320 I
892 2284 935 2331 9,
970 2285 1022 2322 76
1070 2280 1125 2320 ‘ni
1168 2285 1217 2333 it,
1262 2285 1537 2322 antestamino.
1581 2285 1706 2335 igitur
1749 2299 1797 2324 en

268 2337 429 2390 capito'.
490 2341 594 2379 Fest.
621 2355 658 2391 p.
681 2342 764 2380 313
805 2338 855 2380 ‘si
891 2343 1063 2381 caluitur
1099 2343 1288 2393 pedemue
1326 2343 1460 2395 struit,
1498 2356 1660 2382 manum
1697 2345 1796 2384 endo

267 2397 416 2439 iacito’.
483 2400 662 2439 Lucilius
705 2413 828 2439 unam
865 2402 994 2440 effecit
1030 2404 1285 2451 sententiam,
1325 2416 1373 2441 ne
1412 2403 1508 2442 endo
1537 2404 1651 2442 {acilo
1692 2405 1796 2454 quod

266 2459 370 2497 idem
402 2461 455 2498 sit
486 2461 604 2510 atque
637 2462 763 2509 capito
792 2462 967 2500 iteraret.
1031 2461 1108 2500 Sed
1145 2461 1371 2513 ambiguam
1403 2475 1485 2501 esse
1515 2463 1615 2513 legis
1641 2466 1793 2502 senten⁴

267 2520 366 2557 tiam
402 2519 614 2570 respondet
645 2520 894 2559 aduersarius
932 2520 1053 2559 simili
1089 2522 1243 2560 ratione
1284 2524 1403 2572 atque
1434 2522 1501 2560 lib.
1526 2522 1620 2560 XVI
1645 2536 1684 2561 u.
1709 2524 1794 2563 520

266 2578 313 2617 de
338 2580 568 2618 testamenti
593 2580 855 2631 ambiguitate
881 2581 1014 2618 actum
1038 2580 1126 2619 fuit.
1180 2581 1284 2619 Nam
1313 2594 1334 2620 e
1358 2581 1457 2633 legis
1482 2581 1615 2620 uerbis
1634 2582 1794 2632 efficias,

267 2639 391 2677 furem
423 2639 540 2677 licere
584 2639 742 2678 domino
778 2641 837 2678 rei
871 2652 1033 2678 manum
1064 2640 1208 2679 inicere
1244 2640 1287 2678 ni
1316 2641 1444 2680 iturus
1475 2641 1538 2680 sit.
1599 2641 1792 2680 Dominus

264 2699 423 2748 proprie
455 2698 600 2737 dicitur
629 2700 664 2737 is
696 2699 805 2738 cuius
837 2701 897 2738 est
926 2711 988 2738 res
1021 2694 1167 2753 (Plaut.
1193 2700 1292 2738 Rud.
1322 2701 1404 2739 969
1437 2700 1532 2739 Hor.
1559 2702 1671 2750 epist.
1697 2701 1739 2739 II
1754 2703 1791 2751 2,

243 2752 249 2756 ⁶
268 2752 389 2811 174):
416 2770 507 2809 ergo
533 2771 813 2808 saepenumero
837 2759 880 2796 in
905 2759 1202 2808 quaestionibus
1227 2759 1404 2798 adhiberi
1430 2760 1565 2799 edocet
1588 2760 1790 2799 Handium

264 2819 420 2856 secutus
450 2817 675 2869 Draegerus
713 2820 866 2868 syntax.
891 2818 981 2857 hist.
1007 2819 1103 2869 ling.
1127 2818 1215 2857 Lat.
1240 2813 1306 2857 ΙΙ2
1329 2833 1368 2869 p.
1391 2821 1493 2858 177:
1531 2820 1624 2859 conf
1656 2820 1788 2859 Plaut.

265 2875 371 2914 Trin.
413 2878 492 2915 191
547 2874 757 2917 ‘Polliceor
806 2875 992 2927 operam’.
1068 2875 1190 2929 ‘Ergo
1238 2879 1308 2917 ubi
1357 2880 1432 2917 eris
1478 2879 1598 2928 paulo
1649 2877 1786 2929 postP’

263 2934 358 2972 Hor.
386 2947 498 2974 serm.
524 2936 565 2974 II
591 2937 636 2986 5,
664 2939 744 2976 101
793 2934 915 2988 ‘Ergo
958 2949 1062 2975 nunc
1096 2937 1226 2976 Dama
1268 2937 1414 2977 sodalis
1452 2951 1647 2988 nusquam
1679 2936 1786 2978 estP'

265 2992 369 3032 Conf
394 2994 657 3046 Kiesslingius
689 2996 738 3034 ad
769 2996 907 3034 Horat.
935 3008 1054 3035 carm.
1079 2996 1099 3034 I
1126 2998 1194 3046 24,
1221 2998 1259 3035 5.
