2060 3444
815 257 916 292 XXX
942 268 979 292 u.
1009 259 1259 292 1005—1011.
1528 309 1532 313 .
1729 253 1818 295 325

263 371 375 426 ‘quid
421 373 634 424 quaeritis,
677 368 872 411 iudices?'
944 369 1024 410 Cic.
1057 383 1129 421 pro
1169 368 1275 409 Cael.
1304 369 1378 409 25:
1422 369 1514 408 uide
1559 368 1612 408 ad
1653 369 1722 408 lib.
1742 368 1818 407 XV

260 449 298 474 u.
321 435 419 474 515.

382 488 526 534 1007.
551 493 771 543 Noniusp.
787 492 886 541 330,
908 492 934 530 4
962 488 1199 540 ‘Inmittere,
1226 490 1436 529 demittere
1458 489 1508 529 ad
1528 489 1816 540 prolixitatem.

258 555 438 595 Lucilius
481 554 549 593 lib.
576 553 686 592 XXX
725 549 885 604 “neque
913 583 921 591 .
944 583 950 590 .
974 583 982 590 .
1007 548 1190 592 istam'’.'
1261 550 1439 590 Barbato
1481 551 1612 589 rostro
1657 550 1819 589 uidetur

258 616 423 656 rediisse
454 615 642 654 maritus:
673 614 860 653 hortatur
890 613 1036 652 mulier
1066 613 1113 651 ut
1143 611 1370 651 tondeatur.

383 670 526 715 1008.
580 674 736 714 Nonius
786 687 823 724 p.
858 674 963 723 317,
992 674 1016 712 6
1065 669 1237 712 ‘Gestire
1287 672 1348 711 est
1398 684 1552 722 cupere.
1634 670 1816 710 Lucilius

259 736 328 776 lib.
348 736 456 775 XXX
480 732 655 785 “quanto
678 765 685 773 .
708 766 715 774 .
738 765 746 773 .
772 730 956 786 gestit’'.’
1008 733 1119 772 Idem
1138 747 1176 784 p.
1199 733 1298 782 319,
1322 732 1374 771 16
1399 728 1588 770 eHaurire
1615 731 1818 783 significat

259 797 468 836 exhaurire
510 796 577 835 uel
616 795 796 846 implere.
836 826 845 834 .
866 825 873 833 .
897 826 903 834 .
929 794 1111 833 Lucilius
1156 793 1225 832 lib.
1254 792 1384 831 XXX·
1410 789 1641 842 “quantum
1684 793 1816 831 aurire

258 859 416 897 emimus
456 869 663 896 musarum
701 858 736 895 et
771 856 899 904 fontia
937 850 1122 906 gestit'’.'
1171 854 1353 904 Propert.
1378 852 1441 891 III
1469 853 1506 903 3,
1535 853 1558 891 5
1595 849 1816 903 ‘paruaque

224 954 227 956 .
257 919 343 957 tam
386 918 544 969 magnis
589 917 796 956 admoram
839 915 1019 955 fontibus
1063 928 1134 954 ora
1177 914 1283 953 unde
1322 914 1459 969 pater*
1483 914 1623 953 sitiens
1661 913 1816 952 Ennius

235 980 352 1018 ‘ante
389 974 521 1017 bibit'.
583 976 781 1016 Hesiodus
820 976 968 1016 dicitur
1005 975 1081 1014 ΑΡ
1108 975 1188 1014 VII
1215 975 1290 1025 55,
1312 974 1336 1013 5
1382 971 1498 1013 ἐννέα
1545 970 1751 1013 Μουσέων
1796 971 1816 1012 ὁ

258 1036 433 1092 πρέσβυς
470 1041 663 1091 καθαρῶν
694 1036 935 1090 γευσάμενος
966 1035 1153 1088 λιβάδων.
1215 1034 1386 1074 Locutio
1409 1035 1507 1085 ipsa
1539 1033 1700 1073 uidetur
1731 1046 1816 1073 esse

258 1099 463 1148 Enniana,
504 1111 599 1138 nam
634 1097 845 1137 Lucretius
884 1110 1042 1147 quoque
1079 1095 1101 1135 I
1128 1097 1211 1135 926
1254 1092 1365 1135 ‘auia
1401 1094 1607 1133 Pieridum
1644 1096 1815 1146 peragro

258 1160 348 1200 loca
373 1190 382 1199 .
405 1191 412 1198 .
433 1190 442 1198 .
467 1159 585 1198 iuuat
614 1160 792 1210 integros
825 1157 1009 1197 accedere
1040 1157 1171 1196 fontes
1209 1157 1331 1206 atque
1369 1152 1558 1194 haurire’:
1592 1155 1687 1194 conf
1708 1155 1814 1194 Pers.

258 1221 412 1273 prolog.
441 1222 462 1259 1
498 1219 703 1259 quenalis
735 1218 783 1257 de
814 1219 936 1269 poeta
966 1217 1047 1256 VII
1074 1218 1128 1256 58
1169 1213 1353 1267 ‘cupidus
1386 1216 1580 1255 siluarum
1619 1216 1815 1266 aptusque

257 1280 440 1320 bibendis
479 1279 659 1320 fontibus
696 1275 915 1318 Aonidum’
955 1278 1171 1333 (Maassius
1202 1277 1339 1316 Herm.
1358 1275 1491 1315 XXXI
1519 1276 1633 1315 1896
1667 1289 1705 1326 p.
1729 1276 1813 1315 398

234 1362 242 1366 -
258 1335 399 1395 seqq.)
467 1340 662 1380 Horatius
701 1352 814 1379 serm.
841 1339 883 1377 II
911 1342 931 1378 1
945 1369 955 1388 ,
983 1340 1037 1378 12
1078 1334 1303 1389 ‘cupidum,
1340 1338 1458 1387 pater
1495 1337 1664 1387 optime,
1707 1337 1814 1376 uires

259 1398 463 1441 deficiunt'
499 1402 614 1452 epist.
640 1400 682 1439 II
709 1402 747 1450 1,
775 1400 859 1439 257
894 1396 981 1439 ‘nec
1013 1411 1213 1439 sermones
1246 1411 1319 1450 ego
1351 1397 1515 1436 mallem
1539 1397 1718 1448 repentis
1744 1410 1816 1447 per

257 1463 424 1502 humum
444 1475 565 1513 quam
583 1460 646 1500 res
667 1473 901 1511 componere
928 1461 1062 1512 gestas
1088 1491 1094 1498 .
1118 1491 1125 1498 .
1148 1491 1155 1498 .
1177 1460 1212 1498 si
1237 1460 1428 1508 quantum
1453 1469 1631 1507 cuperem
1656 1470 1814 1508 possem

259 1519 431 1574 quoque’
454 1522 501 1561 de
522 1523 698 1562 carmine
718 1521 848 1572 epico:
869 1521 1057 1560 similiter
1076 1520 1237 1559 uidetur
1256 1519 1402 1558 dixisse
1416 1517 1595 1557 Lucilius
1616 1518 1814 1557 sustinere

258 1585 418 1623 tantum
455 1584 561 1622 uires
598 1582 752 1634 ingenii
789 1594 871 1621 non
906 1593 1022 1632 posse
1061 1582 1256 1631 quantum
1295 1580 1452 1619 animus
1489 1579 1653 1617 haurire
1691 1579 1815 1631 gestit

258 1643 464 1683 Musarum
497 1656 517 1682 e
549 1642 738 1682 fontibus.
800 1642 978 1680 Neruam
1010 1642 1170 1691 poetam
1201 1639 1415 1679 immodice
1446 1639 1589 1678 laudat
1612 1638 1814 1678 Martialis

258 1703 359 1742 VIII
387 1704 454 1754 70,
482 1705 505 1742 2
535 1698 710 1742 ‘cohibet
734 1702 841 1741 uires
866 1702 1152 1754 ingeniumque
1177 1700 1317 1751 pudor.
1369 1698 1470 1739 Cum
1490 1700 1637 1739 siccare
1658 1711 1814 1739 sacram

251 1765 372 1815 largo
421 1762 673 1803 Permessida
720 1763 856 1813 posset
905 1775 985 1811 ore,
1033 1761 1301 1801 uerecundam
1350 1759 1496 1800 maluit
1545 1771 1629 1799 esse
1673 1755 1813 1798 sitim’.

261 1825 406 1877 aurire·
425 1824 642 1863 Muellerus
663 1822 899 1863 Leidensem
919 1824 1078 1862 secutus
1100 1816 1259 1875 (austra
1282 1820 1441 1860 Lucret.
1461 1819 1499 1858 V
1527 1820 1625 1870 516,
1658 1819 1813 1859 deorito

261 1884 360 1924 Cato
393 1884 442 1923 de
473 1885 562 1936 agri
593 1884 687 1923 cult.
716 1883 785 1932 66,
812 1877 876 1936 2):
909 1883 978 1922 sed
1009 1883 1144 1934 posuit
1174 1882 1330 1922 Nonius
1357 1894 1517 1920 uersum
1541 1881 1584 1918 in
1610 1881 1636 1918 h
1663 1880 1812 1919 littera.

383 1939 524 1984 1009.
550 1944 706 1983 Nonius
725 1958 762 1995 p.
786 1944 884 1993 373,
906 1945 934 1984 9,
959 1939 1210 1993 Ῥτοᾶιιοθτθ,
1229 1942 1338 1981 foras
1358 1942 1511 1981 ducere.
1546 1972 1553 1979 .
1576 1972 1582 1979 .
1606 1972 1613 1979 .
1634 1940 1812 1980 Lucilius

259 2005 327 2044 lib.
347 2005 458 2043 XXX
497 2001 755 2055 “producunt
781 2036 787 2043 .
812 2035 818 2043 .
840 2034 848 2043 .
882 2000 1092 2056 cogunt'','
1161 2003 1334 2042 Nonnisi
1378 2002 1539 2042 coactus
1584 2001 1634 2040 ab
1674 2002 1812 2040 amicis

259 2066 405 2105 recitat
437 2077 509 2105 sua
534 2065 685 2115 scripta
708 2064 903 2104 Horatius
930 2077 1043 2104 serm.
1070 2064 1090 2102 I
1117 2065 1156 2113 4,
1187 2064 1260 2103 73:
1290 2062 1494 2102 Lucilium
1520 2063 1668 2114 cogunt
1694 2062 1813 2101 amici

258 2127 304 2165 ut
346 2138 420 2165 sua
464 2125 709 2165 demonstret
752 2125 788 2164 ei
831 2125 986 2164 homini
1029 2137 1148 2175 quem
1180 2124 1260 2169 vhoc
1304 2136 1422 2162 uersu
1462 2122 1641 2174 appellat
1680 2123 1812 2173 poeta,

258 2186 388 2225 ueluti
413 2185 605 2236 Scipioni,
631 2198 750 2236 quem
775 2187 960 2237 gauisum
986 2197 1069 2224 esse
1096 2185 1242 2224 saturis
1268 2185 1412 2234 poetae
1437 2183 1633 2223 Horatius
1658 2182 1813 2222 indicat

259 2259 372 2285 serm.
392 2246 434 2284 II
462 2248 499 2295 1,
527 2247 580 2284 67
615 2258 704 2285 cum
737 2247 856 2297 neget
893 2258 984 2284 eum
1022 2244 1252 2284 acerbitate.
1278 2257 1441 2294 poeseos
1480 2256 1564 2283 esse
1605 2243 1811 2282 offensum.

258 2307 397 2346 Fuisse
429 2307 557 2358 igitur
586 2306 748 2345 uidetur
778 2306 848 2344 ille
880 2306 1060 2356 quisquis
1094 2306 1173 2344 fuit
1205 2317 1433 2343 sermonum
1468 2303 1586 2342 iudex
1619 2302 1811 2342 candidus

260 2366 420 2417 qualem
449 2366 655 2405 Tibullum
679 2365 820 2405 laudat
850 2365 1044 2404 Horatius
1070 2366 1185 2416 epist.
1204 2364 1227 2403 I
1252 2365 1290 2414 4,
1320 2366 1355 2403 1.
1412 2364 1558 2415 Itaque
1583 2364 1813 2413 producunt

258 2427 412 2466 indicat
436 2439 484 2465 ex
509 2426 682 2466 cubiculi
707 2426 850 2465 umbra
873 2427 1035 2477 poetam
1061 2426 1183 2465 fuisse
1210 2423 1427 2464 adductum
1451 2424 1516 2463 uel
1541 2425 1583 2462 in
1611 2424 1811 2474 Scipionis

260 2487 365 2527 atria
395 2487 509 2526 lauta
541 2488 581 2525 et
611 2486 764 2525 nobilia
794 2487 862 2525 uel
894 2486 1059 2525 alterius
1090 2485 1264 2524 hominis
1297 2485 1502 2536 elegantis,
1666 2511 1669 2512 γ

383 2541 528 2587 1010.
565 2546 721 2586 Nonius
758 2560 796 2597 p.
826 2547 929 2597 143,
958 2548 1011 2585 19
1059 2543 1256 2589 ‘Nominis
1309 2546 1487 2595 positum
1530 2557 1603 2595 pro
1647 2543 1810 2583 nullius.

260 2637 269 2646 .
290 2637 300 2646 .
320 2637 329 2646 .
354 2606 533 2646 Lucilius
553 2606 620 2646 lib.
640 2607 752 2646 XXX
778 2603 981 2646 “neminis
999 2607 1200 2655 inqenium
1221 2637 1229 2645 .
1252 2636 1258 2643 .
1282 2636 1289 2644 .
1310 2601 1529 2655 oportet''.'
1581 2603 1810 2644 Priscianus

260 2666 327 2706 GL
352 2667 394 2706 H
425 2680 462 2718 p.
484 2668 583 2716 207,
610 2667 634 2706 5
649 2667 686 2705 K
720 2664 912 2707 ‘Lucilius
943 2668 988 2706 in
1018 2667 1128 2705 XXX
1156 2663 1359 2705 “neminis
1390 2666 1552 2718 ingenio
1578 2676 1811 2714 quemquam

259 2727 455 2766 confidere
481 2724 698 2778 oportet''.'
756 2727 880 2766 Nonii
904 2728 1118 2766 lectionem
1144 2727 1325 2766 codicum
1354 2725 1525 2765 editores
1551 2726 1657 2764 recte
1684 2725 1810 2764 secuti

260 2788 354 2826 sunt
392 2788 435 2825 in
473 2788 642 2831 tantum,
680 2787 878 2826 Prisciani
916 2788 960 2826 in
993 2780 1171 2826 ablatiuo
1203 2788 1369 2836 inqenio.
1432 2786 1614 2825 Neminis
1645 2786 1808 2836 ingenio

259 2847 419 2885 tantum
469 2846 664 2885 confidere
714 2848 872 2898 oportet
902 2848 1098 2897 quantum
1128 2848 1216 2896 tuo,
1267 2847 1411 2895 amice,
1462 2846 1531 2895 qui
1579 2857 1619 2883 es
1659 2844 1810 2884 arbiter

261 2907 483 2945 carminum
518 2905 812 2945 subtilissimus.

385 2960 527 3005 1011.
553 2965 710 3005 Nonius
734 2979 771 3016 p.
796 2966 893 3016 175,
922 2966 975 3004 15
1011 2962 1186 3014 ‘Simitu,
1212 2965 1343 3003 simul.
1399 2963 1577 3003 Lucilius
1609 2963 1677 3003 lib.
1697 2964 1808 3019 XXX

263 3022 429 3077 “gratia
474 3024 644 3065 habetur
680 3026 861 3076 utrisque
899 3025 981 3064 illis
1021 3037 1120 3075 quae
1162 3025 1238 3063 sibi
1278 3036 1378 3073 quae
1417 3020 1617 3064 simitu''.'
1686 3024 1808 3063 Recte
