2060 3444
263 274 350 316 346
815 270 915 305 ΧΧΧ
941 282 975 305 u.
1007 272 1250 304 lose-1092.

261 387 448 426 hibuisse.
523 385 703 424 Adnotat
744 384 960 423 Muellerus
1011 380 1138 422 ‘Maro
1189 395 1272 421 aen.
1299 382 1334 420 X
1362 382 1445 421 802
1497 382 1597 420 furit
1644 380 1799 420 Aeneas

261 449 468 496 tectusque
499 447 610 484 tenet
641 441 709 484 se'.
759 444 967 483 Promittit
997 444 1117 493 poeta
1147 443 1286 493 postea
1317 454 1357 481 se
1389 441 1561 492 amplius
1590 442 1630 480 et
1654 441 1799 480 fortius

262 519 421 546 carmen
452 507 494 544 in
525 505 716 544 honorem
748 516 830 543 esse
863 504 1105 554 scripturum
1136 503 1267 541 amici.

386 560 528 605 1088.
559 565 714 604 Nonius
745 578 782 614 p.
813 565 879 613 10,
907 565 958 602 21
999 560 1125 602 ‘Inlex
1163 563 1204 601 et
1241 562 1351 600 exlex
1389 562 1449 600 est
1485 562 1555 612 qui
1592 561 1677 600 sine
1713 561 1800 613 lege

263 628 377 666 uiuit.
401 658 407 663 .
430 657 436 663 .
459 657 466 663 .
486 625 664 664 Lucilius
685 626 912 675 satyrarum
931 623 998 662 lib.
1018 623 1059 662 H
1081 655 1087 661 .
1110 654 1117 661 .
1140 654 1146 660 .
1166 622 1296 661 Varro
1319 653 1325 659 .
1348 653 1355 659 .
1378 652 1384 659 .
1404 621 1583 660 Lucilius
1608 620 1676 660 lib.
1690 620 1800 659 XXX

265 683 502 736 “accipiunt
532 685 639 736 leges
671 684 842 735 populus
876 683 1018 733 quibus
1049 682 1203 734 legibus
1235 678 1404 721 exlex'’.’
1455 680 1581 733 Leges
1607 681 1802 730 accipiunt

264 748 325 785 est
356 746 508 785 dictum
538 746 584 784 ut
610 743 688 783 Cic.
714 757 787 795 pro
814 743 966 783 Gornel.
994 756 1055 794 ap.
1081 742 1223 782 Ascon.
1250 756 1287 793 p.
1316 742 1383 790 63,
1412 740 1557 780 18KS
1604 737 1691 780 ‘nec
1727 740 1800 779 cri-

263 806 474 855 minosius,
510 805 638 844 tribus
670 804 722 843 ad
757 804 886 856 legem
924 803 1196 854 accipiendam
1235 814 1354 852 quam
1392 800 1444 840 ad
1480 801 1676 851 collegam
1711 799 1802 839 red-

265 866 437 905 dendum
467 866 672 915 priuatum
703 865 810 903 intro
841 859 999 903 uocare’
1034 863 1081 902 de
1107 863 1170 901 off.
1197 861 1258 900 III
1285 862 1354 910 30,
1383 862 1464 900 109
1494 857 1712 900 ‘honestius
1737 859 1803 899 hic

266 939 386 976 quam
418 924 460 971 Q.
481 925 712 974 Pompeius,
749 935 827 974 quo
859 936 948 963 cum
984 924 1027 962 in
1066 922 1201 962 eadem
1241 933 1361 960 causa
1399 922 1517 970 esset,
1555 920 1803 970 deprecante,

266 987 429 1036 accepta
459 985 522 1023 lex
554 997 633 1023 non
664 980 739 1023 est'
767 983 818 1022 ad
843 983 927 1022 Att.
953 982 974 1022 I
1002 984 1068 1033 14,
1097 983 1120 1021 5
1156 978 1218 1021 ‘ut
1242 981 1420 1021 consules
1446 980 1639 1031 populum
1665 980 1802 1020 cohor-

265 1047 446 1084 tarentur
471 1044 522 1083 ad
547 1045 797 1095 rogationem
825 1039 1123 1094 accipiendam’.
1168 1041 1385 1092 Accipiunt
1409 1041 1530 1092 leges,
1555 1052 1654 1091 quas
1679 1039 1803 1092 uulgo

266 1106 344 1156 ipsi
375 1106 623 1143 contemnere
656 1103 820 1143 cottidie
851 1116 891 1142 se
922 1115 1038 1153 posse
1077 1102 1340 1141 arbitrantur:
1378 1100 1465 1139 Liu.
1492 1101 1549 1139 IX
1576 1101 1644 1149 34,
1671 1100 1695 1138 8
1736 1096 1803 1138 ‘an

266 1165 460 1216 populum
510 1165 654 1212 teneri,
703 1165 743 1202 te
793 1176 916 1201 unum
957 1162 1132 1214 exlegem
1175 1157 1302 1201 esse?’
1356 1161 1485 1199 Varro
1529 1161 1602 1199 sat.
1628 1160 1802 1209 Menipp.

270 1226 354 1264 507
370 1224 403 1262 Β
442 1221 658 1274 ‘postremo
697 1235 862 1274 quaero:
906 1222 1064 1273 parebis
1101 1221 1255 1272 legibus
1297 1234 1348 1260 an
1391 1218 1498 1259 non?
1549 1232 1650 1259 anne
1694 1219 1804 1259 exlex

267 1284 374 1324 solus
404 1280 553 1323 uiuis?

389 1338 530 1383 1089.
568 1343 723 1382 Nonius
754 1356 791 1392 p.
820 1343 923 1391 370,
952 1342 1005 1380 18
1052 1338 1234 1380 ‘Parcere
1277 1342 1336 1380 est
1379 1340 1539 1379 ueniam
1585 1339 1690 1378 dare.
1724 1370 1731 1377 .
1759 1370 1767 1377 .
1796 1369 1803 1377 .

266 1403 444 1443 Lucilius
475 1403 542 1441 lib.
569 1403 679 1442 XXX
711 1399 886 1452 “quanti
916 1414 987 1441 uos
1018 1401 1170 1440 faciant
1194 1401 1291 1440 socii
1316 1412 1564 1450 comparcere
1588 1394 1802 1450 possint''.'

269 1463 516 1502 Sententiam
547 1463 622 1502 hoc
652 1462 768 1502 modo
801 1462 1004 1512 suppleas:
1043 1458 1127 1500 ‘isti
1157 1461 1336 1500 homines
1366 1459 1531 1508 uidetis,
1562 1460 1704 1509 quanti
1733 1471 1804 1498 uos

269 1524 440 1572 faciant,
472 1524 586 1572 socii,
620 1535 739 1572 quom
770 1534 931 1572 parcere
962 1522 1135 1572 possint,
1169 1520 1332 1571 perdere
1364 1532 1435 1559 uos
1467 1516 1650 1558 malunt’.
1712 1519 1806 1558 socii

272 1583 494 1632 uocatiuus,
531 1584 577 1620 ut
608 1583 744 1621 incert.
771 1596 807 1619 u.
838 1582 963 1620 1323.
1026 1579 1137 1619 Conf.
1165 1579 1244 1619 Cic.
1269 1580 1382 1618 Verr.
1407 1579 1465 1618 IV
1493 1581 1531 1628 9,
1559 1580 1612 1618 19
1648 1575 1806 1629 ‘quanti

268 1656 302 1682 is
335 1655 359 1681 a
390 1642 543 1682 ciuibus
575 1642 656 1682 suis
687 1642 811 1690 fieret,
842 1642 985 1692 quanti
1016 1641 1234 1680 auctoritas
1267 1640 1351 1679 eius
1382 1639 1606 1689 haberetur,
1646 1639 1804 1690 ignora-

268 1698 383 1742 basP’
415 1715 487 1753 pro
520 1701 676 1748 Quinct.
706 1703 757 1740 51
795 1698 992 1753 ‘iugulare
1024 1702 1152 1739 ciuem
1183 1712 1232 1739 ne
1271 1701 1358 1738 iure
1396 1699 1556 1750 quidem
1594 1699 1807 1749 quisquam

267 1763 394 1801 bonus
424 1762 532 1811 uult,
570 1762 726 1800 mauult
757 1762 1057 1800 commemorari
1089 1773 1147 1810 se,
1179 1773 1268 1799 cum
1304 1761 1438 1810 posset
1461 1758 1636 1809 perdere,
1667 1771 1805 1808 peper-

271 1822 387 1870 cisse,
424 1835 562 1872 quam,
601 1834 689 1860 cum
719 1833 881 1872 parcere
912 1822 1106 1871 potuerit,
1144 1816 1392 1870 perdidisse’.
1454 1818 1535 1870 Agi
1565 1818 1724 1857 uidetur
1758 1818 1805 1857 de

269 1882 396 1920 turbis
428 1883 469 1919 in
500 1881 815 1931 possessionibus
847 1882 888 1919 et
917 1879 1090 1931 praediis
1117 1881 1315 1919 sociorum
1340 1879 1457 1918 factis
1483 1891 1586 1917 anno
1613 1878 1806 1930 624s130

273 1936 464 1994 625s129
499 1941 546 1979 de
579 1940 722 1990 quibus
753 1940 925 1990 Appian.
951 1940 987 1978 b.
1015 1952 1045 1978 c.
1071 1939 1092 1978 Ι
1117 1952 1202 1989 cap.
1232 1940 1297 1977 18.
1326 1940 1392 1977 19.

394 1995 535 2040 1090.
566 2000 720 2038 Nonius
752 2013 789 2049 p.
818 1999 915 2048 478,
943 2000 996 2037 26
1032 1995 1237 2037 ‘Nutritur
1267 1999 1308 2037 et
1331 1998 1557 2039 nutricatur
1581 2010 1653 2047 pro
1678 1998 1808 2036 nutrit

272 2062 311 2098 et
337 2060 522 2098 nutricat.
558 2090 563 2096 .
587 2090 593 2097 .
618 2091 623 2097 .
650 2059 828 2098 Lucilius
853 2058 921 2097 lib.
941 2058 1051 2096 XXX
1078 2054 1227 2096 “sensu
1250 2059 1477 2096 metricatwm.
1501 2068 1596 2096 sane
1625 2052 1728 2110 (sine
1750 2050 1806 2110 G)

272 2121 394 2169 caput
425 2119 617 2168 opprimit
654 2114 798 2168 ipse''.'
861 2118 994 2157 Verba
1030 2130 1120 2156 non.
1146 2117 1347 2168 intellego.
1410 2116 1563 2155 Plinius
1601 2117 1682 2154 nat.
1713 2116 1804 2155 hist.

272 2179 330 2217 XI
357 2179 439 2217 135
473 2178 520 2216 de
553 2178 682 2227 capite
715 2174 844 2216 ‘Hanc
875 2177 1024 2216 habent
1053 2189 1190 2217 sensus
1223 2189 1354 2215 arcem
1381 2207 1387 2214 .
1411 2207 1418 2214 .
1441 2207 1447 2214 .
1474 2176 1539 2215 hic
1570 2176 1714 2215 mentis
1745 2176 1807 2214 est

271 2234 476 2288 regimen’.
527 2237 667 2287 Itaque
686 2238 884 2287 temptaui
904 2234 1054 2277 ‘sensus
1074 2237 1319 2276 nutricatum
1341 2237 1445 2276 asini
1469 2236 1591 2286 caput
1615 2236 1808 2286 opprimit

271 2294 389 2347 ipse’:
431 2309 570 2347 nempe
607 2297 724 2336 homo
762 2297 931 2336 stolidus
968 2299 1054 2347 ipse
1096 2309 1211 2335 suum
1255 2297 1375 2346 caput
1417 2295 1528 2335 dedit
1570 2297 1658 2334 neci
1701 2294 1806 2345 quod

272 2357 517 2395 nutricatum
548 2358 635 2395 erat
666 2358 769 2396 asini
800 2369 947 2396 sensus.
1781 2356 1783 2358 ’

395 2410 535 2455 1091.
567 2417 720 2456 Nonius
751 2430 788 2467 p.
817 2418 915 2467 269,
943 2417 998 2455 20
1031 2413 1263 2465 ‘Conficere,
1302 2428 1549 2464 consumere,
1584 2414 1710 2454 finire.

272 2475 448 2514 Lucilius
485 2475 552 2514 lib.
579 2476 688 2514 XXX
726 2472 918 2525 “confecit
958 2477 1044 2526 ipse
1085 2472 1373 2525 comestque''.’
1441 2475 1553 2514 Idem
1589 2488 1627 2525 p.
1655 2475 1723 2524 81,
1750 2475 1804 2513 27

275 2532 450 2574 ‘Comest
491 2548 563 2584 pro
607 2535 779 2574 comedit
811 2567 818 2574 .
848 2567 854 2574 .
883 2567 890 2574 .
922 2535 1099 2575 Lucilius
1132 2566 1140 2574 .
1169 2566 1175 2573 .
1204 2565 1211 2573 .
1244 2535 1298 2574 Et
1328 2535 1438 2573 XXX
1482 2532 1675 2573 “conficit
1721 2535 1806 2584 ipse

229 2634 234 2638 ,
274 2591 530 2643 comesque''.'

395 2649 536 2693 1092.
568 2654 722 2693 Nonius
747 2668 784 2704 p.
813 2654 881 2704 35,
909 2655 962 2693 15
991 2651 1211 2704 ‘Arquatus
1239 2654 1398 2694 morbus
1424 2654 1552 2692 dictus
1579 2654 1649 2703 qui
1672 2653 1805 2704 regius

275 2713 432 2762 dicitur,
465 2714 571 2763 quod
601 2726 714 2752 arcus
747 2715 800 2753 sit
830 2714 1024 2763 concolor,
1057 2714 1103 2752 de
1136 2715 1278 2763 uirore,
1310 2714 1375 2753 uel
1406 2714 1512 2764 quod
1542 2715 1601 2752 ita
1633 2713 1808 2764 stringat

275 2785 458 2823 corpora,
495 2774 541 2810 ut
570 2774 613 2811 in
645 2786 780 2811 arcum
811 2773 940 2812 ducat.
1004 2774 1109 2823 quod
1135 2786 1155 2808 *
1178 2786 1197 2809 *
1221 2785 1240 2809 *
1268 2785 1338 2812 nos
1375 2785 1457 2813 esse
1495 2774 1683 2823 arquatos
1721 2784 1806 2810 sur-

274 2845 431 2883 gamus,
469 2845 620 2882 eamus,
659 2829 850 2883 agamus'.
906 2833 1086 2872 Adnotat
1116 2833 1411 2872 Lachmannus:
1450 2830 1612 2871 ‘Lucilii
1647 2843 1806 2870 uersum

275 2904 357 2930 esse
389 2904 522 2931 omnes
552 2892 757 2931 uiderunt:
789 2893 856 2931 sed
887 2894 947 2931 est
978 2905 1024 2931 ex
1054 2892 1156 2932 libro
1181 2893 1302 2942 XXX,
1334 2905 1354 2931 e
1386 2905 1463 2943 quo
1488 2892 1641 2931 Nonius
1673 2891 1807 2929 omnia

275 2952 456 3000 sumpsit,
488 2964 589 3001 quae
621 2953 714 2990 sunt
744 2953 787 2989 in
811 2953 961 2990 uicinia
991 2952 1108 2991 huius
1135 2949 1329 3002 capituli’.
1374 2951 1503 2991 Sicuti
1527 2951 1804 2990 Lachmannus

274 3011 334 3048 ita
364 3012 455 3059 post
485 3009 783 3049 Lachmannum
814 3012 937 3051 Nonii
973 3012 1143 3050 editores
1181 3012 1410 3050 iudicarunt
1442 3012 1662 3050 statuentes
1698 3010 1805 3048 lacu·
