2060 3444
747 268 875 304 incert.
903 266 980 303 sed.
1006 278 1041 302 u.
1074 270 1319 302 1299—1800.
1721 265 1810 307 413

266 382 416 423 similia
464 395 535 434 per
583 382 869 432 parhomoeon‚
929 380 1130 419 ablatiuus
1181 379 1387 419 absolutus
1437 382 1550 419 asino
1600 380 1813 420 comedente

267 443 405 483 durior
434 442 672 492 Hieronymi
703 454 786 482 esse
817 439 989 490 uidetur,
1020 439 1089 479 sed
1119 440 1314 479 comedere
1343 443 1449 480 recte
1481 443 1540 479 est
1571 439 1747 491 positum
1772 440 1812 478 in

267 503 435 542 historia
466 501 514 542 de
546 502 658 541 asino
683 501 781 540 ficus
806 499 1035 540 comedente
1062 512 1179 550 quem
1206 498 1339 538 ridens
1365 499 1545 539 Philemo
1572 499 1813 550 expirauisse

267 562 414 602 dicitur
445 574 508 612 ap.
535 561 624 601 Val.
650 561 753 601 Max.
779 560 837 599 IX
865 561 918 599 12
946 563 1022 599 ext.
1057 560 1093 599 6.
1151 558 1302 610 Turpia
1333 559 1448 599 labra
1484 560 1587 599 asini
1618 563 1814 599 memorat

266 621 445 673 Xenoph.
473 621 637 662 Conuiu.
664 620 701 659 V
730 623 752 660 7
787 618 853 660 διὰ
885 617 927 659 δὲ
959 618 1001 658 τὺ
1033 617 1157 672 παχέα
1188 617 1289 672 ἔχειν
1320 618 1367 659 τὰ
1398 619 1504 672 χείλη
1537 618 1611 659 οὐκ
1643 619 1717 659 οἴει
1748 618 1814 658 καὶ

267 680 543 736 μαλακώτερόν
581 693 654 721 σου
691 679 792 734 ἔχειν
829 679 871 720 τὸ
909 679 1083 732 φίλημας
1124 677 1247 731 ἔοικα,
1278 678 1372 731 ἔφη,
1403 678 1478 733 ἐγὼ
1510 678 1608 719 κατὰ
1640 678 1709 718 τὸν
1741 678 1812 719 σὸν

267 741 387 796 λόγον
430 739 498 782 καὶ
539 747 619 782 τῶν
662 738 768 781 ὄνων
810 739 964 793 αἴσχιον
1003 738 1046 779 τὸ
1088 738 1211 792 στόμα
1255 737 1368 792 ἔχειν.
1436 740 1569 791 Turpe
1613 752 1656 779 os
1688 739 1814 791 igitur

266 802 412 842 habere
449 802 586 853 turpia
626 801 735 841 olera
773 800 910 851 qualia
947 802 1041 840 sunt
1079 800 1217 839 cardui
1254 800 1288 840 si
1327 800 1461 840 asinus
1499 800 1667 839 carduos
1699 802 1815 839 cenat

267 862 367 901 dicit
398 862 672 913 prouerbium:
706 861 794 912 ipsa
825 861 934 900 olera
966 860 1048 900 olla
1078 860 1177 912 legit
1209 859 1353 899 Catull.
1383 861 1451 910 94,
1478 862 1516 899 2.
1577 859 1816 899 Ablatiuum

215 965 218 967 ,
266 924 379 962 αεὶηο
404 922 572 961 carduos
597 922 812 961 comedente
831 923 952 972 negat
971 920 1022 959 ad
1042 920 1299 970 prouerbium
1320 921 1519 970 pertinere
1539 918 1636 959 Otto
1656 919 1704 958 de
1722 933 1814 970 pro-

267 982 416 1022 uerbiis
441 995 478 1033 p.
499 981 545 1020 R.
566 995 594 1022 s.
615 995 652 1020 u.
678 981 835 1020 labrum
860 994 898 1031 p.
921 981 1005 1020 182
1033 980 1106 1020 hoc
1131 979 1249 1019 modo
1275 981 1346 1031 qui
1370 981 1506 1020 uertat
1526 977 1613 1019 ‘Als
1636 981 1702 1019 ein
1721 980 1814 1019 Esel

266 1041 424 1082 Disteln
455 1040 558 1091 fraB‚
589 1043 703 1093 sagte
729 1040 894 1092 jemand
927 1037 1132 1080 “similem
1162 1040 1311 1080 habent
1350 1039 1464 1079 labra
1495 1037 1725 1080 lactucam”
1759 1040 1815 1079 sie

266 1115 410 1153 passen
460 1101 718 1152 zueinander,
768 1101 951 1141 woruber
999 1099 1070 1139 der
1118 1103 1229 1140 sonst
1276 1101 1420 1140 immer
1468 1102 1600 1140 ernste
1635 1100 1815 1140 ,Crassus

268 1162 408 1201 lachen
439 1161 589 1212 mnsste,
621 1161 693 1201 das
724 1161 877 1213 einzige
908 1160 992 1199 Mal
1019 1161 1062 1199 in
1088 1160 1236 1200 seinem
1261 1157 1423 1199 Leben’.
1479 1161 1536 1199 At
1567 1161 1717 1200 corruit
1741 1160 1815 1199 hac

266 1223 424 1262 ratione
454 1221 625 1272 probata
656 1223 856 1261 structura
878 1221 1091 1260 uerborum
1116 1221 1158 1259 in
1182 1220 1420 1271 Hieronymi
1445 1221 1643 1260 sententia
1667 1222 1710 1259 in
1736 1234 1815 1270 qua

267 1282 467 1322 claudicat
487 1281 688 1321 ablatiuus
713 1281 786 1321 hoc
811 1281 928 1320 modo
949 1282 983 1320 si
1002 1280 1356 1332 interpretabimur
1378 1282 1438 1320 ita
1456 1293 1641 1331 peruerse
1661 1282 1814 1331 positus

273 1344 317 1381 ut
343 1341 438 1381 ferri
465 1343 625 1381 omnino
651 1343 834 1392 nequeat.
888 1341 993 1380 Nam
1018 1340 1142 1380 uerba
1159 1341 1234 1380 illa
1260 1337 1490 1380 ‘secundum
1516 1340 1616 1379 illud
1641 1337 1814 1391 quoque'

268 1396 580 1456 (prouerbium),
612 1415 713 1452 quae
745 1401 854 1441 dicta
885 1404 978 1441 sunt
1008 1403 1054 1440 ut
1085 1402 1204 1440 antea
1238 1397 1367 1440 ‘iuxta
1396 1401 1539 1440 tritum
1566 1401 1705 1451 populi
1737 1413 1815 1439 ser-

266 1475 383 1501 mone
427 1458 697 1513 prouerbium'
744 1463 928 1511 sequitur
970 1461 1144 1511 primum
1191 1462 1445 1500 enuntiatum
1488 1461 1704 1500 relatiuum
1749 1455 1816 1514 (de

267 1533 343 1571 quo
374 1535 406 1561 e.
428 1535 463 1572 q.
484 1517 546 1576 s.)‚
578 1521 719 1560 deinde
751 1521 953 1572 prouerbii
982 1521 1120 1560 uerba:
1154 1534 1178 1560 a
1210 1520 1354 1571 quibus
1381 1520 1583 1560 ablatiuus
1609 1520 1815 1559 absolutus

267 1583 302 1622 si
326 1581 551 1632 diuelletur‚
577 1581 740 1620 omnino
764 1594 844 1620 non
868 1580 1032 1620 habebit
1058 1593 1137 1631 quo
1161 1581 1371 1631 pertineat.
1427 1581 1565 1620 Monet
1589 1580 1815 1619 Vollmerus

266 1641 372 1680 idem
405 1643 539 1681 extare
570 1641 828 1692 prouerbium
855 1641 961 1691 apud
985 1641 1210 1692 Eugenium
1236 1640 1474 1680 Toletanum
1501 1653 1620 1680 carm.
1649 1641 1703 1679 89
1731 1641 1815 1679 eius

268 1714 391 1752 quam
422 1703 638 1752 praeparat
669 1701 856 1741 editionis
883 1698 1068 1740 ‘carduus
1101 1702 1142 1740 e't
1178 1701 1294 1750 spina
1333 1713 1423 1739 cum
1453 1703 1613 1751 pastum
1650 1700 1817 1750 praebet

269 1761 392 1801 asello
428 1761 587 1801 lactuca
624 1760 748 1800 labris
785 1773 948 1812 compar
986 1758 1060 1800 est’
1104 1755 1274 1814 (Mignei
1305 1761 1450 1811 patrol.
1476 1759 1565 1799 Lat.
1591 1760 1816 1799 LXXXVII

267 1822 309 1860 II
335 1834 455 1861 carm.
484 1823 540 1861 50
571 1834 609 1872 p.
632 1815 750 1876 393).

390 1873 533 1921 1300.
566 1880 702 1920 Cicero
741 1881 790 1921 de
826 1881 891 1920 fin.
917 1881 1006 1920 bon.
1034 1883 1074 1920 et
1104 1881 1197 1920 mal.
1217 1881 1253 1919 V
1282 1882 1356 1931 30,
1385 1882 1438 1920 92
1474 1877 1545 1919 ‘At
1582 1880 1657 1920 hoc
1695 1881 1737 1918 in
1769 1893 1815 1919 eo

268 1941 319 1980 M.
341 1941 495 1991 Crasso,
533 1954 652 1991 quem
688 1941 811 1981 semel
848 1942 907 1980 ait
929 1942 986 1981 ‚in
1017 1942 1103 1980 uita
1134 1941 1267 1981 risisse
1298 1941 1489 1991 Lucilius,
1520 1954 1601 1980 non
1633 1941 1816 1992 contigit,

269 2004 315 2040 ut
346 2013 394 2040 ea
423 2014 467 2041 re
498 2002 632 2041 minus
662 2002 876 2053 agelastus,
908 2003 954 2040 ut
985 2002 1045 2040 ait
1074 2001 1192 2051 idem,
1222 1997 1464 2040 uocaretur’.
1519 2000 1631 2040 Idem
1656 2001 1814 2039 Tuscul.

268 2061 415 2112 disput.
440 2061 504 2101 HI
531 2062 597 2111 15,
625 2062 677 2101 31
715 2058 813 2100 ‘Nec
843 2073 939 2101 uero
977 2074 1024 2101 ea
1054 2061 1163 2101 frons
1195 2063 1299 2111 erat,
1331 2074 1434 2111 quae
1466 2061 1517 2099 M.
1541 2059 1674 2100 Crassi
1705 2061 1815 2099 illius

268 2122 428 2170 ueteris,
460 2134 574 2172 quem
609 2122 732 2160 semel
763 2122 822 2160 ait
852 2122 893 2159 in
926 2121 1034 2160 omni
1066 2121 1153 2160 uita
1187 2122 1321 2161 risisse
1352 2117 1557 2160 Lucilius'.
1619 2121 1815 2160 Asconius

270 2181 394 2222 falsus
418 2182 461 2220 in
487 2182 683 2220 actionem
708 2182 728 2220 I
753 2181 795 2219 in
815 2181 980 2220 Verrem
1007 2182 1031 2220 5
1059 2194 1096 2231 p.
1126 2182 1209 2220 128
1238 2180 1358 2220 Orell.
1391 2178 1402 2196 ‘
1422 2178 1586 2220 “Semel
1611 2181 1672 2220 ait
1702 2193 1742 2220 se
1774 2182 1815 2219 in

269 2241 356 2279 uita
387 2237 685 2291 pertimuisse'’.
747 2241 807 2280 Ex
845 2241 984 2280 eodem
1014 2253 1132 2281 sensu
1163 2243 1240 2290 est,
1279 2240 1385 2292 quod
1417 2242 1539 2280 semel
1569 2241 1612 2279 in
1643 2241 1731 2279 uita
1761 2242 1814 2279 ri—

269 2301 365 2340 sisse
391 2300 576 2340 Crassum
603 2300 742 2340 scribit
765 2300 956 2340 Lucilius.
1005 2301 1110 2340 unde
1130 2300 1331 2353 Vergilius
1357 2300 1457 2339 mihi
1481 2300 1644 2340 uidetur
1669 2301 1815 2340 dixisse

270 2355 388 2413 (Aen.
408 2360 508 2399 Vm
534 2355 641 2414 222)
674 2357 790 2399 “tum
830 2360 1003 2410 primum
1040 2361 1168 2400 nostri
1201 2359 1347 2399 Cacum
1379 2360 1514 2399 uidere
1545 2357 1813 2399 timentem''.’

272 2419 416 2459 Confer
449 2419 621 2459 Macrob.
648 2419 731 2460 Sat.
757 2420 799 2459 II
827 2423 870 2470 1,
905 2421 928 2458 6
962 2419 1092 2459 Amm.
1121 2420 1297 2460 Marcell.
1318 2419 1451 2459 XXVI
1473 2421 1510 2469 9,
1534 2422 1584 2459 11
1638 2420 1814 2470 Apollin.

272 2478 352 2518 Sid.
385 2492 504 2520 carm.
536 2479 667 2518 XXIV
697 2480 750 2519 13
795 2480 1026 2530 Hieronym.
1053 2493 1112 2531 ep.
1141 2480 1191 2519 ad
1227 2478 1469 2519 Demetriad.
1495 2479 1516 2518 I
1547 2493 1584 2530 p.
1613 2480 1696 2519 989
1709 2479 1815 2519 Vall.

271 2539 361 2579 adu.
387 2539 515 2578 Rufin.
542 2534 583 2594 (I
609 2534 685 2594 30)
723 2540 764 2579 II
795 2553 831 2590 p.
860 2541 944 2579 486
992 2534 1103 2594 (uide
1146 2541 1415 2592 fragmentum
1461 2539 1567 2590 quod
1617 2539 1818 2578 antecedit

273 2594 419 2653 1299).
481 2599 636 2640 Plinius
673 2602 754 2639 nat.
779 2600 872 2640 hist.
897 2599 978 2638 VH
1006 2601 1059 2639 79
1092 2595 1225 2654 (Solin
1255 2600 1277 2639 I
1305 2594 1379 2652 72)
1420 2596 1586 2639 ‘Ferunt
1630 2598 1815 2639 Crassum

271 2671 392 2698 auum
424 2658 556 2699 Crassi
591 2661 633 2698 in
671 2659 830 2699 Parthis
867 2660 1099 2711 interempti
1137 2672 1355 2710 numquam
1386 2659 1539 2709 risisse,
1571 2659 1620 2699 ob
1651 2659 1692 2698 id
1725 2672 1814 2711 age-

271 2719 419 2758 lastum
462 2716 664 2758 uocatum’
710 2719 859 2758 Fronto
903 2720 954 2759 ad
992 2720 1044 2759 M.
1070 2719 1320 2759 Antoninum
1356 2733 1395 2770 p.
1428 2720 1509 2758 151
1532 2719 1570 2758 N
1611 2716 1683 2758 ‘Vt
1719 2719 1814 2758 olim

272 2777 437 2818 Crassus
467 2779 595 2819 tristis
625 2779 751 2818 risum
781 2776 947 2818 oderat'.
1003 2778 1124 2819 Pater
1147 2780 1351 2818 triumuiri
1377 2779 1514 2818 consul
1547 2779 1625 2818 fuit
1657 2779 1812 2831 657s97

271 2837 316 2876 P.
334 2837 512 2877 Licinius
548 2838 601 2876 M.
622 2839 648 2877 f.
683 2837 844 2878 Crassus
882 2838 1024 2887 Diues,
1062 2851 1160 2878 auus
1197 2840 1325 2890 igitur
1361 2839 1412 2877 M.
1433 2837 1610 2876 Licinius
1649 2838 1815 2877 Crassus

273 2909 391 2936 senex
428 2900 515 2936 erat
550 2896 696 2936 Lucilii
733 2899 876 2937 aetate.
943 2897 1003 2936 De
1040 2898 1239 2937 Phocione
1277 2894 1515 2950 [Plutarch]
1560 2898 1814 2948 apopthegm.

272 2969 352 3008 reg.
380 2958 420 2995 et
450 2957 545 3007 imp.
571 2970 608 3006 p.
631 2957 714 2995 187
731 2957 762 2995 F
792 2952 857 2996 ὑπ’
886 2955 1050 3004 οὐδενὸς
1075 2954 1163 2996 οὔτε
1188 2959 1311 3009 γελῶν
1337 2955 1463 3007 ὤφθη
1494 2954 1582 2996 οὔτε
1616 2956 1814 3009 δακρύων,

278 3015 451 3066 Alciphr'.
484 3015 545 3055 III
578 3016 633 3054 64
671 3011 747 3069 (28
782 3011 1004 3067 Schepers.)
1052 3015 1333 3066 philosophum
1383 3015 1562 3066 appellat
1617 3014 1815 3067 αὐστηρὸν
