2060 3444
298 238 382 282 112
875 237 962 277 vm
986 251 1021 277 u.
1049 241 1249 279 see-299.

990 405 1132 463 VIII.

415 506 526 551 296.
576 510 730 551 Nonius
778 525 816 562 p.
844 512 950 561 489,
982 512 1039 551 20
1089 508 1268 551 ‘Gracila
1316 514 1376 552 est
1426 526 1498 564 pro
1547 514 1709 566 gracilis
1759 515 1829 554 est.

294 570 471 610 Lucilius
503 573 730 622 satyrarum
760 571 828 610 lib.
849 571 949 610 VIII
982 568 1121 622 “quod
1152 572 1338 623 gracile..
1390 571 1610 613 ..similis''
1615 570 1626 588 '
1682 574 1832 626 Agitur

294 631 341 669 de
385 632 520 681 puella
563 631 740 671 nondum
783 631 922 670 adulta
966 633 1007 670 et
1049 632 1160 670 casta
1203 633 1334 683 qualis
1371 632 1566 674 Atalanta
1603 634 1682 672 fuit
1718 635 1830 673 cuius

294 691 500 741 epitheton
523 692 668 739 pernix
700 691 890 731 sollemne
919 693 980 730 est
1004 685 1170 745 (Catull.
1195 692 1237 730 II
1265 693 1317 731 12
1346 692 1447 732 Stat
1474 693 1593 732 Theb.
1619 693 1678 732 IV
1705 688 1829 748 312)-

294 751 342 790 de
379 764 459 801 qua
496 750 612 791 Ouid.
645 754 805 790 metam.
832 751 932 790 VIII
958 752 1062 790 322:
1108 748 1245 791 ‘facies
1287 765 1407 802 quam
1443 752 1572 792 dicere
1615 765 1708 792 uere
1750 754 1830 793 uir·

294 813 453 862 gineam
490 813 532 850 in
569 824 710 862 puero,
747 812 942 862 puerilem
978 813 1020 849 in
1058 813 1215 863 uirgine
1252 809 1414 863 posses'.
1449 834 1503 840 —-
1536 812 1642 863 quod
1672 815 1831 864 pectore

293 867 412 923 puro]
445 871 496 910 ad
528 873 658 910 castos
688 884 817 910 mores
847 873 1023 922 pertinet
1053 873 1099 909 ut
1134 871 1241 910 idem
1272 884 1409 911 uersus
1441 874 1569 911 exitus
1601 885 1664 923 ap.
1690 872 1829 913 Horat.

274 943 407 970 serm.
433 931 454 970 Ι
481 932 524 981 6,
552 932 607 970 64
642 928 735 971 ‘non
779 933 893 982 patre
936 931 1141 982 praeclaro
1184 931 1253 970 sed
1295 933 1383 971 uita
1425 934 1465 970 et
1500 935 1659 983 pectore
1695 929 1830 984 puro’3

293 993 407 1041 epist.
433 991 453 1029 I
481 993 518 1040 2,
546 992 599 1030 67
635 988 754 1031 ‘nunc
786 991 927 1031 adbibe
965 1004 1065 1041 puro
1097 993 1255 1042 pectore
1289 992 1412 1031 uerba
1442 988 1567 1042 puer'.
1628 992 1831 1032 Praeierat

294 1051 446 1090 Ennius
483 1053 526 1089 in
563 1051 758 1090 Phoenice
796 1046 901 1105 (259
918 1046 972 1105 R)
1012 1048 1074 1090 ‘ea
1110 1052 1274 1091 libertas
1313 1053 1372 1091 est
1413 1053 1483 1102 qui
1518 1054 1655 1103 pectus
1686 1065 1831 1103 purum

293 1113 334 1150 et
370 1111 526 1149 firmum
563 1108 759 1163 gestitat’.
826 1111 968 1161 Itaque
1012 1113 1260 1150 enumerauit
1303 1114 1422 1162 poeta
1465 1113 1634 1151 uirtutes
1673 1112 1830 1163 puellae

295 1171 440 1221 quibus
470 1174 612 1211 ornata
644 1172 742 1211 uiris
773 1173 982 1222 tantopere
1013 1172 1219 1222 placuerit.

414 1225 524 1271 298.
575 1231 801 1270 Priscianus
855 1229 928 1270 GL
960 1230 1001 1269 II
1039 1245 1076 1282 p.
1106 1233 1209 1281 115,
1243 1233 1296 1270 15
1323 1231 1359 1270 K
1410 1229 1635 1271 ‘Praeterea
1689 1244 1830 1283 panus,

292 1292 501 1340 panucula.
563 1291 742 1330 Lucilius
772 1292 815 1329 in
846 1290 946 1329 vm
984 1287 1126 1330 “intus
1157 1290 1274 1330 modo
1310 1294 1380 1330 stet
1416 1293 1545 1331 rectus
1582 1291 1828 1338 subteminis,

292 1347 480 1400 panus''.’
545 1351 604 1389 Ex
642 1351 779 1390 eodem
817 1352 978 1389 auctore
1014 1351 1168 1390 Nonius
1207 1364 1245 1402 p.
1270 1352 1370 1400 149,
1398 1352 1452 1389 24
1487 1349 1645 1401 ‘Panus,
1675 1353 1829 1391 tramae

294 1412 563 1461 inuolucrum,
600 1424 722 1461 quam
759 1411 999 1449 diminutiue
1036 1411 1249 1461 panuclam
1292 1423 1479 1450 uocamus
1522 1406 1709 1465 (dicimus
1753 1411 1831 1451 edit

295 1465 502 1524 Onionsit).
563 1470 742 1510 Lucilius
772 1470 839 1509 lib.
868 1470 1011 1510 VIIII
1048 1467 1178 1519 “foris
1215 1470 1448 1510 subteminis
1479 1466 1703 1525 (Leidensis
1739 1472 1828 1511 sub-

291 1548 497 1607 steminus)
548 1567 674 1605 panus
724 1531 895 1607 (pannis
949 1549 1364 1608 Guelferbytanus)''.'
1434 1555 1492 1593 Ex
1548 1554 1684 1594 eodem
1729 1554 1828 1593 oha-

292 1615 410 1653 risius
452 1613 528 1652 GL
567 1614 586 1653 I
624 1628 661 1665 p.
698 1615 800 1664 105,
839 1614 864 1653 8
884 1614 931 1652 K.
983 1611 1212 1653 ‘Paniculae
1263 1613 1521 1667 πρωτότυπον
1577 1627 1704 1664 panus
1756 1616 1827 1653 est.

292 1674 469 1713 Lucilius
519 1675 561 1712 in
605 1673 705 1712 VIII
755 1670 957 1728 (impressi
1008 1669 1166 1728 quarto)
1211 1670 1465 1713 “sabam-inis
1506 1671 1694 1725 panus’'.'
1769 1673 1829 1712 Ex

294 1733 473 1772 Charisio
493 1733 603 1772 Beda
623 1733 696 1772 GL
722 1734 801 1772 VH
827 1749 864 1785 p.
887 1735 985 1783 285,
1013 1735 1068 1773 20
1088 1733 1124 1772 Κ
1149 1734 1219 1772 ubi
1243 1734 1467 1773 subteminis
1488 1736 1594 1773 recte
1613 1733 1828 1783 Leidensis‚

284 1805 451 1842 pannus
499 1806 645 1833 omnes.
717 1794 841 1833 Felici
891 1807 984 1833 casu
1034 1795 1184 1833 factum
1234 1795 1294 1832 est
1336 1796 1383 1833 ut
1424 1806 1586 1833 uersum
1627 1795 1829 1846 integrum

292 1854 488 1903 possimus
525 1847 768 1904 recuperare.
831 1854 949 1892 Intus
985 1855 1090 1892 enim
1129 1856 1170 1893 et
1204 1855 1304 1903 foris
1340 1853 1463 1893 uerba
1499 1855 1700 1893 contraria
1735 1854 1830 1893 sunt

292 1916 338 1952 ut
374 1927 437 1963 ap.
464 1913 577 1952 Varr.
607 1913 643 1953 d.
670 1914 713 1952 L.
740 1913 776 1951 V
815 1916 895 1952 131
946 1911 1085 1952 ‘unum
1127 1913 1234 1963 quod
1277 1914 1374 1953 foris
1418 1926 1465 1952 ac
1505 1914 1657 1964 palam,
1706 1914 1828 1965 palla,

294 1974 463 2012 alterum
495 1973 601 2023 quod
632 1974 751 2023 intus,
784 1987 806 2012 a
838 1986 917 2024 quo
947 1970 1171 2012 intusium’.
1228 1971 1416 2012 Contenti
1446 1975 1541 2013 sunt
1571 1973 1691 2012 multi
1717 1974 1828 2023 turpi

292 2034 394 2071 facie
437 2033 635 2083 mulieris,
678 2033 795 2072 modo
839 2035 969 2072 rectus
1013 2035 1092 2071 stet
1134 2033 1245 2071 fusus
1288 2033 1413 2083 intus,
1457 2034 1554 2072 foris
1592 2033 1826 2072 subteminis

292 2092 435 2143 globus
471 2095 580 2131 recto
618 2092 755 2131 ordine
792 2094 934 2132 auctus
973 2094 1183 2143 appareat,
1221 2092 1325 2143 quod
1357 2094 1569 2142 utrumque
1601 2092 1756 2131 sobriae
1787 2094 1828 2131 et

292 2151 473 2190 lanificae
504 2154 712 2203 proprium
744 2154 831 2191 erit.
887 2152 1006 2191 Libro
1038 2152 1138 2191 VIII
1169 2166 1217 2191 ex
1244 2151 1414 2192 Charisii
1445 2154 1485 2191 et
1515 2152 1711 2191 Prisciani
1735 2164 1826 2190 con-

292 2224 408 2251 sensu
445 2224 606 2251 uersum
644 2213 937 2263 adscripsimus.
999 2212 1131 2252 Panus
1170 2214 1230 2251 est
1266 2212 1409 2263 globus
1445 2212 1680 2252 subteminis
1720 2211 1826 2262 quod

291 2271 451 2310 ducitur
499 2285 523 2311 a
572 2272 660 2312 fuso
703 2273 728 2311 i.
761 2286 792 2310 e.
842 2270 1017 2324 ἠλακάτη
1066 2274 1192 2312 recto:
1241 2272 1481 2312 uocabulum
1523 2274 1584 2311 est
1622 2271 1826 2321 Doricum,

291 2336 435 2383 πῆνος·
473 2331 650 2383 ὕφασμα.
687 2332 850 2383 πηνίον·
888 2331 1133 2372 πανούκλιον
1170 2329 1198 2384 ἢ
1234 2329 1423 2385 ἄτρακτος
1452 2331 1509 2379 εἰς
1539 2328 1586 2371 ὃν
1616 2330 1770 2371 εἰλεῖται
1798 2328 1825 2383 ἡ

290 2390 414 2444 κρόκη
458 2391 691 2442 Hesychius.
729 2392 806 2430 ΑΡ
830 2391 888 2430 VI
922 2392 1007 2431 160
1049 2391 1209 2445 κερκίδα
1239 2423 1246 2430 .
1274 2423 1281 2430 .
1310 2422 1317 2430 .
1343 2390 1412 2431 τόν
1451 2405 1489 2430 τε
1532 2389 1826 2445 καρηβαρέοντα

290 2450 631 2504 πολυρροίβδητον
667 2450 877 2505 ἄτρακτον,
914 2453 1118 2505 κλωστῆρα
1149 2457 1335 2505 στρεπτᾶς
1364 2449 1561 2504 εὔδρομον
1591 2448 1825 2503 ἁρπεδόνας,

290 2509 356 2550 καὶ
398 2509 550 2562 πήνας,
593 2509 659 2550 καὶ
701 2510 815 2550 τόνδε
859 2510 1126 2562 φιληλάκατον
1169 2510 1415 2550 καλαθίσκον
1431 2538 1433 2540 -
1451 2512 1529 2549 κτλ.
1567 2511 1826 2550 substernimus

292 2570 398 2620 quod
428 2570 592 2620 praebet
616 2571 739 2610 Nonii
769 2570 972 2610 Leidensis
1005 2571 1192 2610 defendas
1223 2571 1352 2610 forma
1378 2572 1572 2619 supstenet
1602 2569 1711 2609 OLE
1739 2571 1823 2609 929

291 2630 542 2669 Buecheleri:
573 2631 639 2669 uel
670 2631 879 2682 genetiuus
910 2631 953 2669 in
984 2643 1049 2670 -us
1079 2631 1238 2669 defendi
1267 2632 1401 2681 potest
1432 2642 1521 2669 cum
1551 2629 1636 2668 Oat.
1661 2629 1710 2668 de
1741 2642 1824 2681 agr.

292 2690 385 2728 cult.
409 2690 506 2740 157,
527 2690 552 2728 8
578 2693 712 2729 uterus
737 2692 777 2729 et
803 2692 1003 2740 eoeperirus
1021 2691 1168 2730 formas
1187 2690 1334 2729 habeat
1351 2690 1424 2729 cod
1442 2689 1480 2727 A
1500 2689 1580 2728 alii.
1626 2688 1703 2728 Sed
1723 2688 1825 2728 illud

290 2749 479 2788 mendum
510 2761 593 2788 esse
625 2749 780 2788 librarii
817 2752 877 2789 est
913 2750 1171 2800 probabilius.
1233 2750 1281 2788 In
1306 2762 1396 2800 app.
1423 2748 1507 2788 crit.
1535 2748 1675 2788 addas:
1705 2749 1823 2788 subti-

209 2802 214 2806 ’
289 2811 410 2848 minis
436 2809 586 2848 Charis.
612 2810 667 2848 N:
699 2809 762 2848 lib.
788 2810 861 2848 IX
882 2811 1018 2849 tribuit
1039 2810 1206 2849 Nonius.

411 2863 521 2908 299.
547 2869 774 2908 Priscianus
807 2868 880 2907 GL
906 2869 947 2908 H
970 2883 1008 2920 p.
1031 2870 1128 2920 397,
1155 2871 1210 2908 24
1230 2869 1268 2908 Κ
1295 2866 1414 2907 ‘Nam
1445 2882 1469 2908 a
1493 2869 1624 2907 lenteo
1649 2867 1823 2906 lentesco

291 2928 510 2978 deriuatur,
543 2928 738 2978 quomodo
771 2941 795 2967 a
825 2929 924 2968 duro
956 2929 1118 2968 duresco
1150 2931 1191 2967 et
1222 2941 1246 2967 a
1277 2930 1387 2967 uireo
1418 2929 1581 2967 uiresco.
1643 2927 1823 2966 Lucilius

290 2990 424 3026 tamen
456 2989 498 3025 in
524 2988 623 3025 VIII
656 2985 813 3027 “lentet
844 2985 974 3038 opus’'
1001 2985 1198 3039 protulit.’
1255 2988 1479 3027 Macrobius
1505 2986 1577 3026 GL
1605 2986 1640 3024 V
1666 3001 1703 3037 p.
1726 2987 1823 3035 650,
