2060 3444
299 251 386 293 364
779 250 909 286 incert.
936 251 1012 286 sed.
1040 262 1074 284 u.
1104 253 1349 285 1149—1151.

299 363 377 403 ε’στι
414 361 625 417 φραζέσθω
664 362 717 414 μή
755 363 812 410 τίς
850 363 891 402 οἱ
919 361 1090 414 ἀμείνων
1123 365 1203 402 σεῖο
1237 362 1402 415 μάχηται
1434 361 1487 414 μὴ
1521 361 1596 414 δὴν
1629 361 1835 415 Αἰγιάλεια

298 423 502 476 περίφρων
547 419 792 476 Ἀδρηστίνη
842 422 879 470 ἐξ
933 422 1064 461 ὕπνου
1114 421 1270 475 γοόωσα
1325 422 1469 473 φίλους
1519 422 1656 473 οἰκῆας
1706 421 1834 478 ἐγείρῃ

298 483 502 535 κουρίδιον
553 480 759 522 ποθέουσα
801 481 932 533 πόσιν,
982 482 1050 522 τὸν
1092 480 1251 535 ἄριστον
1291 477 1457 533 Ἀχαιῶν
1502 481 1654 533 ἰφθίμη
1697 479 1836 535 ἄλοχος

300 542 522 594 Διομήδεος
559 541 811 594 ἱπποδάμοιο.
879 542 1083 581 Diomedis
1123 542 1209 581 fata
1252 554 1370 592 porro
1408 543 1544 593 tetigit
1580 541 1837 581 Mimnermus

301 598 374 656 (22
408 597 571 656 Bergk.)
608 604 710 641 teste
749 602 867 641 schol.
900 601 1095 653 Lycophr.
1124 604 1208 641 610
1246 600 1325 640 ὑπὸ
1370 601 1599 652 Διομήδους
1642 604 1839 654 τρωθεῖσα

301 657 551 716 (Ἀφροδίτη)
613 661 875 714 παρεσκεύασε
931 660 1004 712 τὴν
1059 661 1289 714 Αἰγιάλειαν
1344 663 1502 709 πολλοῖς
1558 658 1630 712 μὲν
1686 663 1837 713 μοιχοῖς

264 747 267 749 -
301 724 636 775 συγκοιμηθῆναι,
661 720 881 774 ἐρασθῆναι
901 719 943 760 δὲ
958 716 1191 761 Ἱππολύτου
1216 719 1281 760 καὶ
1301 720 1492 772 Κομήτου
1511 721 1601 760 υἱοῦ
1621 718 1836 760 Σθενέλου·

300 786 370 821 τοῦ
403 779 444 820 δὲ
476 780 706 833 Διομήδους
736 779 1058 834 παραγενομένου
1090 781 1144 828 εἰς
1176 779 1217 820 τὸ
1241 777 1383 834 ’Ἀργος
1414 778 1688 832 ἐπιβουλεῦσαι
1719 779 1837 836 αὐτῷ·

299 840 368 880 τὸν
394 838 435 880 δὲ
460 839 739 894 καταφυγόντα
770 840 825 889 εἰς
856 839 991 893 βωμὸν
1023 846 1092 892 τῆς
1112 837 1240 894 ’Ήρας
1272 839 1337 879 διὰ
1367 838 1509 887 νυκτὸς
1541 843 1683 892 φυγεῖν
1782 838 1838 888 εἰς

299 896 464 940 Ἰταλίαν
489 903 566 941 κτλ.
623 900 751 940 Schol.
782 903 817 939 T
836 902 877 940 et
908 902 940 940 Β
972 901 1022 939 ad
1052 900 1168 939 Hom.
1194 901 1220 938 1.
1241 913 1270 940 s.
1290 912 1319 938 s.
1347 901 1431 938 412
1460 898 1583 951 φασὶν
1609 898 1839 952 Αἰγιάλειαν

303 959 375 1012 τὴν
407 960 502 1011 μίαν
533 965 611 1000 τῶν
639 955 904 1013 Ἀδρηστίδων
935 959 1007 1012 τὴν
1037 958 1230 1013 νεωτέραν
1261 963 1429 1013 γυναῖκα
1455 958 1683 1010 Διομήδους
1714 952 1837 999 οὖσαν

302 1019 459 1072 σφόδρα
495 1018 616 1060 αὐτὸν
654 1018 864 1059 ε’πιποθεῖν
901 1018 967 1059 καὶ
1004 1018 1332 1073 ἄπολοφύρεσθαι
1373 1017 1441 1066 τὰς
1473 1019 1628 1066 νύκτας.
1678 1018 1839 1072 ὕστερον

303 1077 344 1118 δὲ
394 1078 491 1118 κατὰ
541 1085 662 1131 μῆνιν
711 1085 781 1131 τῆς
819 1075 1056 1132 Ἀφροδίτης
1098 1079 1204 1135 πάσῃ
1244 1086 1291 1135 τῇ
1336 1084 1414 1118 τῶν
1454 1074 1639 1132 Ἀργείων
1682 1078 1839 1134 νεολαίᾳ

302 1138 557 1191 συγκωμάσαι
600 1138 745 1191 αὐτήν,
788 1138 947 1191 ἔσχατον
991 1137 1033 1178 δὲ
1076 1137 1142 1178 καὶ
1179 1138 1345 1194 Κομήτῃ
1388 1141 1440 1193 τῷ
1468 1137 1672 1178 Σθενέλου
1713 1135 1757 1186 ὃς
1789 1132 1839 1190 ἦν

302 1197 380 1238 ὑπὸ
412 1197 642 1249 Διομήδους
678 1197 903 1246 πιστευθεὶς
940 1197 986 1237 τὰ
1023 1195 1101 1238 κατ’
1137 1193 1247 1238 οἶκον
1274 1229 1281 1237 .
1304 1228 1312 1236 .
1334 1228 1342 1236 .
1370 1197 1466 1237 ὅθεν
1507 1196 1629 1237 αὐτὸν
1660 1197 1839 1251 φυγόντα

303 1256 426 1309 φασὶν
475 1257 586 1309 ἥκειν
635 1257 690 1306 εἰς
735 1253 910 1311 Ἰβηρίαν
959 1261 1037 1297 κτλ.
1111 1258 1295 1308 Apollod.
1323 1259 1416 1308 epit.
1436 1258 1494 1296 VI
1522 1259 1545 1296 9
1584 1272 1621 1308 p.
1651 1258 1835 1307 217,13

303 1318 497 1369 Wagneri
540 1318 706 1368 Didymi
747 1319 888 1369 fragm.
921 1333 958 1369 p.
981 1319 1083 1367 361,
1117 1319 1142 1356 4
1189 1317 1316 1357 Schm.
1358 1317 1535 1357 Lucilius
1580 1319 1736 1356 secutus
1780 1319 1840 1356 est

302 1380 503 1416 auctorem
535 1379 604 1428 qui
642 1379 814 1429 origines
850 1378 1008 1416 urbium
1039 1378 1183 1416 Italiae
1221 1378 1379 1428 scripsit
1410 1378 1494 1416 siue
1527 1376 1721 1415 Graecum
1752 1377 1836 1416 siue

302 1437 508 1487 Latinum,
547 1438 616 1487 qui
653 1438 758 1476 solus
796 1437 1009 1489 Aegialeae
1055 1439 1272 1476 amatorem
1311 1436 1566 1487 Cyllarabum
1609 1437 1836 1476 nominarit.

303 1497 380 1536 Hic
401 1496 579 1535 Stheneli
598 1498 695 1535 item
714 1497 819 1536 filius
840 1498 1068 1548 appellatur
1087 1489 1255 1536 Pausan.
1275 1497 1317 1535 Π
1340 1498 1406 1545 18,
1429 1498 1464 1534 5.
1488 1498 1555 1545 22,
1577 1497 1601 1535 8
1625 1495 1838 1546 Cylarabes

302 1551 551 1610 (κυλαραβην
588 1557 652 1594 uel
689 1557 906 1609 κυλαραβιν
944 1551 1080 1610 codd),
1113 1557 1223 1595 cuius
1261 1556 1419 1595 nomine
1452 1555 1702 1608 gymnasium
1740 1556 1837 1595 cele-

299 1616 517 1655 berrimum
547 1617 777 1655 nominatur
810 1618 877 1666 22,
905 1618 948 1655 9:
980 1614 1022 1655 ἕν
1055 1613 1096 1654 δὲ
1127 1619 1180 1671 τῷ
1211 1615 1416 1671 γυμνασίῳ
1441 1618 1493 1670 τῷ
1519 1615 1759 1667 Κυλαράβου

304 1675 432 1726 τάφον
464 1673 669 1715 Σθενέλου
702 1675 941 1726 δεικνύουσι,
972 1675 1040 1715 τὸν
1073 1673 1114 1714 δὲ
1146 1675 1268 1715 αὐτοῦ
1300 1675 1552 1728 Κυλαράβου.
1615 1675 1791 1725 Simplex
1818 1677 1838 1713 λ

301 1735 475 1774 traditur
505 1736 548 1773 in
579 1736 652 1774 hoc
681 1737 837 1774 nomine
864 1749 925 1786 ap.
951 1734 1191 1774 Pausaniam
1215 1735 1321 1774 Plut.
1347 1735 1458 1785 Pyrr.
1482 1736 1535 1774 32
1563 1734 1649 1773 Liu.
1670 1735 1838 1777 XXXIV

304 1796 371 1844 26,
399 1796 437 1844 2,
469 1795 615 1845 duplex
646 1795 686 1833 in
719 1796 915 1846 gymnasii
949 1797 1108 1834 nomine
1141 1795 1327 1834 exhibent
1358 1795 1527 1834 editores
1559 1795 1663 1833 Plut.
1691 1793 1836 1833 Cleom.

303 1856 368 1892 17.
398 1856 465 1904 26,
498 1857 729 1905 corruptum
760 1857 819 1894 est
850 1867 992 1894 nomen
1032 1855 1194 1893 Lucian.
1222 1855 1376 1906 apolog.
1404 1855 1452 1893 de
1482 1867 1598 1893 merc.
1625 1854 1736 1893 cond.
1765 1855 1837 1892 11:

304 1913 472 1964 Hesych.
500 1926 528 1952 s.
549 1927 586 1952 U.
619 1913 855 1965 κυλλάραβις
887 1914 1027 1959 editur,
1059 1915 1253 1953 traditum
1285 1916 1345 1953 est
1375 1913 1600 1967 κυλαραβίς.
1661 1914 1752 1952 Non
1778 1915 1838 1952 est

301 1973 405 2022 quod
449 1986 472 2011 a
513 1973 665 2012 tradita
705 1973 832 2011 forma
878 1973 1112 2022 Cyllarabus
1161 1973 1400 2012 recedamus.
1475 1973 1579 2012 Vsus
1629 1974 1716 2011 erat
1763 1973 1837 2012 hac

300 2032 438 2070 fabula
456 2032 634 2071 Lucilius
660 2045 750 2071 cum
775 2033 986 2070 mulierum
1010 2032 1218 2082 perfidiam
1245 2033 1533 2071 demonstraret
1552 2034 1591 2071 et
1610 2034 1837 2071 inconstan—

299 2090 410 2129 tiam.
479 2091 658 2130 Similem
698 2105 780 2130 rem
823 2093 1004 2131 narrauit
1051 2093 1171 2142 poeta
1219 2092 1286 2130 lib.
1307 2092 1415 2130 XXX
1441 2106 1478 2130 u.
1501 2092 1583 2131 996
1601 2104 1725 2141 seqq.,
1768 2092 1837 2130 ubi

301 2150 392 2188 uide
425 2163 525 2200 quae
560 2151 847 2204 adnoutauimus.

423 2204 564 2250 1150.
590 2210 691 2248 Vide
717 2211 769 2249 ad
792 2212 929 2249 incert.
950 2225 986 2249 u.
1010 2211 1135 2250 1152.
1187 2210 1387 2262 Oppidum
1413 2211 1518 2249 Alba
1536 2211 1689 2250 Fucens
1715 2211 1836 2250 situm

303 2269 353 2307 ad
383 2270 514 2307 lacum
539 2269 733 2308 Fucinum
757 2271 831 2309 hoc
861 2271 948 2310 loco
979 2270 1098 2309 Pauli
1122 2271 1345 2310 Marsorum
1370 2271 1527 2320 dicitur,
1554 2271 1654 2310 alias
1679 2270 1834 2321 Aequo-

300 2342 388 2366 rum
429 2323 607 2381 (Nisseni
638 2330 727 2368 Ital.
754 2330 1041 2369 Landeskunde
1072 2330 1114 2369 H
1145 2345 1182 2381 p.
1204 2331 1301 2369 457.
1335 2325 1459 2384 458):
1503 2331 1708 2369 scutorum
1751 2324 1835 2369 offi-

303 2388 411 2427 cinas
442 2390 619 2438 tempore
650 2389 796 2427 Lucilii
825 2389 910 2428 illic
939 2390 1061 2429 fuisse
1093 2391 1260 2440 apparet
1289 2390 1331 2428 in
1363 2403 1410 2428 ea
1437 2390 1534 2428 urbe
1561 2402 1663 2440 quae
1687 2401 1834 2428 merca-

300 2449 393 2485 tura
418 2449 638 2498 antiquitus
666 2450 751 2488 erat
775 2449 1030 2488 celeberrima
1056 2445 1265 2503 (Nissenus
1295 2450 1321 2488 l.
1342 2462 1370 2488 s.
1391 2463 1428 2500 p.
1450 2444 1566 2503 459).
1622 2449 1835 2488 Praeterea

300 2507 523 2545 Marsorum
554 2509 745 2558 populum
775 2509 880 2548 bello
913 2510 952 2548 et
984 2511 1103 2548 armis
1134 2510 1329 2548 inclutum
1360 2510 1481 2548 fuisse
1506 2510 1655 2559 passim
1680 2509 1834 2547 ueteres

224 2604 229 2608 .
299 2567 500 2605 testantur
531 2562 739 2621 (Nissenus
763 2568 785 2606 I
814 2582 851 2619 p.
880 2564 997 2622 516).
1054 2569 1222 2607 Videtur
1246 2570 1444 2619 pertinere
1468 2569 1542 2607 hoc
1567 2569 1835 2619 fragmentum

302 2626 351 2664 ad
388 2627 524 2665 incert.
549 2641 586 2665 u.
611 2628 721 2666 1315
767 2628 870 2666 unde
910 2629 1082 2667 conicias
1122 2628 1245 2668 Marsi
1275 2629 1431 2667 clientis
1463 2628 1565 2666 dona
1597 2627 1834 2666 enumerari:

300 2685 391 2724 uide
423 2686 473 2724 ad
503 2686 571 2724 lib.
590 2686 649 2724 IV
674 2701 710 2725 u.
735 2689 829 2726 166.

422 2739 563 2785 1151.
594 2746 697 2785 Vide
729 2747 779 2785 ad
809 2748 946 2786 incert.
972 2761 1009 2785 u.
1033 2748 1158 2786 1152.
1191 2747 1408 2786 decumana
1437 2760 1524 2796 oua,
1548 2748 1595 2785 ut
1620 2758 1834 2796 acupenser

301 2804 541 2843 decumanus
566 2806 703 2844 incert.
729 2820 765 2845 u.
790 2808 916 2856 1240,
940 2807 1056 2856 panis
1082 2807 1320 2846 decumanus
1345 2807 1413 2845 lib.
1432 2806 1506 2844 XV
1530 2820 1569 2844 u.
1592 2806 1695 2846 502:
1728 2805 1834 2855 quod

300 2863 471 2902 Macrob.
505 2863 662 2903 Saturn.
689 2865 751 2904 ΠΙ
779 2868 852 2916 19,
881 2867 904 2905 6
954 2867 1044 2916 pira
1087 2867 1292 2906 decimana
1334 2868 1623 2915 memorantur,
1665 2865 1832 2904 forsitan

302 2923 543 2962 adiectiuum
572 2925 748 2974 positum
779 2925 832 2965 sit
863 2938 908 2964 ex
939 2938 1015 2965 usu
1045 2925 1202 2964 Lucilii.
1247 2926 1465 2964 decumana
1496 2938 1574 2965 oua
1605 2925 1755 2963 dictum
1786 2925 1833 2962 ut

300 2983 480 3034 ingentes
505 2984 632 3034 pisces
664 2984 731 3022 lib.
751 2984 809 3022 IV
833 2998 871 3023 11.
895 2985 991 3023 166.
