2060 3444
837 290 905 326 xx
932 302 966 326 u.
995 292 1195 326 svo-573.
1701 284 1789 328 213

245 409 352 461 fugit
389 407 456 449 sed
497 420 569 458 pro
615 402 847 445 “dimidia”
894 399 1168 444 “dimidium’'
1214 403 1331 454 ponit
1373 403 1415 441 in
1458 401 1565 441 hisce
1609 398 1790 439 uersibus

246 465 514 519 “tempestate
537 498 544 506 .
567 498 574 506 .
596 498 603 505 .
623 468 720 506 hora
741 496 749 504 .
766 496 773 504 .
790 496 798 504 .
819 461 1050 516 quartam''.
1083 476 1177 503 nam
1191 475 1280 502 cum
1300 461 1463 502 obuium
1485 461 1790 512 proximumque

244 530 347 569 esset
377 527 506 567 dicere
540 523 742 566 “dimidia
773 528 813 564 et
844 525 971 565 tribus
1004 520 1241 572 confectis”,
1278 521 1446 574 uigilate
1480 522 1601 572 atque
1636 521 1790 560 attente

246 588 413 628 uerbum
443 600 523 627 non
555 587 723 639 probum
756 582 932 625 uitauit’.
989 584 1138 636 Agitur
1169 584 1312 634 opinor
1342 582 1390 621 de
1422 581 1524 620 febri
1556 580 1790 630 cottidiana,

244 647 347 700 quae
375 649 613 700 tempestate
639 660 711 687 sua
738 648 857 697 atque
883 644 1022 685 eodem
1046 655 1125 683 uno
1151 644 1331 695 tempore
1356 641 1550 691 remittat,
1575 642 1790 692 postquam

245 710 287 749 et
316 709 438 748 horae
471 707 681 747 dimidium
714 709 754 747 et
778 708 859 746 tres
885 706 1007 745 horae
1032 704 1242 743 minimum
1269 702 1472 743 confectae
1499 703 1604 751 sunt,
1636 713 1791 751 semper

244 768 411 809 eandem
442 768 493 808 ad
525 770 712 819 quartam
737 767 894 807 horam:
927 778 1007 805 non
1032 764 1111 804 diei
1136 763 1276 803 horam
1302 762 1412 812 dicit,
1444 761 1511 802 sed
1539 762 1664 801 totius
1690 762 1790 800 tem-

243 828 352 881 poris
384 829 507 880 spatii
550 841 628 879 quo
667 822 852 880 aegrotus
891 825 1011 865 cubat
1047 824 1150 864 febri
1187 825 1402 874 correptus.
1459 821 1562 861 Plin.
1589 822 1670 860 nat.
1696 821 1789 860 hist.

243 889 323 929 VH
351 889 433 929 169
476 885 535 928 ‘at
571 888 730 928 hercule
769 887 933 937 reliquis
974 884 1156 925 omnibus
1195 897 1266 935 per
1303 883 1483 935 singulas
1522 882 1790 921 membrorum

242 950 390 1000 partes,
421 950 596 999 qualiter
621 948 741 988 nullis
767 947 858 986 aliis
886 944 1137 995 animalibus,
1170 945 1289 984 certis
1315 943 1482 995 pestifer
1506 942 1615 982 calor
1638 942 1791 981 remeat

243 1010 351 1050 horis
377 1010 449 1049 aut
473 1010 594 1060 rigor,
620 1021 746 1059 neque
771 1008 880 1047 horis
905 1005 1036 1056 modo,
1061 1005 1131 1045 sed
1150 1007 1191 1044 et
1210 1003 1349 1043 diebus
1368 999 1645 1053 noctibusque’
1661 1015 1692 1041 e.
1708 1015 1744 1052 q.
1760 1014 1789 1041 s.

245 1069 344 1110 Cels.
370 1069 433 1109 m
460 1070 484 1108 3
511 1083 548 1121 p.
579 1070 646 1119 77,
674 1069 728 1108 29
743 1080 850 1118 seqq
882 1066 1069 1106 Daremb.
1108 1065 1156 1104 de
1200 1064 1371 1104 febrium
1414 1063 1625 1116 generibus
1670 1059 1790 1101 ‘aliae

243 1129 389 1170 cotidie
420 1141 536 1181 pares
569 1130 673 1178 sunt,
711 1128 815 1167 aliae
846 1129 1048 1195 impares.
1102 1126 1234 1166 ,aliae
1265 1126 1444 1176 tempore
1477 1123 1614 1162 eodem
1645 1122 1789 1174 postri-

243 1190 306 1229 die
343 1190 616 1239 reuertuntur,
660 1188 763 1228 aliae
801 1188 865 1227 uel
903 1187 1029 1227 serius
1067 1158 1134 1226 uel
1178 1182 1372 1225 celerius’.
1434 1185 1674 1235 tempestate
1718 1195 1791 1222 sua

242 1245 334 1304 (suo
366 1251 544 1323 tempore
577 1219 655 1288 Cic.
681 1248 789 1288 Lael.
819 1242 894 1302 11)
927 1249 1049 1298 atque
1081 1246 1220 1286 eodem
1256 1258 1336 1284 uno
1372 1246 1571 1295 tempore,
1608 1245 1655 1282 ut
1687 1240 1789 1283 (1880

243 1323 289 1350 ac
314 1306 490 1363 regione’
518 1309 586 1349 lib.
606 1309 644 1347 V
670 1323 705 1347 u.
736 1309 832 1348 189.
852 1330 911 1335 --
932 1307 983 1347 ad
1007 1307 1100 1346 Her.
1120 1306 1179 1346 IV
1206 1307 1275 1356 39,
1302 1306 1354 1345 51
1373 1306 1470 1344 extr.
1498 1301 1592 1344 ‘uno
1618 1303 1790 1354 denique

243 1371 363 1421 atque
396 1369 534 1409 eodem
568 1366 776 1421 tempore':
813 1368 908 1408 uide
947 1367 997 1407 ad
1028 1368 1166 1406 incert
1193 1380 1230 1405 ιι.
1260 1336 1386 1405 1191.
1412 1387 1472 1392 --
1497 1365 1703 1404 dumtaxat
1741 1363 1791 1402 ad

242 1441 451 1470 numerum
490 1431 682 1481 pertinet:
726 1430 858 1468 Plaut.
885 1428 1000 1468 True.
1029 1428 1137 1467 445
1155 1424 1314 1466 ‘iubebo
1357 1425 1407 1465 ad
1449 1426 1571 1464 istam
1615 1424 1790 1475 quinque

243 1490 391 1531 deferri
422 1490 552 1530 minas
584 1491 791 1542 praeterea
824 1489 1011 1529 obsonari
1040 1484 1179 1540 (zona)
1212 1487 1423 1528 dumtaxat
1453 1482 1577 1525 mina'
1607 1484 1678 1523 ubi
1707 1496 1792 1524 wna

243 1550 400 1590 addidit
424 1550 641 1603 Bergkius:
675 1549 774 1590 Cato
805 1549 853 1589 de
880 1562 961 1601 agr.
989 1549 1082 1588 cult.
1111 1549 1180 1597 21,
1207 1548 1231 1586 5
1267 1544 1422 1598 ‘operas
1450 1545 1557 1585 fabri
1581 1545 1791 1584 dumtaxat

239 1610 321 1650 fis
341 1607 456 1650 VHI'
486 1611 554 1660 49,
583 1612 605 1649 1
648 1607 823 1650 ‘uineam
860 1611 1036 1649 ueterem
1074 1608 1108 1648 si
1145 1609 1188 1646 111
1231 1607 1355 1646 alium
1398 1607 1529 1645 locum
1572 1605 1790 1644 transferre

243 1671 367 1720 uoles,
400 1670 611 1709 dumtaxat
635 1670 843 1709 brachium
869 1681 1044 1709 crassam
1068 1664 1232 1707 licebit’.
1256 1688 1310 1694 ——
1332 1667 1540 1706 confectis:
1567 1664 1637 1704 Sil.
1654 1665 1712 1703 IV
1733 1665 1788 1704 89

246 1727 329 1769 ‘lux
375 1729 515 1769 aderat
557 1742 797 1781 somnusque
841 1742 932 1768 suas
983 1729 1209 1768 confecerat
1256 1723 1402 1766 horas’.
1428 1748 1487 1753 —
1515 1723 1696 1765 ‘eandem
1740 1724 1790 1764 ad

245 1786 448 1841 quartam’
482 1789 584 1829 dixit
615 1803 688 1841 pro
717 1787 869 1829 ‘eadem
902 1790 1046 1840 quarta
1077 1784 1190 1827 hora’
1225 1800 1404 1827 sermone
1441 1787 1583 1837 opinor
1619 1786 1789 1837 uulgari.

244 1850 355 1890 Dicit
394 1850 544 1890 Seneca
589 1851 740 1901 quaest.
768 1852 848 1889 nat.
874 1850 938 1888 III
966 1851 1033 1898 16,
1061 1850 1084 1887 2
1106 1848 1256 1888 Haasei
1293 1844 1514 1893 ‘Quartana
1558 1846 1609 1885 ad
1650 1846 1789 1885 horam

245 1907 386 1961 uenit',
418 1910 559 1950 Liuius
584 1910 721 1950 XXIII
749 1911 817 1959 17,
845 1911 881 1949 9.
916 1912 983 1959 21,
1012 1910 1035 1947 2
1071 1906 1138 1948 ‘ad
1164 1904 1297 1958 diem',
1322 1907 1385 1946 III
1411 1909 1480 1957 22,
1507 1906 1533 1945 4
1560 1902 1790 1957 ‘postquam

245 1971 297 2010 ad
309 1971 415 2010 diem
427 1971 713 2022 praestitutum
728 1971 925 2010 uenerunt
938 1966 1050 2009 socii'
1066 1969 1275 2021 Augustus
1291 1981 1353 2019 ap.
1370 1967 1531 2007 Sueton.
1547 1966 1716 2018 August.
1733 1966 1787 2005 87

247 2028 314 2071 ‘ad
345 2031 433 2070 Kal.
467 2030 636 2071 Graecas
668 2027 895 2070 soluturos’.

365 2085 475 2132 573.
506 2091 661 2130 Nonius
686 2105 724 2142 p.
752 2092 852 2140 427,
878 2091 934 2130 30
977 2086 1148 2128 ‘Priores
1187 2089 1228 2128 et
1264 2089 1459 2139 primores
1496 2087 1599 2126 hanc
1641 2086 1792 2126 habent

245 2150 532 2191 diuersitatem.
561 2182 568 2190 .
591 2182 597 2190 .
620 2182 627 2190 .
647 2151 825 2190 Lucilius
857 2152 1086 2201 satyrarum
1115 2148 1183 2188 lib.
1210 2149 1284 2188 XX
1317 2145 1533 2199 “calpurni
1563 2159 1687 2187 saeua
1711 2147 1791 2196 leqe

245 2213 289 2251 in
318 2212 471 2263 pisonis
503 2212 732 2260 reprehendi
752 2242 758 2249 .
782 2243 788 2249 .
812 2242 818 2249 .
839 2211 882 2249 in
906 2210 1152 2260 primoribus
1177 2205 1347 2248 naris'’.'
1398 2208 1551 2247 Narrat
1575 2207 1694 2246 homo
1720 2220 1790 2246 no-

244 2271 355 2321 bilis,
393 2285 513 2322 quam
551 2272 772 2311 orationem
810 2270 1011 2322 quondam
1049 2269 1155 2320 apud
1192 2270 1388 2320 populum
1424 2268 1626 2317 habuerit,
1664 2267 1706 2306 in
1744 2279 1791 2306 ea

246 2344 329 2372 sese
361 2343 509 2383 magna
533 2332 595 2370 ira
620 2332 861 2370 commotum
887 2329 1184 2381 reprehendisse
1210 2328 1310 2381 18818
1337 2327 1579 2380 Calpurniae
1604 2329 1788 2378 repetun-

247 2391 388 2430 darum
419 2391 616 2444 quaedam
647 2391 766 2430 nimis
797 2392 972 2430 saeuiter
1008 2391 1168 2441 rogata:
1206 2402 1309 2440 quae
1348 2388 1477 2428 oratio
1515 2401 1595 2427 non
1632 2399 1790 2427 necesse

248 2453 309 2490 est
338 2450 478 2490 habita
508 2452 563 2491 sit
591 2451 697 2490 inter
729 2450 968 2501 Calpurniae
1001 2463 1149 2490 annum
1183 2450 1266 2488 605
1272 2444 1291 2501 s
1298 2450 1380 2488 149
1415 2450 1456 2488 et
1486 2448 1633 2499 legem,
1670 2446 1790 2497 quam

249 2512 342 2550 ante
372 2510 545 2550 Aciliam
576 2511 884 2562 repetundarum
910 2512 935 2550 i.
963 2524 994 2550 8.
1025 2523 1173 2549 annum
1201 2504 1413 2561 631s123,
1443 2508 1496 2546 M.
1522 2507 1663 2546 Iunius
1688 2507 1736 2545 D.
1763 2507 1788 2545 f.

248 2573 297 2610 tr.
331 2570 384 2622 pl.
421 2571 583 2623 rogauit
623 2569 726 2622 (CIL
753 2572 774 2610 I
802 2571 899 2619 198,
927 2565 1020 2624 74):
1071 2570 1205 2621 potuit
1249 2569 1355 2607 enim
1402 2567 1503 2620 legis
1549 2566 1789 2618 Calpurniae

250 2630 433 2681 qualibet
463 2630 511 2670 de
543 2643 662 2671 causa
694 2633 817 2682 caput
847 2630 1011 2682 aliquod
1041 2628 1326 2681 reprehendere
1360 2629 1496 2668 orator
1527 2627 1689 2678 quidam
1721 2640 1788 2666 no·
1852 2642 1859 2656 ·

250 2691 420 2731 bilitatis
446 2691 606 2730 amicus.
653 2690 834 2730 Conuiua
858 2692 929 2741 qui
953 2690 1050 2729 haec
1075 2691 1215 2729 narrat
1239 2689 1378 2728 dubito
1404 2702 1455 2727 an
1480 2688 1604 2727 fuerit
1626 2687 1790 2727 Crassus

251 2752 399 2799 orator,
430 2750 502 2789 illo
533 2752 712 2801 tempore
744 2763 833 2790 cum
858 2753 907 2790 tr.
934 2751 987 2801 pl.
1019 2751 1159 2789 fuerit:
1196 2749 1291 2788 uide
1322 2749 1500 2800 prolegg.
1525 2762 1563 2799 p.
1590 2747 1718 2786 XLIX
1750 2748 1791 2786 et

251 2811 302 2850 ad
334 2824 370 2849 u.
400 2811 496 2849 568.
562 2807 692 2859 ‘Hoc’,
729 2810 873 2860 inquit,
906 2807 1031 2860 ‘apud
1063 2810 1258 2861 populum
1289 2822 1416 2859 nuper
1449 2807 1640 2859 Calpurni
1670 2819 1791 2847 saeua

251 2871 339 2922 lege
370 2870 412 2908 in
442 2869 598 2909 Pisonis
635 2870 839 2921 reprendi,
876 2882 956 2920 qua
992 2869 1034 2908 in
1070 2869 1373 2920 reprehensione
1411 2880 1566 2906 summa
1602 2866 1791 2906 efferebar

253 2932 293 2970 et
323 2931 386 2969 ira
417 2932 458 2969 et
489 2927 734 2969 acrimonia'.
798 2929 995 2968 Scribitur
1030 2929 1153 2980 uulgo
1190 2940 1354 2968 saeuam
1391 2929 1509 2976 leyem
1539 2928 1696 2966 Pisonis
1730 2938 1790 2965 re-

246 2990 395 3040 prendi
425 2989 531 3040 quod
562 2990 682 3028 etiam
715 2989 758 3028 L.
779 2989 994 3029 Muellerus
1026 3001 1087 3039 ap.
1113 2988 1290 3027 Nonium
1315 2988 1341 3027 1.
1367 2999 1396 3027 8.
1422 2987 1567 3026 maluit
1602 2988 1788 3038 recipere.

251 3050 338 3102 Ego
370 3062 449 3089 non
479 3049 597 3103 uideo
630 3062 752 3101 quare
783 3049 935 3089 tradita
966 3050 1182 3088 mutemus:
1217 3061 1337 3088 ausus
1369 3049 1429 3087 est
1460 3047 1636 3086 Lucilius
1668 3047 1790 3086 uerba
