2060 3444
254 265 310 308 10
887 262 905 298 1
928 274 964 299 u.
994 266 1142 299 14—17.

251 377 445 418 uocabulo
492 378 722 427 comparato
771 375 869 428 τύλη
918 375 1025 428 apud
1074 377 1254 416 uetustos
1301 377 1514 427 scriptores
1562 375 1787 426 correptam

251 437 435 477 habuisse
466 451 492 476 υ
522 438 609 476 11118
639 437 867 476 statuerunt
902 435 983 475 uiri
1021 435 1129 476 docti
1167 436 1285 475 sicuti
1321 435 1507 486 τυλίσσω,
1546 447 1626 486 (1118
1659 434 1708 474 de
1743 447 1787 474 re

253 497 347 537 conf
374 497 501 536 lexica
531 510 560 536 s.
587 510 624 536 u.
660 496 696 534 T
690 497 927 547 ylyphantas
951 495 1099 535 Dorica
1129 495 1259 535 forma
1289 497 1350 535 est
1379 495 1565 535 uocabuli
1588 492 1787 545 τυλυφάν-

252 572 322 609 της
353 557 459 608 (111οᾶ
496 557 720 596 formarunt
757 557 805 595 ut
841 554 1138 608 σακχυφάντηςε
1176 554 1324 594 texitur
1361 555 1466 595 enim
1503 555 1650 594 culcita
1685 555 1788 593 toste

255 617 301 657 A.
322 617 364 655 P.
392 616 449 656 XI
477 618 530 655 14
563 616 659 672 πύλῃ
691 613 932 667 ἕπεκλίνθην
964 614 1164 668 Γοργόνος
1193 612 1219 667 ἢ
1252 613 1409 667 Νιόβης
1439 612 1491 666 ἢν
1516 612 1647 662 οὐδεὶς
1677 613 1787 665 ,ὕφη-

247 686 334 727 νεν,
365 674 553 729 ἀπέπρισε
585 673 645 716 δέε
677 675 777 715 Poll.
802 675 881 714 VII
911 677 990 715 191
1027 675 1062 714 Χ
1090 675 1143 714 38
1176 672 1332 715 ἑπέσθω
1365 671 1407 714 δὲ
1432 680 1480 730 τῇ
1505 673 1618 730 κλίνῃ
1643 675 1788 725 wasta,

252 734 452 787 κνέφαλλα
548 733 819 787 ἀμφιτᾶπητες
839 766 847 774 .
863 766 894 774 ..
917 736 970 774 39
999 733 1064 774 καὶ
1089 734 1186 786 τύλη
1213 731 1254 774 δὲ
1279 729 1367 787 παρ’
1389 732 1587 774 Εὐπόλιδι
1612 731 1736 773 ἔστιν.
1753 763 1761 771 .
1775 759 1787 772 -.

253 791 310 835 ὧν
365 794 430 835 καὶ
479 794 572 842 τοὺς
621 794 793 847 τεχνίτας
845 793 971 834 ἔοικεν
1015 789 1240 847 Ὑπερείδης
1294 791 1336 833 ἐν
1392 796 1443 848 τῷ
1494 790 1593 845 ὑπὲρ
1649 792 1789 840 Μίκας

253 852 414 909 (fragm.
450 856 533 895 125
547 850 715 908 Blassii)
765 851 971 906 ὀνομάζειν
1019 853 1158 894 εἰπών·
1218 852 1467 906 ἐμισθώσατο
1527 851 1789 904 τυλυφᾶντας.

257 916 400 955 Dorica
443 916 573 955 forma
610 915 783 955 Tarento
820 914 990 954 Romam
1027 913 1191 954 inducta
1231 915 1292 953 est
1334 926 1436 964 quae
1479 912 1572 952 urbs
1614 911 1789 952 lanificio

253 976 396 1015 Italiae
427 978 514 1015 erat
537 975 787 1015 nobilissima
806 970 956 1029 (Strab.
977 973 1035 1012 VI
1058 987 1096 1024 p.
1119 974 1203 1013 284
1229 973 1389 1014 Petron.
1411 973 1465 1012 38
1491 972 1790 1024 Μ81(11181·(111118

253 1036 411 1075 Μ8111118
457 1035 505 1075 de
554 1036 642 1075 uita
690 1036 853 1086 priuata
890 1048 927 1085 p.
953 1034 998 1072 R.
1031 1048 1068 1085 p.
1095 1029 1213 1087 476).
1248 1055 1301 1060 —
1335 1029 1518 1086 miracla]
1570 1032 1660 1071 uide
1708 1030 1788 1071 ind.

254 1106 418 1147 gramm.
436 1100 473 1135 s.
500 1108 537 1134 u.
570 1107 752 1146 syncope.

379 1150 454 1194 15.
487 1154 710 1194 Macrobius
744 1154 825 1193 Sat.
851 1154 909 1192 VI
936 1155 975 1204 4,
998 1154 1051 1193 18
1085 1150 1274 1192 ‘Inseruit
1305 1146 1545 1206 (Veryilius)
1578 1152 1689 1202 operi
1719 1163 1790 1192 suo

255 1218 296 1254 et
326 1215 477 1255 Graeca
507 1214 642 1264 uerba,
673 1214 741 1254 sed
767 1227 846 1254 non
871 1214 1024 1266 primus
1049 1214 1124 1253 hoc
1150 1225 1268 1253 ausus
1295 1245 1303 1253 .
1325 1243 1333 1250 .
1357 1243 1363 1250 .
1389 1212 1569 1252 Lucilius
1593 1213 1636 1251 in
1660 1211 1790 1263 primo

256 1272 406 1326 “porro
450 1286 716 1314 xnmononac
766 1273 996 1325 clinopodas
1038 1273 1271 1323 lichnosque
1314 1274 1361 1311 ut
1409 1272 1580 1311 diximus
1629 1281 1792 1312 comnoc

255 1337 348 1374 ante
470 1330 712 1374 lucernas’'.'
774 1333 907 1373 Verba
936 1335 1078 1384 poetae
1109 1334 1215 1372 recte
1246 1332 1397 1372 tradita
1428 1333 1544 1372 erant
1577 1332 1620 1370 in
1658 1331 1791 1371 arche-

255 1398 352 1446 typo
383 1394 529 1434 litteris
560 1394 734 1433 Latinis:
773 1407 874 1444 quae
906 1392 1079 1433 Graecae
1111 1395 1182 1432 aut
1211 1393 1370 1432 litterae
1403 1394 1473 1431 8111
1502 1404 1620 1431 uoces
1653 1391 1792 1430 illatae

255 1457 348 1494 sunt
377 1456 418 1494 in
451 1454 563 1503 codd,
595 1466 664 1494 eae
697 1456 815 1493 natae
847 1455 940 1493 sunt
971 1453 1201 1493 curiositate
1231 1452 1487 1492 librariorum
1518 1451 1585 1502 qui
1611 1450 1794 1491 solebant

255 1515 400 1554 litteris
438 1513 600 1554 Graecis
638 1514 772 1553 ludere
809 1515 850 1552 in
893 1513 1010 1552 codd:
1055 1509 1418 1566 (Reifferscheidius
1455 1511 1646 1551 Biblioth.
1684 1510 1792 1550 Patr.

255 1575 345 1614 Ital.
371 1574 391 1613 Ῑ
422 1588 460 1625 p.
490 1569 612 1627 264):
652 1573 743 1613 uide
775 1586 876 1624 quae
907 1573 1190 1613 adnotauimus
1227 1572 1278 1612 ad
1310 1571 1378 1611 lib.
1404 1572 1440 1609 V
1466 1586 1503 1610 u.
1533 1571 1629 1611 186.
1693 1569 1792 1610 Con-

256 1635 437 1686 queritur
481 1633 576 1674 deus
620 1634 757 1674 eadem
799 1634 955 1673 ratione
1006 1646 1086 1684 qua
1122 1632 1251 1671 Varro
1288 1632 1312 1671 1.
1345 1631 1388 1671 L.
1414 1631 1472 1670 IX
1499 1632 1552 1670 22
1623 1627 1793 1677 ‘Quotus

257 1695 424 1745 quisque
455 1695 538 1733 iam
569 1706 704 1733 seruos
736 1693 857 1732 habet
886 1693 1026 1744 priscis
1058 1690 1311 1732 nominibus?
1361 1704 1462 1742 quae
1499 1690 1643 1730 mulier
1678 1701 1794 1729 suum

256 1755 563 1794 instrumentum
596 1755 718 1794 uestis
750 1755 870 1804 atque
903 1753 989 1792 auri
1021 1752 1222 1792 ueteribus
1253 1751 1459 1791 uocabulis
1491 1748 1697 1802 appellat?
1726 1748 1795 1790 sed

256 1814 428 1854 indoctis
468 1827 546 1854 non
578 1815 662 1853 tam
693 1813 960 1862 irascendum,
994 1826 1114 1863 quam
1144 1812 1308 1852 huiusce
1339 1811 1554 1862 prauitatis
1585 1805 1794 1862 patronis’.

258 1874 386 1914 Deum
412 1873 559 1913 Lucilii
590 1873 629 1912 in
659 1874 734 1912 hac
759 1886 800 1912 re
827 1874 967 1924 postea
991 1873 1116 1912 secuti
1142 1873 1235 1912 811111
1258 1871 1447 1911 Messalla
1471 1871 1607 1910 orator
1631 1871 1794 1920 eiusque

258 1934 477 1984 discipulus
521 1933 702 1973 Tiberius
753 1932 900 1973 Caesar
942 1928 1098 1986 (schoil.
1131 1932 1225 1971 Hor.
1258 1944 1371 1971 serm.
1398 1931 1418 1969 I
1446 1932 1512 1979 10,
1540 1930 1594 1969 28
1633 1929 1793 1970 Sueton.

258 1994 343 2033 Tib.
374 1995 439 2033 70.
467 1995 517 2032 71
548 1994 625 2032 Dio
653 1993 758 2032 Cass.
786 1992 899 2031 LVII
928 1994 995 2041 15,
1016 1994 1052 2031 2.
1089 1994 1155 2041 17,
1185 1994 1219 2031 1.
1249 1986 1311 2045 2)z
1342 1990 1593 2030 Lucilianam
1617 1991 1795 2030 saturam

257 2054 427 2104 denique
458 2051 619 2092 Graecis
651 2055 691 2092 et
722 2053 926 2092 uocabulis
959 2054 1000 2091 81
1029 2051 1278 2091 88111811110118
1309 2051 1470 2102 purgari
1506 2050 1637 2089 uoluit
1665 2049 1794 2088 Hora-

258 2115 349 2153 tius.
411 2113 555 2153 Facete
585 2115 719 2152 tamen
755 2114 875 2162 poeta
911 2112 1028 2151 deum
1065 2111 1161 2150 dum
1198 2113 1378 2150 ueterum
1416 2109 1700 2149 uocabulorum
1734 2118 1795 2147 σε-

259 2172 434 2225 μνότητα
475 2173 631 2212 inducit
672 2172 903 2212 laudantem
946 2173 1078 2222 ipsum
1115 2170 1266 2210 Graeco
1309 2169 1503 2209 uocabulo
1545 2169 1644 2208 facit
1679 2180 1795 2206 usum

259 2247 401 2284 parum
433 2235 671 2272 constanter.
732 2232 778 2271 In
811 2232 942 2271 uerbis
973 2233 1072 2282 ipsis
1103 2231 1207 2270 male
1239 2230 1431 2270 nonnulla
1460 2229 1669 2268 mutarunt
1698 2241 1795 2267 non-

259 2294 376 2332 nulli:
415 2295 461 2332 ut
497 2293 824 2332 exclamationem
862 2292 1025 2331 inchoat
1061 2293 1107 2330 ut
1137 2291 1268 2330 Plaut.
1295 2289 1407 2340 Capt.
1439 2290 1540 2328 165:
1580 2285 1642 2327 ‘ut
1678 2300 1795 2338 saepe

259 2365 414 2393 summa
443 2354 606 2405 ingenia
642 2353 683 2391 in
716 2353 871 2391 occulto
903 2348 1058 2390 latent'.
1121 2350 1316 2390 Similiter
1347 2351 1468 2400 atque
1501 2349 1543 2388 in
1580 2348 1655 2388 hoc
1691 2347 1795 2387 libro

260 2413 355 2452 deus
391 2414 434 2451 in
471 2412 574 2451 libro
615 2413 742 2451 altero
779 2411 972 2451 Scaeuola
1002 2410 1217 2450 Albucium
1253 2409 1358 2448 ludit
1395 2408 1555 2448 Graecis
1591 2407 1797 2447 uocabulis

260 2473 329 2523 qui
367 2474 517 2512 utatur.
585 2477 737 2523 σεμνῶς
773 2473 820 2511 111
855 2471 1060 2511 1)811108111.
1097 2470 1145 2509 (18
1177 2482 1254 2510 cor.
1283 2470 1337 2508 35
1376 2468 1479 2520 μάλα
1517 2472 1668 2519 σεμνῶς
1706 2463 1796 2507 ὀνο-

259 2531 392 2585 μάζων
427 2533 522 2572 130.
555 2533 650 2571 133.

382 2587 458 2632 17.
492 2591 695 2631 Charisius
728 2590 796 2630 GL
827 2591 847 2629 I
883 2604 920 2641 p.
950 2590 1054 2639 118,
1083 2589 1188 2629 25Κ
1238 2586 1477 2628 ‘Autumnal
1524 2586 1651 2626 Varro
1701 2580 1795 2640 (rer.

260 2653 355 2691 rust.
377 2651 438 2690 III
460 2652 498 2700 5,
521 2647 565 2705 7)
591 2648 919 2702 “aequinoctium
945 2646 1200 2698 autumnal”,
1226 2648 1331 2699 quod
1355 2647 1462 2687 idem
1480 2646 1634 2685 Plinius
1659 2645 1797 2685 eodem

260 2712 362 2751 libro
388 2711 446 2750 VI
478 2707 535 2763 (p.
565 2712 619 2750 52
634 2706 792 2764 Beckii)
830 2712 955 2750 notat.
988 2709 1203 2749 uidendum
1235 2711 1369 2748 tamen
1404 2709 1465 2746 est
1501 2719 1552 2745 an
1589 2705 1796 2756 reprehen-

261 2771 371 2810 sione
402 2771 456 2810 sit
486 2769 663 2822 dignum,
694 2771 805 2821 prius
833 2771 906 2809 illa
930 2770 1044 2809 nobis
1069 2770 1250 2820 spectata
1273 2769 1441 2807 ratione.
1490 2766 1654 2805 nomina
1678 2777 1797 2816 quae-

261 2831 353 2870 dam
378 2833 472 2870 sunt
496 2831 748 2881 principalia,
781 2843 881 2880 quae
906 2829 1062 2868 Plinius
1089 2828 1293 2868 Secundus
1319 2827 1456 2867 eodem
1481 2826 1583 2865 libro
1607 2825 1798 2864 facientia

262 2891 441 2941 appellat
469 2885 693 2944 (Fabricius
720 2889 874 2929 addidit
898 2891 941 2928 ut
966 2885 1109 2942 aqua);
1141 2901 1187 2928 ex
1213 2887 1355 2938 quibus
1379 2886 1604 2938 possessiua
1629 2896 1797 2924 nascun-

216 2970 222 2974 -
262 2952 344 2999 tur,
383 2963 484 3000 quae
520 2949 702 3000 patiendi
736 2951 871 2999 uocat,
907 2950 955 2988 ut
991 2948 1134 2998 aquale
1172 2942 1320 3001 (tamen
1351 2941 1466 3000 (nam
1496 2938 1588 2998 cod)
1618 2943 1798 2983 Lucilius

262 3009 365 3050 libro
385 3009 405 3049 I
424 3011 652 3051 saturarum
678 3006 824 3061 “ai-ute
850 3022 938 3061 neq.
964 3008 1098 3060 inquit
1118 3001 1347 3061 aquales’'),
1371 3019 1451 3046 non
1469 3006 1517 3044 ut
1537 3016 1558 3041 *
1579 3002 1797 3044 autumnal.
