2060 3444
324 254 409 296 144
921 254 972 290 IX
995 267 1031 290 u.
1060 258 1260 293 377—381.

319 368 477 407 nomine
503 366 719 407 scribendo.
760 367 955 418 ‘Itemque
980 368 1044 407 illi
1068 381 1094 419 q
1118 367 1427 419 praeponebant,
1458 370 1641 420 quotiens
1666 384 1694 409 u
1719 366 1855 422 seque·

319 427 439 466 batur
472 429 517 465 ut
554 441 667 478 qum,
704 440 775 466 nos
813 440 908 467 uero
944 440 1024 467 non
1060 440 1269 478 possumus
1296 442 1322 479 q
1346 441 1607 480 praeponere,
1642 431 1723 470 nisi
1759 433 1800 470 et
1829 443 1854 470 u

320 488 510 537 sequatur
540 488 580 525 et
610 488 702 537 post
732 488 862 538 ipsam
894 488 975 526 alia
1005 489 1167 538 uocalis,
1199 490 1245 527 ut
1273 486 1489 539 quoniam'.
1539 489 1682 529 Fusius
1708 490 1756 529 de
1781 489 1855 530 hac
1901 486 1903 489 ’

319 559 361 584 13
393 546 605 597 Pompeius
631 547 668 584 V
692 560 729 597 p.
759 549 839 586 101
876 548 968 599 egit.
1021 547 1120 586 Cum
1150 548 1347 586 traditum
1376 561 1456 587 non
1487 550 1541 588 sit
1572 562 1690 600 quem
1721 551 1855 590 aucto·

318 618 403 644 rem
433 606 562 646 Varro
593 607 636 645 in
666 607 741 645 hac
771 619 813 645 re
845 609 1002 646 secutus
1035 608 1105 656 sit,
1142 620 1221 647 non
1253 609 1338 646 sine
1369 620 1490 647 causa
1523 609 1751 648 litterarum
1786 621 1855 649 no-

319 667 473 704 minum
503 666 740 705 Latinarum
770 668 1020 706 inuentorem
1050 668 1183 717 ipsum
1208 667 1430 707 Varronem
1460 668 1634 708 dicemus
1667 670 1855 719 quoniam

319 726 481 765 illorum
517 727 723 766 nominum
758 727 864 766 ratio
901 728 1000 765 mire
1038 739 1128 765 cum
1164 727 1356 767 Varronis
1394 728 1442 766 de
1482 728 1628 768 litteris
1673 729 1855 769 doctrina

320 788 515 838 congruat
545 799 684 836 'neque
723 787 829 825 inter
864 786 1096 825 Lucilianae
1140 788 1270 837 poesis
1313 789 1494 838 tempora
1537 790 1577 827 et
1613 788 1856 828 Varroniani

319 846 414 884 libri
445 846 493 884 de
526 847 768 897 antiquitate
794 847 1022 885 litterarum
1047 848 1246 886 exstiterit
1270 848 1554 899 grammaticus
1579 849 1694 887 tanta
1720 851 1854 888 aucto-

286 956 290 958 .
319 907 456 955 ritate,
495 919 612 956 quem
644 918 777 945 omnes
808 907 1047 957 posteriores
1079 909 1347 956 sequerentur.
1409 907 1551 957 Itaque
1589 920 1679 947 cum
1708 907 1856 947 Lucilii

318 965 564 1016 temporibus
596 967 683 1005 soni
713 966 940 1005 litterarum
970 978 1042 1017 pro
1074 966 1299 1005 nominibus
1332 969 1473 1017 essent,
1507 967 1691 1006 nonnulli
1720 969 1855 1007 tamen

321 1024 472 1064 Graeca
509 1027 671 1064 nomina
709 1025 943 1064 adhiberent
980 1039 1003 1065 a
1040 1026 1195 1066 Lucilio
1233 1028 1471 1077 uituperati,
1501 1027 1630 1066 Varro
1661 1027 1853 1066 Reatinus

318 1086 360 1123 in
391 1084 494 1124 libro
526 1086 577 1124 ad
607 1085 774 1124 Accium
805 1086 853 1124 de
891 1087 1133 1136 antiquitate
1170 1087 1397 1125 litterarum
1436 1087 1557 1126 misso
1597 1088 1656 1126 ita
1693 1088 1854 1127 nomina

318 1146 474 1183 ratione
506 1147 546 1184 et
576 1145 708 1184 studio
740 1147 965 1197 excogitata
995 1147 1147 1196 posuit,
1184 1148 1230 1184 ut
1259 1159 1385 1197 usque
1417 1146 1468 1185 ad
1498 1148 1634 1186 nostra
1670 1148 1852 1197 tempora

319 1206 401 1243 fere
437 1206 651 1244 immutata
687 1207 956 1255 permaneant.
1026 1206 1121 1245 Sero
1165 1207 1272 1244 enim
1308 1205 1418 1245 Petri
1454 1207 1572 1245 Rami
1615 1208 1853 1246 auctoritate

319 1264 482 1303 adducti
513 1265 670 1304 saeculo
696 1265 791 1304 XVI
821 1266 951 1304 medio
982 1266 998 1303 i
1035 1268 1316 1305 consonantem
1352 1267 1407 1304 iot
1451 1266 1724 1316 appellabant:
1762 1267 1857 1306 conf

321 1323 388 1362 Ch.
408 1324 682 1376 Waddington
719 1325 853 1364 Pierre
892 1325 939 1363 de
979 1326 1020 1363 la
1056 1322 1203 1364 Ramee
1240 1325 1352 1364 Paris
1381 1326 1493 1364 1855
1520 1339 1558 1376 p.
1586 1327 1670 1365 348
1697 1325 1787 1364 adn.
1814 1328 1851 1364 2.

318 1383 548 1423 Notandum
586 1386 646 1423 est
689 1384 858 1434 denique
902 1385 1008 1435 quod
1043 1385 1096 1424 M.
1118 1384 1254 1423 Cicero
1286 1385 1334 1423 de
1366 1397 1420 1424 or.
1445 1385 1508 1422 III
1534 1385 1588 1423 46
1634 1386 1852 1424 etiamtunc

319 1444 480 1495 scripsit
513 1441 573 1482 ‘ut
603 1445 688 1483 iota
718 1445 897 1483 litteram
926 1445 1046 1483 tollas
1080 1446 1120 1483 et
1151 1457 1171 1483 e
1208 1445 1483 1495 plenissimum
1519 1442 1642 1483 dicas'
1675 1445 1850 1484 Martial.

317 1503 358 1541 II
386 1505 454 1553 93,
480 1505 506 1542 4
540 1501 679 1542 ‘unum
710 1504 757 1542 de
787 1505 908 1543 titulo
940 1505 1079 1543 tollere
1116 1505 1201 1543 iota
1237 1501 1364 1555 potes’
1399 1503 1477 1543 Cic.
1504 1504 1551 1543 (13
1577 1505 1700 1543 (1111111.
1726 1504 1768 1543 H
1794 1505 1847 1544 96

320 1560 425 1601 ‘cum
456 1563 528 1602 rho
561 1563 690 1603 dicere
722 1561 932 1614 nequiret',
965 1564 1034 1603 sed
1065 1564 1171 1614 apud
1201 1564 1350 1603 iudices
1388 1565 1431 1602 in
1462 1564 1574 1603 Verr.
1599 1564 1640 1602 Π
1668 1565 1750 1603 187
1791 1561 1852 1604 ‘ut

317 1635 442 1673 usque
474 1623 525 1662 ad
556 1623 727 1662 alterum
756 1638 778 1662 r
808 1624 966 1662 litterae
998 1626 1226 1663 constarent
1255 1620 1449 1675 integrae'
1482 1623 1618 1662 quen.
1645 1623 1739 1662 XIV
1767 1625 1850 1663 209

320 1680 410 1721 ‘hoc
435 1683 594 1722 discunt
619 1695 752 1722 omnes
778 1685 870 1722 ante
896 1683 1017 1733 alpha
1043 1685 1083 1722 et
1100 1683 1192 1722 beta
1211 1680 1395 1733 puellae’.
1428 1679 1562 1736 [Hanc
1581 1684 1853 1734 quaestionem

317 1743 598 1782 inchoaueram
636 1743 738 1783 stud.
769 1743 894 1782 Lucil.
921 1757 958 1793 p.
986 1745 1010 1782 8
1026 1755 1152 1794 seqq„
1192 1743 1309 1782 modo
1352 1744 1589 1782 retractauit
1631 1742 1851 1782 Guilelmus

319 1801 483 1840 Schulze
504 1802 771 1855 Sitzungsber.
792 1803 827 1842 d.
848 1803 952 1842 Berl.
972 1803 1100 1842 Akad.
1123 1804 1237 1842 1904
1262 1817 1299 1854 p.
1323 1803 1407 1843 760
1421 1815 1528 1853 seqq.
1579 1801 1704 1848 Quem
1728 1804 1852 1842 miror

317 1863 591 1901 testimonium
634 1864 810 1913 positum
852 1864 895 1901 in
939 1864 1220 1902 commentario
1265 1863 1468 1902 doctrinae
1512 1864 1694 1914 egregiae
1734 1863 1851 1913 pleno

318 1921 386 1960 GL
411 1922 469 1960 IV
494 1936 531 1973 p.
560 1924 657 1972 520,
686 1923 738 1961 18
777 1923 917 1961 tollere
954 1924 1090 1962 conari
1127 1923 1371 1973 argumentis
1408 1934 1502 1962 usus
1541 1922 1752 1962 admodum
1790 1923 1851 1961 111-

316 1981 441 2020 firmis
473 1984 513 2020 et
542 1983 704 2021 incertis
729 1982 755 2020 1.
782 1994 810 2020 s.
836 1996 874 2032 p.
904 1983 1006 2020 781:
1037 1982 1228 2021 Varronis
1260 1994 1404 2021 nomen
1434 1982 1592 2022 finxisse
1618 1983 1851 2033 scriptorem

316 2041 432 2079 illum
457 2053 571 2080 nemo
598 2041 741 2091 credet,
767 2043 837 2091 qui
860 2041 959 2080 bene
983 2042 1142 2081 nouerit
1167 2043 1370 2093 egregium
1388 2042 1504 2080 illum
1523 2043 1851 2080 commentarium

318 2100 569 2140 Varroniana
602 2101 782 2140 doctrina
812 2097 1038 2154 repletum]

438 2161 535 2199 381.
567 2160 707 2200 Velius
738 2159 898 2212 Longus
930 2160 997 2199 GL
1022 2161 1102 2199 VII
1126 2175 1163 2212 p.
1192 2161 1259 2210 65,
1288 2161 1393 2200 11Κ
1426 2157 1516 2200 Ῥ31
1551 2173 1646 2200 11310
1683 2173 1849 2212 praepo·-

317 2220 410 2259 sitio
442 2220 622 2260 omnibus
653 2222 811 2273 integra
842 2221 1118 2272 praeponitur,
1152 2222 1231 2260 nisi
1262 2233 1352 2260 cum
1381 2221 1524 2259 incidit
1553 2222 1596 2259 111
1621 2221 1636 2259 1
1660 2221 1848 2270 litteram,

317 2279 486 2319 adfinem
517 2282 816 2330 consonantem,
854 2293 975 2332 quam
1012 2280 1266 2333 elegantioris
1304 2282 1494 2320 sermonis
1530 2281 1610 2319 uiri
1646 2281 1848 2332 geminare

315 2340 459 2378 uolunt
490 2353 612 2390 quam
641 2354 663 2379 r
692 2341 871 2379 litteram
902 2341 1119 2392 exprimere
1147 2371 1153 2378 .
1182 2371 1190 2379 .
1218 2371 1225 2379 .
1250 2353 1323 2379 nec
1360 2341 1478 2379 aliter
1513 2340 1619 2390 apud
1649 2340 1848 2379 Lucilium

316 2399 464 2450 legitur
488 2401 531 2438 in
548 2401 877 2449 praepositionem
893 2412 969 2448 per
996 2397 1041 2438 “l
1066 2401 1240 2446 liciendo,
1271 2401 1372 2448 quod
1398 2403 1453 2439 est
1474 2401 1703 2446 inducenda
1730 2400 1849 2449 qemi-

314 2461 387 2498 nat
415 2456 473 2497 l'’.
543 2460 729 2510 pellicere
772 2460 929 2499 malunt
972 2472 1091 2510 quam
1134 2457 1351 2510 perlicere'.
1425 2460 1479 2498 In
1514 2461 1738 2508 praepos-ito
1773 2471 1850 2508 per

315 2518 592 2558 Lachmannus
636 2521 814 2570 scripsit,
856 2519 995 2558 Iunius
1037 2521 1183 2558 rectius
1228 2532 1274 2558 ea
1311 2519 1433 2558 uerba
1470 2520 1725 2570 grammatici
1760 2531 1848 2567 vesse

314 2580 425 2617 ratus
457 2580 593 2629 posuit
625 2576 747 2629 ‘apud
776 2579 977 2618 Lucilium
1007 2580 1154 2630 legitur
1183 2579 1227 2617 111
1256 2579 1551 2629 praepositione
1581 2575 1680 2629 per’.
1736 2577 1847 2624 Quod

316 2637 437 2677 codex
467 2639 632 2689 praebet
654 2651 731 2688 per
755 2639 769 2677 l
794 2639 967 2685 liciendo,
1004 2639 1097 2678 inde
1128 2641 1260 2678 ortum
1291 2640 1470 2689 apparet,
1502 2638 1608 2688 quod
1637 2639 1680 2676 in
1712 2638 1847 2676 arche-

314 2699 413 2748 typo
431 2699 674 2746 perliciendu
701 2699 850 2749 scripta
868 2699 883 2736 1
902 2699 1038 2737 littera
1064 2711 1182 2750 super
1199 2713 1221 2737 r
1237 2699 1446 2737 inuenerat
1469 2697 1667 2737 librarius.
1713 2695 1846 2736 ‘Pelli—

315 2757 456 2795 ciendu
489 2758 595 2807 quod
625 2759 685 2798 est
714 2758 958 2797 inducendus
990 2759 1169 2810 geminat
1193 2756 1221 2796 l'
1256 2759 1469 2809 scripserat
1494 2758 1631 2808 poeta:
1661 2756 1846 2795 inducere

314 2829 386 2867 pro
423 2817 609 2867 pellicere
646 2817 829 2856 adhibuit
865 2819 988 2856 etiam
1023 2818 1091 2856 lib.
1117 2818 1227 2856 XXX
1251 2831 1289 2856 u.
1318 2819 1444 2856 1006.
1511 2817 1571 2855 Ex
1613 2817 1687 2856 hoc
1729 2829 1846 2856 uersu

314 2878 482 2926 apparet
512 2889 591 2916 non
623 2878 656 2916 el
686 2877 754 2916 sed
785 2878 815 2916 ll
845 2877 1068 2929 significare
1093 2878 1109 2916 1
1132 2878 1269 2916 littera
1305 2878 1436 2928 posita
1472 2876 1516 2915 in
1551 2889 1668 2915 uersu
1698 2875 1846 2915 Lucilii

314 2948 393 2985 qua
425 2936 472 2974 de
502 2949 544 2975 re
576 2937 728 2988 egimus
760 2937 812 2975 ad
842 2951 878 2975 u.
907 2938 990 2976 377
1006 2950 1113 2987 seqq.
1164 2936 1359 2975 Similiter
1389 2938 1508 2986 atque
1537 2935 1716 2974 Lucilius
1747 2935 1845 2974 Ver-

312 2996 394 3033 rius
421 3007 482 3045 ap.
502 2995 606 3035 Fest.
626 3009 663 3046 p.
692 2997 775 3034 242
803 3009 831 3036 s.
858 3010 895 3035 u.
918 2992 1299 3048 ‘pelliculatio<ne1n
1320 3027 1327 3034 .
1350 3027 1357 3035 .
1378 3026 1388 3035 .
1409 3008 1433 3034 a
1454 2992 1719 3048 pellicien>do
1740 2993 1844 3044 quod
