2060 3444
291 256 349 299 70
886 254 939 291 m
962 267 998 291 u.
1028 258 1227 293 ιιι-146.

289 371 445 421 pestate
473 381 612 410 serena
636 368 770 408 media
794 370 909 408 nocte
935 368 1163 420 peruenisse
1196 368 1371 409 uidimus
1396 383 1434 409 u.
1463 371 1561 421 127,
1593 383 1617 410 a
1648 384 1729 423 quo
1761 384 1831 411 au-

290 432 398 470 ctore
422 429 556 469 Plinio
581 430 664 468 nat.
688 429 780 469 hist.
807 429 870 468 m
898 430 948 468 71
979 430 1070 468 sinu
1093 429 1302 469 recedente
1326 430 1517 471 traiectus
1543 432 1604 471 est
1637 431 1688 471 ad
1715 430 1831 472 Colu-

289 503 423 529 mnam
449 489 618 541 Regiam
645 488 674 529 O
698 502 749 528 m.
776 503 814 540 p.
871 489 948 529 Sed
975 489 1176 529 Lucilium
1206 490 1334 529 altum
1367 490 1514 542 petisse
1539 490 1732 531 Palinuro
1757 493 1832 531 mi-

289 550 395 589 nime
427 551 489 589 est
518 548 724 600 probabile
755 549 845 589 ideo
877 549 974 600 quia
1005 562 1054 589 ne
1086 562 1111 589 a
1134 549 1338 590 Mineruae
1369 551 1528 601 quidem
1559 552 1832 602 promontorio

289 611 410 661 petiit
447 610 575 649 altum
613 609 682 649 sed
720 610 835 649 anxie
872 611 919 649 ut
955 608 1139 649 solebant
1175 610 1332 661 antiqui
1369 611 1491 651 litora
1526 611 1670 651 radens
1711 612 1832 653 remis

289 669 519 721 penetrauit
549 670 682 709 sinum
713 669 984 720 oppidumque
1017 669 1227 709 Salernum
1258 670 1405 723 tetigit.
1468 670 1734 711 statuendum
1771 674 1833 712 est

289 730 415 782 igitur
444 731 607 781 poetam
638 729 828 769 Palinuro
859 730 1086 781 profectum
1116 729 1319 770 Lucaniae
1350 733 1391 770 et
1420 730 1671 771 Bruttiorum
1711 731 1832 773 litora

289 791 609 842 praeteruectum
629 802 712 830 esse
738 790 833 829 dum
858 791 1086 841 perueniret
1109 790 1285 830 medium
1314 790 1365 830 ad
1396 791 1528 830 sinum
1546 791 1832 832 Vibonensem:

290 863 408 901 quem
438 851 571 889 locum
602 849 802 902 significat
826 863 891 888 uu.
922 851 1017 890 107.
1053 850 1148 889 108.
1210 850 1310 890 Inde
1338 852 1636 901 praeteruectus
1667 851 1833 892 Hieram

288 911 462 950 insulam
488 909 750 950 Artemisium
774 910 887 949 uenit
912 904 1024 964 (uide
1049 910 1100 949 ad
1118 923 1158 949 u.
1182 905 1298 964 104).
1348 911 1408 950 De
1433 910 1592 962 Liparis
1612 910 1756 952 Strabo
1774 911 1834 952 VI

260 974 262 977 ’
289 984 326 1022 p.
356 971 440 1009 275
473 968 548 1009 εἰσὶ
577 964 613 1008 δ’
643 968 739 1009 ἑπτά
765 1000 772 1008 .
795 1000 802 1007 .
825 1000 832 1007 .
860 969 1020 1023 μεγίστη
1045 965 1083 1010 δ’
1112 966 1137 1021 ἡ
1163 970 1329 1024 Λιπάρα
1356 1001 1364 1009 .
1386 1001 1392 1009 .
1415 1001 1423 1009 .
1449 970 1595 1023 ταύτης
1619 969 1662 1012 δὲ
1688 970 1832 1023 μεταξύ
1871 986 1875 992 ·

289 1029 373 1078 πώς
410 1028 490 1070 ἐστι
526 1027 594 1069 καὶ
631 1035 701 1082 τῆς
731 1029 916 1078 Σικελίας
954 1027 1006 1081 ἣν
1043 1034 1120 1069 νῦν
1158 1029 1267 1084 ἱερὰν
1296 1026 1518 1082 (Ηφαίστου
1555 1033 1720 1071 καλοῦσι
1751 1062 1759 1071 .
1787 1062 1795 1070 .
1823 1062 1831 1071 .

289 1088 364 1142 ἔχει
395 1087 438 1129 δὲ
469 1087 675 1138 ἀναπνοὰς
706 1092 808 1142 τρεῖς
839 1086 893 1137 ὡς
922 1087 974 1129 ἂν
1004 1088 1048 1130 ἐκ
1083 1095 1203 1143 τριῶν
1240 1090 1460 1144 κρατήρων.
1497 1089 1539 1130 ἐκ
1577 1088 1620 1131 δὲ
1657 1096 1727 1132 τοῦ
1765 1105 1832 1144 με·

288 1149 424 1203 γίστου
462 1148 529 1189 καὶ
561 1148 739 1203 μύδρους
776 1148 822 1189 αἱ
856 1149 1001 1204 φλόγες
1031 1147 1303 1203 ἀναφέρουσιν
1329 1181 1337 1189 .
1360 1182 1366 1189 .
1389 1181 1397 1189 .
1425 1149 1628 1204 Πολύβιος
1668 1148 1711 1191 δὲ
1753 1156 1834 1191 τῶν

289 1215 409 1263 τριῶν
440 1208 647 1264 κρατήρων
678 1208 747 1250 τὸν
779 1207 851 1262 μὲν
881 1207 1187 1263 κατερρυηκέναι
1218 1208 1345 1262 φησὶν
1378 1208 1422 1251 ἐκ
1460 1208 1624 1264 μέρους,
1660 1209 1753 1259 τοὺς
1789 1207 1833 1252 δὲ

289 1267 515 1322 συμμένειν,
546 1269 614 1310 τὸν
646 1266 689 1309 δὲ
720 1267 768 1321 μέ
794 1280 903 1310 ιστον
933 1268 976 1310 τὸ
1008 1271 1135 1323 χεῖλος
1165 1268 1265 1323 ἔχειν
1296 1268 1503 1324 περιφερὲς
1531 1268 1579 1311 ὃν
1603 1268 1717 1311 πέντε
1741 1281 1831 1311 στα-

290 1329 388 1370 δίων
415 1360 423 1368 .
451 1360 458 1368 .
488 1360 494 1367 .
522 1327 592 1369 ἐὰν
624 1326 696 1381 μὲν
733 1343 808 1370 ουν
840 1328 955 1378 νότος
993 1327 1111 1386 μέλλῃ
1148 1333 1284 1382 πνεῖν,
1320 1328 1443 1383 ἀχλὺν
1480 1327 1678 1384 ὁμιχλώδη
1714 1345 1833 1371 κατα-

288 1392 445 1443 χεῖσθαι
477 1420 485 1428 .
507 1420 545 1428 ..
578 1388 674 1430 ὅταν
711 1386 754 1430 δὲ
791 1387 951 1442 βορέας,
988 1388 1140 1443 φλόγας
1175 1388 1359 1443 καθαρὰς
1395 1388 1473 1430 ἀπὸ
1510 1395 1581 1430 τοῦ
1625 1388 1833 1444 λεχθέντος

289 1454 484 1502 κρατῆρος
521 1448 577 1497 εἰς
613 1448 722 1500 ὕψος
758 1447 984 1502 ἐξαίρεσθαι
1020 1448 1087 1490 καὶ
1123 1447 1300 1502 βρόμους
1341 1447 1613 1502 ἐκπέμπεσθαι
1657 1450 1832 1503 μείζουςε

290 1510 385 1550 conf
429 1511 637 1560 praeterea
686 1509 864 1560 Thucyd.
890 1509 954 1549 [Π
980 1510 1055 1560 88,
1082 1510 1107 1549 3
1152 1510 1271 1550 schol.
1310 1509 1494 1562 Apollon.
1533 1509 1659 1550 Rhod.
1685 1510 1748 1550 HI
1774 1511 1827 1551 41

288 1569 347 1609 IV
375 1570 456 1609 761
492 1569 654 1609 Diodor.
681 1569 718 1606 V
746 1571 784 1619 7,
811 1570 836 1608 3
869 1569 972 1609 Plin.
998 1571 1081 1610 nat.
1107 1570 1199 1610 hist.
1224 1570 1288 1610 m
1315 1571 1382 1610 93.
1444 1570 1585 1610 Potuit
1614 1571 1712 1610 illuc
1741 1583 1832 1622 per-

289 1631 427 1669 uenire
457 1631 580 1681 poeta
610 1629 888 1669 tantummodo
919 1631 1042 1669 uento
1073 1642 1098 1670 a
1129 1630 1398 1681 septentrione
1428 1630 1563 1680 flante,
1593 1643 1673 1670 non
1698 1630 1832 1682 potuit

290 1691 438 1729 austro.
464 1711 523 1717 -—
548 1689 731 1741 Denique
763 1691 886 1729 etiam
916 1688 1126 1730 Castorum
1157 1690 1353 1743 igniculos
1385 1690 1638 1741 descripsisse
1671 1692 1833 1742 poetam

290 1751 515 1801 suspicetur
546 1750 693 1801 aliquis
725 1750 875 1790 circum
905 1750 1004 1790 mali
1035 1750 1201 1803 fastigia
1226 1750 1470 1790 exsultantes
1495 1752 1542 1790 ut
1566 1750 1765 1790 scintillae
1789 1752 1833 1790 in

290 1810 458 1850 candido
488 1810 594 1850 ferro
621 1804 811 1864 (Doxogr.
839 1808 904 1849 Gr.
930 1823 968 1861 p.
997 1811 1081 1850 347
1097 1805 1153 1864 D)
1185 1823 1289 1862 quae
1320 1810 1515 1850 miracula
1539 1810 1833 1862 descripserunt

291 1869 419 1909 Cinna
438 1870 545 1922 apud
563 1870 702 1910 Isidor.
723 1871 821 1922 orig.
835 1870 928 1909 m
951 1871 988 1920 2,
1011 1872 1064 1909 10
1087 1867 1235 1910 ‘lucida
1254 1883 1344 1910 cum
1363 1871 1520 1923 fulgent
1538 1871 1613 1910 alti
1631 1871 1834 1911 carchesia

291 1927 403 1969 mali'
439 1929 620 1970 Catullus
652 1930 758 1980 apud
783 1930 885 1970 Non.
905 1943 943 1980 p.
966 1931 1050 1969 546
1083 1926 1231 1970 ‘lucida
1256 1943 1336 1981 qua
1360 1930 1571 1981 splendent
1590 1943 1611 1967 *
1632 1931 1833 1971 carchesia

292 1987 405 2029 mali'
446 1991 517 2030 alii
555 1985 805 2044 (Wilckenus
830 1989 981 2029 Archiv
1006 1990 1033 2028 f.
1059 1989 1270 2040 Papyrusf.
1295 1990 1316 2029 I
1344 1991 1455 2030 1901
1483 2004 1522 2041 p.
1551 1991 1635 2030 269
1667 1990 1830 2031 Lucian.

291 2051 423 2102 nauig.
453 2051 477 2089 9
517 2049 565 2089 de
602 2049 767 2089 merced.
801 2049 912 2089 cond.
941 2052 962 2089 1
996 2048 1154 2089 Charid.
1181 2047 1227 2101 3)
1271 2049 1320 2089 de
1363 2049 1506 2100 quibus
1550 2049 1704 2091 Plinius
1747 2052 1830 2091 nat.

290 2109 381 2150 hist.
407 2110 450 2149 H
478 2111 559 2150 101
593 2109 777 2150 fabulosa
807 2111 948 2149 miscet
977 2111 1093 2149 ueris.

414 2164 524 2210 146.
555 2170 711 2209 Nonius
742 2183 780 2220 p.
815 2170 913 2219 206,
942 2170 996 2209 14
1042 2182 1089 2208 ex
1129 2171 1391 2221 grammatico
1430 2164 1628 2224 (CaproP)
1668 2166 1830 2210 ‘Forum

290 2231 446 2281 generis
471 2231 615 2269 neutri.
665 2229 877 2269 masculini
901 2229 1079 2269 Lucilius
1104 2229 1173 2268 lib.
1192 2229 1255 2269 HI
1281 2226 1518 2270 “romanis.
1539 2260 1547 2268 .
1569 2262 1577 2270 .
1597 2227 1828 2270 lucernjs'’.’

291 2288 495 2330 Charisius
527 2289 595 2329 GL
620 2289 641 2328 Ῑ
671 2302 709 2340 p.
739 2291 805 2340 71,
833 2289 939 2329 29Κ
971 2302 1017 2328 ex
1049 2289 1187 2329 eodem
1219 2286 1436 2340 “quamuis
1462 2321 1470 2328 .
1492 2320 1500 2328 .
1521 2320 1530 2328 .
1555 2289 1732 2331 Lucilius
1763 2303 1830 2330 ne-

290 2351 492 2401 gotiorum
532 2349 663 2389 forum
703 2350 922 2389 masculine
962 2349 1151 2389 extulerit
1184 2349 1286 2388 libro
1319 2349 1400 2399 ΠΙ,
1442 2346 1584 2390 “forus
1705 2349 1830 2390 lucer-

291 2406 413 2449 nis’'.'
464 2409 701 2449 Latinorum
727 2409 892 2448 -uidetur
922 2409 1019 2449 haec
1050 2409 1180 2449 forma
1211 2422 1306 2459 esse,
1338 2422 1416 2449 non
1447 2409 1591 2449 urbani
1626 2409 1831 2460 sermonis,

291 2482 371 2520 qua
401 2470 463 2509 usi
495 2471 589 2509 sunt
613 2469 856 2520 Pomponius
884 2470 939 2508 38
954 2469 990 2508 R
1022 2469 1236 2509 Sallustius
1269 2469 1408 2509 histor.
1434 2469 1455 2509 I
1483 2470 1567 2509 124
1587 2469 1830 2509 Maurenbr.:

291 2529 460 2580 denique
497 2531 609 2577 forus
646 2529 847 2580 plebeium
883 2542 956 2580 pro
992 2530 1126 2578 forwm
1161 2529 1412 2570 Ptolemaeus
1450 2529 1572 2569 habet
1608 2531 1651 2568 in
1691 2529 1829 2581 multis

291 2588 530 2640 oppidorum
554 2626 557 2628 .
579 2589 805 2645 nominibus
854 2589 983 2628 ueluti
1037 2587 1163 2643 φόρος
1212 2589 1395 2642 Βιβαλῶν
1418 2589 1461 2629 Π
1487 2590 1531 2640 6,
1563 2590 1619 2628 42
1670 2589 1828 2629 similia.

290 2649 481 2700 Aguntur
506 2649 591 2688 ludi
615 2650 736 2688 noctu
761 2662 870 2688 more
895 2650 1110 2689 maiorum:
1136 2650 1230 2690 conf
1251 2651 1343 2689 acta
1363 2649 1548 2688 ludorum
1567 2649 1830 2689 saecularium

290 2722 327 2747 u.
357 2710 442 2748 100
469 2703 654 2762 (Ephem.
681 2708 804 2761 epigr.
830 2709 932 2748 VIII
961 2722 1000 2760 p.
1029 2710 1125 2748 231.
1155 2703 1259 2763 268)
1288 2706 1466 2760 ‘ludique
1490 2710 1611 2749 noctu
1636 2708 1829 2748 sacrificio

291 2768 470 2808 confecto
508 2771 602 2808 sunt
641 2768 842 2808 commissi
876 2770 920 2807 in
957 2781 1100 2809 scaena
1137 2769 1231 2819 quoi
1267 2769 1471 2808 theatrum
1508 2768 1708 2808 adiectum
1749 2781 1829 2808 non

291 2828 371 2867 fuit
399 2828 523 2868 nullis
554 2829 696 2879 positis
728 2825 946 2868 sedilibus’:
978 2830 1144 2868 ornatur
1174 2829 1306 2868 forum
1338 2828 1388 2868 ab
1419 2828 1613 2868 aedilibus
1639 2823 1745 2883 (Liu.
1770 2828 1829 2867 IX

292 2888 362 2937 40,
391 2882 466 2942 16)
500 2885 640 2940 ‘signis
666 2889 708 2928 et
730 2885 964 2928 luminibus’
993 2883 1093 2943 (Cic.
1119 2889 1167 2928 de
1191 2891 1273 2927 nat.
1300 2888 1404 2928 deor.
1429 2889 1452 2928 I
1478 2891 1515 2939 9,
1543 2890 1616 2928 22:
1647 2889 1691 2927 in
1714 2888 1827 2928 Verr.

291 2948 367 2986 act.
393 2948 435 2986 H
465 2947 532 2986 lib.
558 2948 579 2987 Ι
606 2949 691 2987 141.
731 2945 851 2987 ‘ludis
887 2949 986 2999 ipsis
1022 2948 1231 2998 Romanis,
1273 2949 1360 2988 foro
1397 2943 1576 3002 ornato’)
1616 2948 1728 2988 cuius
1770 2948 1829 2987 rei

290 3007 566 3046 testimonium
596 3007 743 3047 Lucilii
774 3009 835 3048 est
858 3020 1001 3048 uersus
1038 3008 1366 3048 uetustissimum.
1428 3008 1627 3048 Tiridates
1656 3007 1827 3047 Parthus
