2060 3444
716 239 844 276 inccrt.
873 240 949 275 sed.
978 252 1010 275 u.
1042 243 1286 276 1315—1317.
1692 239 1778 282 421

234 354 371 411 lexica.
434 353 659 392 Particulae
692 356 773 392 twm
798 365 920 402 porro
953 353 1138 404 deinceps
1170 353 1325 404 positae
1358 353 1538 393 indicant
1573 353 1781 405 apportari

153 420 158 425 '
234 427 364 465 spara,
389 413 570 462 rumices,
595 414 796 465 tragulam
823 426 847 452 a
872 413 999 453 tribus
1025 413 1210 464 deinceps
1236 412 1463 452 hominibus
1488 413 1592 453 unde
1612 414 1677 452 uix
1700 414 1781 453 alia

234 474 389 514 ratione
420 473 604 525 intellegi
634 473 786 525 poterit
816 485 953 513 uersus
986 473 1064 513 nisi
1095 473 1143 512 de
1175 473 1407 512 munel-ibus
1440 486 1541 523 quae
1573 473 1623 512 ab
1655 474 1780 513 homi-

233 533 350 574 nibus
382 532 606 586 agrestibus
639 533 860 573 offeruntur
890 534 1061 585 patrono
1094 532 1268 572 uenandi
1300 533 1491 582 studioso,
1531 533 1662 584 qualis
1694 536 1782 573 erat

233 593 368 645 Scipio
387 593 639 634 Aemilianus
660 588 820 648 (Polyb.
840 593 993 635 XXXII
1017 594 1083 643 15,
1104 596 1127 633 3
1145 588 1292 647 seqq.):
1313 589 1494 632 ‘munera
1514 606 1617 644 quae
1636 593 1780 645 patriis

233 654 283 694 ad
320 667 383 693 me
420 655 592 705 portatis
639 653 688 693 ab
732 650 827 693 oris'
862 653 981 706 Verg.
1010 653 1105 693 Aen.
1131 653 1189 692 XI
1217 654 1314 692 281.
1376 652 1498 693 Libro
1523 653 1580 692 IV
1626 653 1780 693 tribuas

232 726 393 754 uersum
419 714 566 754 collato
592 727 629 752 u.
659 714 755 753 166.
806 714 964 763 trayula
991 713 1206 766 singularis
1231 716 1280 752 ut
1302 713 1473 761 ficedula
1497 713 1650 753 medius
1675 713 1781 753 inter

232 774 401 825 pluralis
427 774 495 813 lib.
521 774 631 813 XXX
653 788 690 813 u.
720 775 816 814 978.
867 773 1078 814 Venabula
1103 773 1207 813 dono
1233 773 1381 813 dantur
1398 773 1574 814 Martial.
1594 773 1690 813 XIV
1712 775 1779 814 30.

356 829 498 874 1316.
524 834 747 885 Porphyrio
774 833 825 874 ad
849 834 1010 874 Horatii
1036 846 1149 874 serm.
1175 833 1196 872 Ι
1223 834 1261 883 6,
1291 835 1343 873 12
1373 830 1539 873 ‘Contra
1557 833 1779 873 Laeuinum

232 894 370 934 Valeri
407 907 545 947 genus.
613 894 661 934 Id
699 896 760 934 est
790 894 976 934 Valerius
1014 893 1215 934 Laeuinus
1244 925 1251 932 .
1281 925 1287 932 .
1316 925 1323 932 .
1351 894 1604 945 periphrasin
1646 896 1780 933 autem

232 954 454 995 necessario
486 954 594 1005 feeit,
626 954 730 995 sicut
762 953 953 1004 Lucilius,
985 967 1076 994 cum
1106 954 1205 994 dicit
1232 950 1404 993 “Valeri
1437 953 1636 994 sententia
1667 950 1779 1004 dia”,

233 1017 329 1066 quia
360 1015 513 1055 scilicet
543 1027 687 1054 nomen
718 1015 793 1054 hoc
824 1017 1016 1066 quattuor
1045 1015 1228 1054 breuium
1266 1014 1517 1065 syllabarum
1554 1016 1626 1065 est,
1659 1017 1699 1054 et
1730 1015 1780 1055 ob

234 1074 276 1114 id
307 1088 388 1115 non
418 1077 552 1126 potest
576 1076 618 1114 in
643 1075 917 1115 hexametrum
943 1087 1102 1116 uersum
1127 1071 1280 1125 recipi'.
1325 1074 1465 1114 Horat.
1486 1087 1600 1114 serm.
1621 1074 1642 1113 I
1663 1076 1701 1125 2,
1723 1076 1775 1115 31

232 1131 243 1149 ‘
261 1130 423 1175 “macte
455 1136 607 1175 uirtute
640 1132 756 1175 esto”
790 1136 924 1186 inquit
955 1136 1155 1175 sententia
1186 1135 1254 1174 dia
1287 1131 1478 1174 Catonis’.
1529 1134 1625 1181 Quis
1658 1136 1780 1175 fuerit

229 1195 299 1246 ille
344 1195 548 1245 Valerius,
598 1208 676 1235 non
721 1197 895 1235 constat:
945 1196 1242 1235 nominatiuum
1283 1195 1464 1235 Valerius
1507 1195 1649 1235 herous
1699 1209 1778 1234 non

231 1255 417 1306 capiebat
448 1256 567 1295 sicuti
599 1269 647 1295 ne
673 1255 856 1295 Numerii
883 1255 1009 1295 Caelii
1041 1255 1202 1306 quidem
1234 1255 1406 1295 nominis
1431 1255 1569 1294 incert.
1590 1269 1627 1294 u.
1651 1256 1778 1295 1295.

228 1317 420 1359 sententia
451 1316 521 1356 dia
552 1329 599 1355 ex
630 1316 762 1356 Ennio
794 1316 956 1356 uidetur
990 1328 1074 1356 esse
1112 1317 1318 1366 sumptum
1356 1315 1406 1354 ab
1438 1315 1608 1355 Horatio
1650 1317 1691 1355 et
1728 1315 1777 1358 ab

230 1374 385 1415 Lucilio
417 1389 489 1427 per
520 1376 652 1416 iocum
683 1375 909 1415 adhibitum
939 1377 982 1416 in
998 1374 1055 1415 ‘re
1086 1376 1232 1415 humili
1263 1376 1303 1415 et
1333 1374 1504 1427 uulgari.

236 1472 240 1476 .
354 1430 495 1477 1317.
528 1436 677 1488 Agitur
707 1437 755 1476 de
781 1438 961 1476 oratione
987 1435 1216 1487 Philippica
1241 1435 1294 1485 II,
1326 1437 1437 1476 cuius
1463 1435 1489 1486 ξ
1519 1436 1602 1475 103
1629 1437 1777 1475 tracta-

229 1498 295 1535 tur
338 1497 458 1536 huius
502 1496 698 1547 epistulae
731 1493 756 1546 ξ
786 1498 829 1546 23
873 1495 899 1546 ξ
928 1497 1011 1536 106
1063 1496 1180 1534 huius
1231 1495 1425 1546 epistolae
1465 1494 1490 1546 ξ
1518 1497 1542 1535 3
1589 1498 1778 1545 extrema,

229 1556 374 1606 quibus
407 1557 650 1607 comparatis
682 1558 852 1608 apparet
882 1555 1022 1596 reuera
1053 1557 1095 1594 in
1127 1556 1199 1594 illa
1231 1557 1412 1595 oratione
1450 1557 1590 1607 postea
1623 1554 1776 1595 Cicero·
1811 1578 1822 1588 ·

228 1629 319 1655 nem
349 1616 532 1656 nonnihil
564 1617 778 1656 correxisse
810 1618 851 1655 et
882 1616 1019 1656 Attico
1059 1618 1222 1655 auctore
1261 1618 1302 1655 et
1339 1616 1522 1655 secundis
1560 1616 1664 1655 curis
1703 1628 1775 1655 suo

227 1676 404 1716 consilio.
468 1675 594 1722 Quem
619 1674 644 1726 ξ
674 1678 695 1714 1
736 1677 869 1716 locum
906 1677 1061 1728 spectat
1099 1675 1293 1716 orationis
1334 1675 1507 1727 Philipp.
1533 1676 1576 1715 H
1602 1675 1627 1726 ξ
1656 1677 1700 1725 3,
1741 1677 1775 1716 is

227 1731 344 1775 hodie
375 1736 524 1789 legitur
553 1737 631 1786 ita,
668 1738 714 1776 ut
754 1737 867 1776 nulla
902 1737 1001 1776 insit
1038 1736 1298 1776 obscenitatis
1337 1735 1530 1786 suspicio:
1569 1731 1663 1774 ‘Sed
1702 1736 1777 1776 hoc

226 1795 373 1836 idcirco
406 1797 758 1847 commemoratum
791 1810 816 1836 a
846 1798 886 1837 te
918 1798 1034 1847 puto,
1073 1799 1119 1835 ut
1157 1797 1196 1835 te
1235 1795 1371 1836 infimo
1410 1795 1541 1835 ordini
1579 1809 1775 1835 commen-

229 1849 352 1906 dares,
385 1869 477 1895 cum
509 1869 644 1896 omnes
676 1854 765 1908 (te)
797 1856 1099 1896 recordarentur
1130 1856 1310 1895 libertini
1342 1869 1530 1908 generum
1565 1858 1606 1895 et
1630 1856 1775 1896 liberos

226 1918 317 1956 tuos
342 1918 506 1967 nepotes
533 1916 578 1963 Q.
599 1916 699 1956 Fadi
723 1917 902 1956 libertini
927 1917 1099 1956 hominis
1125 1913 1262 1956 suisse'
1291 1916 1386 1955 conf
1403 1915 1577 1968 Philipp.
1598 1915 1697 1955 XIII
1720 1918 1773 1956 23

228 1973 277 2015 ‘is
308 1978 443 2016 autem
469 1976 738 2016 humilitatem
763 1976 963 2028 despicere
993 1976 1114 2016 audet
1140 1977 1387 2027 cuiusquam,
1414 1975 1482 2027 qui
1509 1989 1555 2015 ex
1581 1976 1711 2015 FADI
1731 1977 1774 2016 F.

226 2030 292 2089 (ea
323 2036 386 2076 dic
417 2036 528 2086 codd,
560 2038 695 2076 Fadia
725 2035 843 2087 editt)
873 2037 1080 2077 sustulerit
1104 2033 1292 2077 liberos?
1322 2058 1378 2063 -—
1405 2038 1452 2075 ut
1482 2037 1612 2076 sciant
1636 2036 1775 2084 παῖδες

225 2087 400 2148 niumm,
450 2098 476 2135 i.
514 2110 546 2136 e.
597 2097 768 2148 populus
819 2097 1024 2136 Romanus
1080 2097 1146 2136 uel
1196 2096 1426 2136 Aeneadae:
1478 2097 1594 2136 Hom.
1622 2094 1660 2135 Υ
1688 2098 1772 2136 308

227 2151 390 2210 (Strabo
416 2157 515 2196 XIII
546 2171 583 2207 p.
613 2158 697 2197 608
737 2157 855 2197 schol.
888 2158 1055 2208 Dionys.
1088 2157 1228 2196 Thrac.
1262 2171 1300 2208 p.
1331 2157 1427 2207 180,
1457 2157 1510 2196 28
1527 2151 1655 2211 Hilg.)
1700 2162 1775 2196 νῦν

226 2213 268 2255 δὲ
300 2215 350 2268 δὴ
372 2215 536 2256 Αἰνείαο
569 2216 637 2268 βίη
673 2216 844 2268 Τρώεσσι
875 2215 1009 2264 ἀνάξει
1041 2214 1108 2255 καὶ
1133 2216 1289 2256 παίδων
1315 2216 1454 2264 παῖδες
1484 2216 1547 2256 τοί
1570 2222 1642 2256 κεν
1665 2216 1772 2268 μετό-

225 2273 344 2315 πισθε
388 2274 594 2329 γένωνται,
638 2276 706 2315 ubi
751 2276 869 2316 sicuti
907 2276 1045 2316 Cicero
1083 2277 1204 2316 schol.
1243 2276 1431 2327 Dionysii
1475 2276 1547 2316 alii
1591 2277 1774 2328 legerunt

225 2335 363 2383 παῖδες
394 2335 560 2375 παίδων.
624 2335 772 2382 Quodsi
803 2336 976 2376 traditus
1009 2336 1122 2375 nobis
1156 2338 1259 2375 esset
1289 2337 1400 2375 locus
1431 2337 1526 2386 iste,
1565 2349 1612 2375 ea
1651 2349 1771 2387 quam

225 2391 398 2446 epistula
428 2396 499 2434 illa
531 2398 686 2446 spectat
717 2396 857 2445 forma,
888 2397 1019 2436 locum
1052 2396 1247 2446 epistulae
1280 2394 1396 2435 facile
1432 2396 1772 2448 intellegeremus:

226 2457 269 2494 at
307 2454 443 2511 Cicero
480 2457 655 2495 mutauit
692 2456 732 2494 id
771 2456 877 2507 quod
922 2458 1017 2495 tunc
1062 2455 1256 2495 habuerat
1300 2456 1510 2496 consilium
1555 2469 1771 2507 omnesque

227 2528 324 2565 quas
362 2516 403 2554 in
442 2515 616 2566 epistula
652 2517 842 2567 proponit
879 2517 1097 2556 summouit
1135 2529 1179 2555 ex
1219 2516 1289 2555 illo
1328 2516 1416 2555 loco
1455 2518 1594 2566 postea
1634 2519 1771 2567 turpes

226 2574 401 2615 facetias.
466 2575 606 2615 Voluit
636 2577 825 2615 nimirum
857 2576 1026 2616 scribere
1059 2576 1281 2615 Antonium
1313 2590 1358 2615 ex
1392 2574 1502 2615 Galli
1533 2575 1647 2615 Fadii
1686 2575 1772 2615 filia

225 2634 369 2674 liberos
407 2635 592 2674 habuisse
630 2637 714 2675 sine
744 2637 841 2686 palo
880 2631 996 2690 (Hor.
1023 2649 1136 2675 serm.
1163 2636 1184 2675 I
1211 2637 1249 2686 8,
1277 2631 1322 2690 5)
1362 2636 1447 2675 siue
1492 2636 1619 2675 mzllo:
1664 2636 1771 2686 quod

226 2694 463 2734 uocabulum
500 2695 675 2735 militare
713 2697 902 2746 posuerat
935 2695 1112 2735 Lucilius
1151 2697 1364 2735 castrensis
1402 2696 1595 2735 sermonis
1635 2709 1769 2746 aman-

226 2755 405 2794 tissimus
448 2767 521 2805 pro
565 2757 722 2794 ueretro
767 2757 898 2794 erecto
942 2757 1062 2795 sicuti
1103 2757 1251 2804 fossam
1298 2757 1340 2794 in
1391 2770 1433 2794 re
1483 2756 1596 2806 turpi
1639 2756 1768 2807 ‘uulgo

226 2813 376 2853 Romae
406 2815 613 2854 nominare
644 2815 840 2864 solebant,
872 2816 970 2854 item
1000 2816 1171 2861 hastam,
1209 2816 1406 2864 cuspIdem
1439 2815 1479 2854 id
1511 2828 1636 2867 genus
1676 2815 1768 2854 alia.

226 2873 420 2913 Fabulam
459 2874 659 2923 quandam
697 2874 907 2914 obscenam
945 2877 1180 2913 narrauerat
1223 2877 1343 2924 poeta
1388 2887 1490 2924 quae
1534 2875 1684 2913 exierat
1728 2874 1768 2912 in

226 2932 367 2972 militis
399 2933 567 2973 alicuius
599 2934 725 2972 facete
757 2933 908 2973 dictum
940 2934 988 2973 de
1020 2934 1120 2972 ualli
1159 2933 1388 2973 uirtutibus.
1421 2955 1478 2960 —-—
1511 2934 1658 2985 Magno
1698 2947 1768 2977 nu->

226 3005 334 3032 mero
367 2993 683 3032 coniecturarum
715 2993 844 3044 magis
875 2995 1046 3033 uexatus
1079 3005 1198 3043 quam
1231 2995 1439 3032 enat-ratus
1471 2994 1546 3032 iste
1572 2995 1633 3032 est
1658 2993 1768 3032 locus
