2060 3444
739 226 868 262 incert.
896 226 971 262 sed.
999 237 1033 261 u.
1064 228 1310 262 1307—1308.
1715 227 1801 269 417

261 339 420 379 nomine
465 340 627 390 proprio
672 341 832 379 uetusta
874 340 916 378 in
959 340 1264 379 semiuocalibus
1315 340 1602 392 orthographia
1653 341 1803 379 diutius

262 398 438 439 obtinuit
462 399 582 439 sicuti
605 400 648 437 in
674 400 846 438 nummis
865 400 1040 438 Manius
1055 399 1205 448 ‚Sisena
1230 399 1399 452 legimus
1426 400 1518 439 alia.
1562 399 1643 440 Lex
1670 402 1805 440 autem

262 459 446 510 Tappula
477 458 628 498 dictum
659 471 732 509 pro
765 458 994 510 Tappulina
1027 472 1105 510 quo
1138 459 1185 498 de
1217 472 1291 499 usu
1323 461 1476 511 egimus
1509 459 1560 499 ad
1584 460 1652 499 lib.
1672 460 1804 498 XXVI

261 532 298 558 u.
327 519 430 558 676:
468 519 579 558 cuius
617 520 757 558 auctor
787 519 829 557 in
861 519 949 570 lege
980 520 1069 569 ipsa
1101 518 1241 570 Tappo
1274 519 1438 569 dicitur,
1475 521 1517 558 in
1548 520 1669 559 titulo
1705 521 1805 571 legis

261 578 485 630 Tappulus,
523 579 642 618 sicuti
679 578 814 617 Plauti
846 578 1017 628 Poenus,
1056 580 1125 630 qui
1161 580 1205 618 in
1243 579 1379 618 fabula
1416 581 1505 630 ipsa
1542 593 1698 631 semper
1732 580 1805 619 hoc

261 639 421 678 nomine
457 638 688 678 nominatur
725 633 900 694 (1410),
944 641 986 678 in
1023 639 1144 678 titulo
1182 641 1242 679 est
1278 639 1487 680 Poenulus.
1551 639 1630 679 Sed
1666 653 1805 679 reuera

260 698 468 739 Valerium
517 699 633 738 inum
684 698 942 738 Valentinum
991 701 1200 750 praeterea
1250 699 1453 751 Tapponis
1509 702 1574 740 uel
1631 700 1805 751 Tappuli

261 771 480 811 cognomen
517 758 702 799 habuisse
739 759 857 799 sicuti
894 759 986 798 illos
1017 758 1201 799 Valerios
1239 759 1286 798 de
1326 760 1469 810 quibus
1501 759 1641 800 Liuius
1667 762 1692 799 1.
1720 774 1748 799 s.
1776 774 1804 800 s.

262 820 423 859 omnino
454 818 660 870 probabile
691 831 771 858 non
797 821 858 859 est
883 819 952 858 sed
978 819 1107 859 dictus
1134 821 1195 858 est
1219 819 1458 859 Valentinus
1486 821 1623 860 eadem
1649 822 1805 860 ratione

263 891 342 930 qua
381 880 666 931 grammaticus
697 878 883 919 Valerius
922 879 1115 930 Soranus,
1158 880 1371 920 historicus
1409 880 1555 920 Antias
1594 893 1616 919 a
1660 882 1806 935 patria.

262 939 402 990 Tappo
434 939 531 989 quid
563 938 771 990 significet,
802 939 1012 980 obscurum
1045 941 1122 979 est:
1155 952 1333 979 scurram
1363 941 1429 979 uel
1461 940 1651 980 stolidum
1683 942 1806 993 signi-

261 999 373 1038 ficari
410 999 516 1049 apud
555 998 758 1038 Catullum
784 998 874 1038 CIV
900 1001 925 1038 4
971 1002 1105 1040 censet
1142 1000 1408 1052 Kiesslingius
1435 1000 1460 1040 l.
1487 1014 1516 1040 s.
1543 1013 1572 1040 s.
1636 999 1806 1040 Causam

262 1059 375 1098 illam
412 1059 515 1098 dixit
545 1059 730 1100 Valerius
762 1059 1001 1100 Valentinus
1039 1059 1087 1099 de
1127 1073 1206 1111 qua
1237 1060 1369 1100 Valer.
1395 1061 1499 1100 Max.
1525 1061 1551 1100 l.
1577 1075 1607 1101 s.
1634 1074 1662 1100 s.
1702 1074 1806 1100 anno

262 1120 344 1158 fere
378 1115 538 1172 667s87
573 1132 702 1170 senein
735 1133 824 1159 cum
854 1119 894 1159 C.
916 1119 1130 1160 Cosconius
1161 1123 1324 1171 praetor
1355 1122 1478 1160 fuerit
1503 1134 1608 1161 anno
1637 1118 1804 1174 665s89

262 1173 454 1234 (Appian.
481 1179 518 1218 b.
545 1191 576 1218 c.
602 1179 622 1218 I
650 1181 704 1218 52
731 1179 847 1219 Diod.
874 1180 1065 1219 XXXVH
1091 1182 1130 1230 2,
1156 1176 1215 1235 8),
1247 1194 1405 1220 carmen
1437 1181 1540 1221 illud
1569 1181 1670 1234 legis
1703 1182 1806 1232 Tap-

262 1239 381 1290 pulae
413 1239 642 1279 adulescens
674 1241 907 1290 composuit.
958 1240 1018 1280 De
1050 1240 1205 1293 legibus
1237 1241 1515 1282 conuiualibus
1540 1241 1806 1281 Buechelerus

262 1300 346 1351 egit
381 1299 497 1338 docte
528 1299 554 1339 1.
581 1312 609 1339 s.
636 1313 666 1339 s.
699 1302 768 1350 qui
806 1300 976 1340 contulit
1013 1300 1340 1352 philosophorum
1380 1300 1622 1341 Graecorum
1658 1300 1808 1354 νόμους

261 1359 530 1412 συμποτικούς
555 1354 719 1414 (Athen.
745 1359 766 1399 I
790 1374 828 1411 p.
857 1362 881 1400 3
897 1360 929 1398 F
960 1360 997 1398 V
1023 1375 1060 1412 p.
1090 1362 1172 1400 186
1190 1361 1223 1399 Β
1250 1361 1353 1401 Plat.
1379 1362 1483 1413 legg.
1508 1362 1550 1400 H
1577 1376 1615 1413 p.
1644 1363 1726 1401 671
1745 1358 1807 1414 C),

262 1418 520 1459 Gnathaenae
561 1421 781 1460 meretricis
825 1419 951 1472 νόμον
994 1420 1220 1460 συσσιτικόν
1259 1416 1423 1476 (Athen.
1450 1421 1549 1461 ΧΙΠ
1574 1436 1611 1473 p.
1640 1423 1724 1461 585
1741 1418 1807 1476 B),

261 1480 532 1531 fragmentum
572 1481 673 1532 legis
719 1481 941 1520 conuiualis
984 1482 1027 1519 in
1071 1482 1179 1521 exitu
1224 1481 1386 1528 Queroli
1429 1483 1584 1533 positae
1630 1480 1806 1531 (Petron.

262 1540 356 1579 edit.
381 1553 410 1580 s.
437 1552 465 1578 s.
493 1553 530 1590 p.
553 1535 670 1594 212).
716 1539 867 1580 Similis
894 1541 957 1579 lex
983 1540 1211 1581 Postumiae
1238 1543 1455 1593 magistrae
1482 1555 1603 1592 quam
1629 1543 1808 1594 appellat

263 1598 445 1640 Catullus
471 1599 623 1638 XXVII
650 1602 674 1639 3
714 1600 875 1639 uidetur
911 1601 1050 1640 fuisse:
1091 1602 1198 1640 inter
1229 1600 1401 1642 Graecas
1438 1602 1709 1641 memorabilis
1748 1605 1808 1641 est

263 1658 352 1698 CIA
378 1659 439 1698 III
467 1660 520 1698 23
567 1659 761 1714 (Kaibelii
786 1659 857 1699 EG
887 1657 1039 1715 1128),
1089 1662 1174 1700 tum
1217 1662 1281 1700 lex
1325 1662 1546 1701 conuiualis
1590 1663 1723 1713 posita
1765 1664 1807 1701 in

263 1718 432 1758 Luciani
464 1719 743 1760 Saturnalibus
771 1719 971 1760 Cronosol.
1003 1722 1066 1760 17.
1120 1720 1327 1760 Sententia
1358 1722 1501 1761 similis
1534 1735 1616 1762 esse
1648 1722 1809 1762 uidetur

263 1780 347 1819 eius
383 1792 503 1830 quam
540 1780 694 1830 profert
730 1779 777 1819 de
816 1782 1056 1820 testamento
1094 1781 1261 1832 porcelli
1297 1781 1566 1833 Hieronymus
1603 1784 1645 1821 in
1683 1783 1806 1833 praef.

262 1839 357 1878 libri
381 1839 460 1878 ΧΠ
488 1842 743 1879 commentar.
770 1842 811 1879 in
842 1841 934 1880 Isai.
955 1841 1013 1880 IV
1039 1855 1076 1892 p.
1105 1842 1190 1881 493
1212 1841 1318 1881 Vall.
1369 1836 1546 1897 (Petron.
1574 1843 1808 1882 Buecheleri

264 1899 356 1938 edit.
376 1899 435 1938 IV
461 1913 497 1950 p.
522 1895 626 1954 243)
661 1897 684 1939 ‘.
708 1932 715 1939 .
737 1931 745 1940 .
773 1901 982 1952 Timaeum
1009 1933 1016 1940 .
1039 1933 1046 1940 .
1069 1933 1076 1940 .
1103 1902 1259 1941 Tullius
1286 1915 1326 1942 se
1352 1915 1431 1941 non
1457 1903 1690 1955 intellegere
1717 1916 1807 1942 con-

262 1959 410 2009 fitetur,
441 1961 726 2000 testamentum
757 1963 894 2000 autem
926 1960 1096 2000 Grunnii
1122 1961 1376 2012 Corocottae,
1401 1963 1568 2013 porcelli
1594 1963 1810 2003 decantant

263 2020 305 2057 in
332 2019 476 2060 scholis
502 2033 716 2071 puerorum
742 2022 904 2073 agmina
930 2017 1269 2061 cachinnantium’
1291 2021 1397 2061 idem
1417 2024 1540 2062 contr.
1562 2022 1690 2062 Rufin.
1711 2023 1732 2062 I
1754 2025 1806 2062 17

263 2079 304 2118 Π
329 2093 367 2130 p.
394 2080 479 2118 473
527 2077 658 2131 ‘quasi
695 2094 775 2120 non
907 2083 1193 2134 testamentum
1231 2083 1312 2122 suis
1356 2082 1571 2122 Bessorum
1615 2084 1807 2122 caehinno

265 2139 443 2178 membra
469 2141 672 2179 concutiat
703 2143 824 2192 atque
849 2142 955 2180 inter
986 2154 1209 2181 scurrarum
1243 2142 1380 2193 epulas
1413 2156 1543 2195 nugae
1583 2143 1810 2184 istiusmodi

264 2196 592 2250 frequententur’.
668 2199 1000 2252 Philosophorum
1050 2203 1199 2252 scripta
1248 2215 1365 2242 nemo
1414 2203 1533 2254 legit:
1583 2203 1808 2254 Tappulam

265 2259 394 2311 legem
438 2259 560 2310 opimi
605 2262 764 2300 uentres
807 2261 981 2301 ridentes
1023 2264 1275 2313 rumpuntur.
1327 2261 1440 2313 [conf
1478 2262 1613 2302 Herm.
1643 2263 1810 2302 XXXIX

268 2320 383 2359 1904
415 2332 453 2369 p.
475 2320 558 2358 327
581 2315 708 2372 seqq]

389 2373 532 2419 1308.
576 2379 704 2418 Varro
748 2380 796 2419 de
839 2380 979 2432 lingua
1021 2381 1168 2421 Latina
1193 2381 1231 2419 V
1259 2383 1312 2421 23
1361 2379 1518 2432 ‘Terra,
1562 2386 1610 2422 ut
1652 2386 1809 2434 putant,

267 2437 404 2478 eadem
443 2440 483 2478 et
518 2439 674 2478 humus.
703 2471 709 2478 .
738 2471 745 2478 .
774 2471 780 2478 .
813 2440 956 2479 humor
991 2441 1094 2489 hinc.
1145 2442 1283 2492 itaque
1319 2441 1409 2482 ideo
1446 2442 1624 2481 Lucilius
1670 2440 1810 2482 “terra

266 2499 363 2538 abiit
390 2530 397 2537 .
421 2530 427 2537 .
450 2530 456 2537 .
483 2495 790 2550 imbremque’'.'
842 2501 923 2539 abit
947 2500 1208 2553 Augustinus.
1260 2500 1380 2541 Libro
1406 2501 1469 2540 III
1498 2502 1685 2542 attribuit
1709 2503 1808 2542 Var-

267 2557 399 2609 gesius
430 2558 479 2598 de
509 2558 612 2598 libro
637 2559 700 2598 HI
730 2558 878 2600 Lucilii
902 2574 939 2611 p.
969 2562 1036 2610 10,
1064 2562 1119 2601 30
1152 2562 1220 2612 qui
1248 2562 1346 2602 haec
1371 2561 1556 2601 adnotat:
1591 2558 1810 2602 ‘Prouectis

267 2631 288 2656 e
320 2619 439 2670 portu
470 2618 536 2658 uel
566 2621 805 2670 tempestate
837 2632 976 2659 serena
1006 2624 1206 2671 terraeque
1235 2622 1425 2672 urbesque
1454 2623 1648 2673 recedunt,
1680 2625 1727 2662 ut
1753 2624 1811 2662 ait

267 2677 463 2730 Virgilius
494 2678 593 2718 Aen.
619 2678 682 2718 111
710 2680 775 2718 72.
820 2679 976 2720 Lucilio
1009 2683 1144 2720 autem
1175 2682 1314 2721 littora
1344 2682 1495 2734 legenti
1534 2684 1663 2722 terrae
1699 2696 1809 2734 aspe-

268 2739 388 2780 ctum.
403 2737 553 2777 ademit
569 2740 735 2788 niqrans
754 2742 967 2780 commixtis
987 2742 1176 2780 imbribus
1194 2743 1362 2782 nimbus.
1407 2742 1518 2794 Virg.
1537 2742 1635 2781 Aen.
1651 2742 1708 2781 IV
1726 2745 1810 2782 120

268 2797 317 2836 cf.
342 2797 405 2836 III
435 2794 546 2836 198’.
595 2798 742 2850 Agitur
773 2801 907 2850 potius
939 2799 986 2839 de
1011 2803 1250 2851 tempestate
1279 2802 1411 2841 subito
1437 2803 1574 2841 coorta
1599 2815 1679 2852 qua
1703 2806 1810 2842 terra

269 2858 513 2896 commutata
550 2869 633 2896 esse
671 2857 877 2898 uideretur
913 2860 956 2898 in
992 2860 1148 2900 nimbos
1187 2862 1226 2899 et
1266 2861 1450 2900 imbrem:
1494 2862 1603 2900 abire
1645 2861 1810 2901 uerbum

268 2916 475 2967 proprium
506 2915 877 2968 metamorphoseon
909 2917 1047 2957 Ouidii
1077 2919 1205 2958 ueluti
1229 2919 1250 2958 I
1277 2921 1360 2959 236
1405 2917 1462 2959 ‘in
1502 2920 1621 2959 uillos
1663 2921 1811 2960 abeunt

269 2977 412 3025 uestes,
443 2976 485 3014 in
517 2988 632 3015 crura
663 2974 818 3016 lacerti'
852 2979 892 3016 et
922 2979 983 3017 ita
1016 2979 1176 3029 passim.
1739 2974 1741 2977 ’

344 3048 456 3074 Lucilii
477 3049 541 3074 rell.
563 3049 607 3074 ed.
629 3049 736 3075 Maux.
775 3050 815 3075 Π.
1479 3049 1521 3080 27
