2060 3444
782 253 900 289 xxlx
926 265 965 290 u.
991 256 1192 289 812-816.
1676 253 1765 297 285

222 368 419 407 uix-tutem
445 370 486 407 et
511 366 756 418 sapientiam
781 368 916 406 omnia
943 367 1023 406 alia
1044 380 1145 417 quae
1166 369 1376 419 iactamus,
1402 380 1450 406 ne
1471 368 1611 407 multis
1631 368 1773 418 dicam,

166 420 168 422 ’
225 429 364 479 inepta
395 429 502 479 sunt,
536 427 653 478 fluxa,
686 428 867 479 fragilia:
903 427 998 466 conf
1025 427 1092 466 lib.
1120 427 1236 466 xvn
1262 442 1298 466 u.
1327 429 1423 467 550.

346 482 458 528 813.
496 488 651 527 Nonius
678 502 714 539 p.
744 489 842 537 311,
870 489 924 526 24
959 484 1126 526 ‘Fouere
1158 490 1219 526 est
1249 489 1414 537 nutrire,
1448 488 1676 539 prouehere.
1706 518 1743 529 ..

223 548 402 588 Lucilius
427 547 495 587 lib.
515 547 710 587 XXVIIII
737 545 951 587 “uentrem
978 547 1304 587 alienumesttum
1330 542 1414 601 (est
1437 559 1499 586 om
1524 549 1561 586 L
1580 562 1630 587 m.
1655 543 1771 603 1)...

224 604 524 657 cataplasmo”.’
588 608 700 651 Idem
728 622 769 659 p.
798 610 897 658 350,
925 609 978 646 32
1021 605 1251 658 ‘Maestum,
1294 610 1477 647 enectum
1514 609 1631 647 fame.
1693 608 1772 648 Lu-

224 668 340 708 cilius
359 667 427 707 lib.
450 667 645 707 XXVIIII
667 665 880 707 “uentrem
903 700 909 706 .
933 700 939 706 .
963 700 968 706 .
991 665 1301 719 cataplasma'’.'
1335 668 1567 719 Dactylicos
1588 681 1773 711 numeros

225 729 408 781 agnoscit
438 727 655 768 Muellerus
688 729 775 778 alii,
815 729 1039 768 trochaicos
1070 730 1219 768 rectius
1252 729 1551 768 Lachmaunus:
1589 741 1682 768 nam
1714 731 1773 768 uti

223 802 302 828 non
334 790 468 839 potest
494 801 576 828 esse
602 789 803 839 particula
829 789 895 828 sed
923 791 984 828 est
1009 789 1175 827 uerbum
1202 790 1247 827 ut
1274 788 1373 829 Cels.
1400 789 1458 828 IV
1486 790 1510 828 9
1532 790 1620 828 init.
1649 786 1772 828 ‘cata-

224 849 435 900 plasmatis
468 849 621 899 calidis,
654 849 921 900 fomentisque
953 849 1101 889 umidis
1133 846 1318 888 utuntur'
1346 849 1425 888 VII
1453 850 1521 899 26,
1549 850 1574 889 5
1606 863 1645 900 p.
1674 851 1773 899 312,

225 910 278 948 37
302 909 487 948 Daremb.
516 906 695 959 ‘quidam
717 909 1020 960 cataplasmatis
1044 909 1371 949 calefacientibus
1391 907 1588 949 utuntur’.
1620 910 1777 949 Fouere

223 971 351 1021 igitur
372 982 474 1008 vcum
506 970 558 1008 sit
590 971 827 1021 perfectum,
863 972 924 1009 uta·
954 969 1181 1010 infinitiuus
1220 971 1297 1009 erit
1333 971 1560 1010 historicus.
1624 970 1774 1022 Agitur

224 1029 272 1068 de
311 1031 455 1069 seruis:
500 1030 562 1068 illi
599 1033 782 1069 uentrem
820 1031 992 1069 alienum
1029 1030 1185 1080 fouere,
1222 1032 1249 1069 i.
1277 1043 1308 1069 e.
1334 1031 1560 1080 inimicum,
1604 1032 1772 1070 iratum:

222 1085 318 1129 Hor.
345 1102 458 1129 serm.
484 1089 525 1128 II
553 1091 597 1140 2,
626 1091 678 1129 18
726 1087 857 1141 ‘panis
902 1090 1118 1130 latrantem
1163 1091 1412 1130 stomachum
1463 1091 1563 1130 bene
1614 1088 1772 1141 leniet'3

226 1150 266 1199 8,
293 1151 317 1189 5
353 1147 477 1201 ‘quae
506 1152 637 1200 prima
675 1152 825 1190 iratum
862 1152 1043 1190 uentrem
1080 1151 1305 1201 placauerit
1342 1147 1458 1190 esca’.
1485 1172 1545 1178 --
1569 1147 1771 1198 maestum,

225 1212 272 1248 ut
305 1209 424 1262 Verg.
450 1222 585 1262 georg.
612 1211 632 1249 Ι
662 1213 742 1251 159
798 1208 1087 1261 ‘concussaque
1135 1212 1283 1250 famem
1333 1213 1376 1250 iu
1429 1212 1543 1251 siluis
1599 1211 1778 1251 solabere.

131 1300 141 1308 .
224 1267 386 1321 quercu'
413 1269 554 1310 Horat.
574 1283 692 1310 carm.
713 1271 754 1310 Π
775 1274 813 1320 5,
835 1272 859 1310 6
896 1268 1018 1310 ‘nunc
1049 1271 1183 1311 fluuiis
1209 1284 1376 1323 grauem
1404 1272 1573 1311 solantis
1600 1269 1770 1312 aestum-²

227 1326 360 1384 (serm.
387 1330 427 1369 II
456 1332 494 1380 6,
523 1325 639 1386 117).
696 1332 841 1371 Facete
873 1331 987 1370 addit
1018 1344 1158 1371 seruus
1190 1333 1232 1370 in
1265 1334 1405 1371 uentre
1436 1332 1645 1372 laborante
1678 1344 1774 1373 usosv

225 1403 309 1430 esse
347 1403 413 1430 eos
445 1391 693 1442 cataplasma
725 1405 772 1431 ex
803 1391 943 1431 molito
975 1392 1140 1432 hordeo:
1174 1392 1282 1443 quod
1314 1405 1439 1444 genus
1470 1393 1772 1444 cataplasmatis

224 1450 414 1490 describit
445 1450 631 1490 Sci-ibon..
650 1451 768 1504 Larg.
798 1453 882 1492 160
916 1449 1085 1491 ‘farinae
1114 1452 1359 1492 hordeaceae
1386 1485 1393 1492 .
1416 1485 1423 1492 .
1446 1484 1453 1492 .
1479 1452 1566 1492 bini
1591 1450 1769 1493 sextarii'

224 1505 345 1565 (Cato
372 1511 419 1550 de
445 1523 528 1564 agr.
555 1512 649 1551 cult.
679 1513 776 1563 157,
805 1509 849 1563 5)
884 1513 986 1551 Plin.
1017 1514 1100 1551 nat.
1133 1513 1227 1552 hist.
1253 1513 1391 1556 XVIII
1416 1515 1474 1552 ,74
1520 1510 1689 1564 ‘panem
1725 1526 1771 1552 ex

223 1571 372 1610 hordeo
392 1572 569 1622 antiquis
589 1573 783 1611 usitatum
805 1574 894 1612 uita
920 1573 1140 1623 damnauit,
1167 1573 1538 1624 quadripedumque
1559 1573 1640 1613 fere
1661 1573 1772 1613 cibus

225 1627 313 1670 est’.
333 1653 392 1658 --
412 1632 660 1683 cataplasma
685 1632 887 1672 ablatiuus
906 1635 959 1671 ‘ut
984 1645 1114 1672 scema
1134 1646 1170 1671 u.
1193 1634 1291 1672 804.
1334 1632 1552 1683 Comparat
1571 1634 1771 1674 Mercerus

227 1691 359 1731 Plaut.
386 1691 491 1731 Pers.
522 1693 605 1732 104
640 1689 712 1731 ‘At
743 1692 852 1732 edes:
883 1706 977 1732 nam
1007 1692 1089 1732 iam
1114 1694 1225 1732 intus
1251 1693 1402 1732 uentris
1428 1694 1587 1733 fumant
1611 1691 1772 1744 focula’,

225 1750 329 1791 unde
359 1752 572 1800 fomentum
603 1752 740 1791 eodem
771 1753 889 1792 modo
924 1754 1182 1804 interpretati
1219 1765 1355 1793 sumus
1386 1754 1454 1792 lib.
1481 1754 1582 1793 VIII
1606 1768 1644 1794 u.
1673 1756 1770 1794 311.

346 1806 456 1852 815.
482 1812 637 1852 Nonius
661 1826 700 1863 p.
724 1814 822 1863 300,
845 1815 899 1852 10
922 1810 1053 1865 ἙΧιιί,
1079 1813 1253 1853 liberari.
1288 1814 1467 1854 Lucilius
1487 1814 1554 1854 lib.
1576 1815 1773 1856 XXVIIH

227 1868 362 1911 “unde
390 1903 397 1911 .
420 1903 427 1911 .
450 1904 457 1910 .
484 1869 586 1912 se’'.'
652 1873 760 1912 Vnde
791 1875 996 1924 correptae
1028 1874 1251 1924 particulae
1283 1886 1373 1914 cum
1404 1875 1511 1925 apud
1540 1875 1776 1915 Terentium·

225 1931 381 1971 nullum
419 1933 649 1972 inueniatur
687 1933 913 1984 exemplum
951 1929 1208 1987 (Skutschius
1246 1934 1435 1974 Plautina
1477 1937 1517 1974 et
1552 1936 1772 1975 Romaniea

225 2006 261 2042 p.
292 1987 385 2046 72),
422 1994 569 2032 'rectius
601 1993 679 2032 erit
709 1995 888 2033 statuere
926 1995 1074 2045 corripi
1111 1995 1280 2034 domum.
1312 2017 1362 2021 »—
1391 1997 1478 2041 πίω,
1523 1995 1572 2034 de
1612 1996 1771 2035 itineris

225 2052 410 2092 molestia
446 2053 621 2104 positum
662 2057 709 2092 ut
746 2054 848 2093 ΤΒΕ
874 2054 953 2109 inc.
976 2056 1051 2093 inc.
1082 2055 1186 2094 73R
1231 2052 1390 2095 ‘adsum
1434 2058 1555 2107 atque
1600 2056 1770 2096 aduenio

225 2112 451 2152 Acherunte
483 2114 551 2152 uix
582 2113 650 2152 uia
688 2114 771 2153 alta
809 2116 930 2165 atque
969 2112 1125 2154 ardua'.
1187 2115 1279 2155 Non
1317 2117 1379 2155 est
1416 2116 1524 2166 quod
1561 2116 1771 2157 credamus

226 2172 332 2223 apud
357 2173 534 2213 Nonium
565 2173 789 2213 ablatiuum
821 2187 904 2214 esse
931 2177 1121 2214 omissum
1147 2177 1218 2227 qui
1242 2176 1444 2227 pertineat
1468 2176 1520 2216 ad
1543 2177 1633 2217 hoc:
1664 2178 1771 2228 quod

225 2233 360 2283 potius
390 2246 464 2283 pro
495 2234 571 2273 huc
602 2234 895 2285 accipiendum,
927 2248 1018 2274 cum
1051 2238 1168 2275 eaeuat
1196 2237 1399 2291 pertineat
1430 2237 1481 2275 ad
1512 2238 1626 2276 umde.
1690 2236 1769 2276 Cic.

225 2293 267 2331 in
293 2292 405 2332 Verr.
432 2292 468 2331 V
491 2294 571 2332 151
610 2290 670 2332 ‘Si
697 2325 703 2332 .
727 2325 733 2332 .
757 2325 764 2332 .
790 2308 836 2333 ex
867 2294 930 2334 his
963 2297 1002 2333 te
1033 2295 1188 2346 laqueis
1221 2293 1401 2336 exueris'.

347 2347 458 2393 816.
490 2353 645 2393 Nonius
670 2367 708 2404 p.
737 2355 835 2404 313,
864 2357 916 2393 12
952 2352 1112 2405 ‘Filum,
1144 2357 1224 2395 oris
1256 2355 1546 2395 liniamentum.
1591 2357 1770 2397 Lucilius

226 2411 293 2451 lib.
318 2412 514 2451 XXVHII
546 2410 694 2463 “sume
723 2415 865 2453 mulier
904 2415 1031 2454 ducite
1066 2415 1178 2454 filum
1215 2428 1295 2455 non
1332 2413 1545 2455 malum’'.'
1611 2414 1770 2470 ‘uirgou

226 2485 277 2511 an
309 2472 464 2522 mulier,
495 2470 649 2513 dubito’
683 2474 887 2525 eleganter
917 2474 1207 2515 Lachmannus.
1260 2473 1392 2528 ‘surge
1424 2476 1580 2527 mulier,
1612 2476 1687 2516 duc
1711 2475 1767 2516 te'

226 2545 315 2571 cum
347 2531 609 2573 deterioribus
640 2534 740 2573 codd
771 2535 918 2574 collato
950 2535 1081 2575 Plaut.
1108 2536 1204 2580 Aul.
1230 2537 1313 2576 708
1348 2533 1426 2575 ‘me
1457 2536 1641 2576 deorsum
1669 2537 1769 2577 duco

227 2592 276 2630 de
313 2589 467 2632 arbore’
507 2593 663 2633 Terent.
690 2593 784 2634 Hec.
813 2596 897 2634 522
939 2592 995 2635 ‘se
1033 2596 1147 2635 duxit
1187 2593 1309 2635 foras’
1349 2596 1478 2636 Plaut.
1511 2597 1653 2636 Bacch.
1683 2599 1766 2638 593

229 2648 320 2691 ‘duc
350 2653 391 2691 te
423 2652 473 2691 ab
499 2651 677 2694 aedibus’
705 2653 931 2705 Muellerus,
962 2669 1104 2706 parum
1130 2658 1241 2707 aptet
1272 2669 1366 2696 nam
1392 2658 1477 2696 sine
1503 2657 1582 2696 loci
1606 2659 1769 2696 notione

227 2714 268 2751 et
304 2712 531 2752 occultandi
568 2726 657 2752 cum
694 2714 921 2766 significatu
963 2715 1144 2755 absolute
1184 2717 1259 2755 duc
1302 2719 1336 2755 te
1378 2728 1457 2756 non
1501 2719 1636 2768 potest
1677 2717 1767 2756 dici.

227 2771 398 2810 Videtur
428 2774 563 2811 tamen
595 2786 678 2812 esse
710 2775 958 2825 septenarius
989 2775 1031 2813 iu
1062 2776 1193 2815 medio
1223 2788 1404 2816 mancus:
1436 2778 1562 2816 ducite
1587 2777 1768 2816 absolute

227 2832 403 2882 positum
440 2832 570 2871 Plaut.
598 2831 712 2884 Gapt.
741 2835 822 2873 721
866 2831 1014 2873 ‘ducite
1051 2835 1121 2874 ubi
1156 2835 1399 2885 ponderosas
1439 2849 1590 2876 crassas
1635 2838 1770 2887 capiat

229 2888 450 2942 compedes'
472 2892 559 2930 Mil
580 2894 696 2932 1394
716 2890 863 2932 ‘ducite
883 2891 1032 2933 istum’
1075 2895 1236 2934 Excidit
1253 2895 1382 2934 ueluti
1409 2893 1562 2935 ‘istamz
1588 2894 1768 2948 aspicio':

229 2953 436 3002 comparat
453 2951 668 2992 Muellerus
688 2952 819 2992 Plaut.
839 2953 1001 2993 Mercat.
1025 2955 1131 2992 755
1131 2951 1245 3027 ‘satis
1268 2956 1409 2994 scitum
1438 2955 1548 2994 filum
1574 2956 1767 2996 mulieris:

228 3024 366 3050 uerum
391 3011 526 3051 hercle
557 3010 678 3051 anet'
1594 3028 1595 3031 ¹
