2060 3444
637 279 758 317 xvm
783 292 818 317 u.
846 284 1047 317 654—655.
1098 279 1182 316 XIX
1208 292 1246 320 u.
1272 283 1352 316 55⁷.
1681 279 1771 323 207

898 469 1095 527 XVIII.

344 570 454 616 554.
493 576 648 616 Nonius
686 589 732 623 ex
770 576 1034 628 grammatico
1071 589 1109 626 p.
1140 576 1243 624 113,
1278 576 1300 614 7
1341 571 1537 615 ‘Frunisci
1577 588 1648 625 pro
1682 576 1770 615 frui.

223 637 400 676 Lucilius
438 636 504 675 lib.
526 636 664 675 XVIII
696 633 855 686 “aeque
883 667 890 674 .
914 666 921 674 .
942 665 950 674 .
977 632 1083 674 tu''.'
1148 635 1331 674 Frunisci
1369 635 1498 675 Plaut.
1525 636 1625 675 Rud.
1656 638 1769 675 1012

224 696 415 736 Claudius
459 696 746 748 Quadrigarius
790 696 974 735 Metellus
1017 695 1254 735 Numidicus
1292 709 1355 746 ap.
1389 695 1561 734 Gellium
1595 696 1711 735 XVII
1745 698 1768 735 2

222 757 505 797 adhibuerunt:
537 757 579 795 in
606 756 828 808 Campania
859 756 1053 795 usitatum
1078 757 1200 796 fuisse
1227 756 1393 795 edocent
1411 756 1590 796 Lucilius
1616 757 1771 795 Nouius

224 819 276 857 77
294 818 329 856 R.
361 816 458 856 CIL
484 817 542 856 IV
570 818 698 867 2953,
729 816 912 868 inprimis
938 816 1118 855 Petronii
1147 815 1342 867 Campani
1369 817 1437 855 43.
1465 818 1533 855 44.
1570 818 1642 857 75:
1675 830 1771 857 usus

221 878 355 917 fuerat
392 878 466 917 hoc
503 876 700 917 uocabulo
738 879 860 916 etiam
899 875 1058 916 Coelius
1089 876 1307 927 Antipater
1344 877 1412 916 lib.
1432 877 1474 916 II
1506 878 1618 917 cuius
1653 877 1771 917 uerba

225 951 288 989 ap.
308 938 487 978 Nonium
518 939 543 976 l.
565 951 594 977 s.
625 938 790 988 periere.

343 993 453 1038 555.
485 997 642 1038 Nonius
680 1011 727 1036 ex
764 997 1026 1048 grammatico
1058 1011 1095 1048 p.
1118 998 1223 1048 544,
1252 999 1302 1036 11
1341 995 1456 1036 ‘Gadi
1495 1010 1592 1037 uasa
1624 998 1770 1048 quibus

220 1059 317 1097 uina
332 1058 566 1098 conduntur.
599 1058 777 1097 Lucilius
791 1057 860 1096 lib.
874 1057 1012 1096 XVIII
1027 1054 1174 1096 “milia
1187 1058 1394 1097 ducentum
1406 1059 1589 1107 formeuii
1602 1060 1727 1098 tolles.
1741 1090 1748 1097 .
1761 1090 1769 1098 .

221 1115 424 1158 cadum''.'
487 1118 600 1157 Idem
637 1118 806 1157 fortasse
845 1131 866 1156 e
898 1117 1054 1156 Lucilio
1085 1118 1174 1168 ipso
1206 1132 1243 1169 p.
1265 1119 1371 1166 495,
1398 1119 1452 1157 32
1489 1115 1770 1159 ‘Accusatiuus

219 1179 376 1218 numeri
426 1179 642 1230 singularis
692 1179 846 1229 positus
896 1191 969 1229 pro
1014 1179 1196 1230 genitiuo
1239 1179 1390 1229 plurali
1417 1210 1423 1216 .
1447 1209 1484 1217 ..
1513 1192 1532 1214 *
1557 1192 1575 1215 *
1599 1192 1618 1215 *
1659 1180 1769 1219 tollis

219 1238 463 1278 medimnum
507 1239 592 1278 uini
635 1239 746 1279 mille
790 1235 994 1278 cadum''.'
1067 1238 1183 1277 Milia
1221 1238 1437 1278 ducentum
1481 1251 1554 1289 pro
1598 1239 1770 1279 ducenta

219 1299 344 1349 milia,
376 1301 598 1339 sescentum
630 1312 703 1350 pro
741 1300 920 1339 sescenta
951 1298 1151 1338 Lucilium
1189 1298 1334 1338 dixisse
1371 1301 1529 1338 constat
1553 1300 1627 1339 hoc
1652 1313 1770 1340 uersu

220 1361 261 1399 et
290 1359 358 1398 lib.
383 1359 494 1398 XXX
524 1373 562 1409 u.
592 1359 723 1399 1051:
756 1360 852 1399 conf
878 1358 921 1398 L.
942 1359 1128 1398 Muelleri
1153 1359 1188 1398 d.
1214 1373 1245 1397 r,
1271 1354 1348 1398 m.2
1373 1373 1410 1410 p.
1434 1360 1517 1400 298
1557 1360 1685 1399 Neuei
1722 1361 1769 1399 de

219 1419 358 1459 formis
385 1419 444 1459 ed.
466 1421 491 1459 3
518 1419 560 1458 Π
591 1434 629 1470 p.
652 1421 735 1460 296
758 1432 884 1470 seqq.:
916 1419 1068 1471 Digest.
1088 1419 1218 1458 XLVI
1240 1421 1277 1468 3,
1299 1421 1367 1470 89,
1397 1423 1417 1458 1
1449 1417 1611 1460 ‘Lucius
1637 1420 1769 1459 Titius

221 1493 267 1519 ex
293 1479 448 1520 duobus
474 1480 762 1532 chirographis,
788 1479 932 1530 quibus
959 1479 1254 1531 quadringenta
1279 1481 1317 1518 ei
1343 1493 1366 1518 a
1392 1479 1483 1519 Seio
1513 1480 1770 1531 debebantur,

221 1540 348 1579 altero
381 1541 553 1590 centum,
594 1540 721 1579 altero
753 1537 1006 1590 tercentum',
1038 1553 1069 1578 e.
1090 1553 1128 1590 q.
1149 1552 1178 1579 s.
1209 1561 1268 1567 —
1300 1540 1422 1590 tollis,
1453 1540 1502 1579 de
1535 1553 1628 1580 area
1658 1542 1769 1581 tollis

219 1601 336 1639 trita:
369 1599 447 1639 Cic.
468 1599 580 1639 Verr.
600 1599 662 1638 ΠΙ
690 1600 743 1639 36
779 1597 843 1639 ‘ne
875 1601 964 1650 quis
995 1600 1243 1639 frumentum
1275 1600 1322 1638 de
1355 1613 1447 1640 area
1482 1601 1644 1640 tolleret
1675 1603 1768 1640 ante

221 1672 342 1710 quam
364 1672 455 1699 cum
485 1660 703 1699 decumano
740 1661 882 1711 pactus
914 1656 1030 1699 esset'
1066 1660 1120 1699 37
1157 1656 1239 1699 ‘Sic
1270 1660 1508 1711 deportandi
1540 1661 1624 1700 dies
1655 1675 1769 1712 prae-

221 1721 366 1759 stituta
414 1720 555 1759 tollere
605 1720 773 1772 cogebat
822 1733 869 1759 ex
913 1716 1033 1760 area'.
1095 1719 1186 1758 Vna
1229 1733 1319 1760 cum
1362 1721 1481 1760 messi
1524 1723 1769 1761 memoratur

221 1780 434 1830 uindemia,
476 1780 594 1820 sicuti
626 1780 693 1819 lib.
713 1780 867 1819 XXVH
892 1794 929 1818 u.
954 1781 1056 1830 7073
1089 1780 1234 1819 Tibull.
1260 1780 1281 1819 I
1309 1783 1346 1830 1,
1374 1782 1429 1819 24
1465 1778 1518 1820 ‘io
1551 1794 1696 1821 messes
1729 1784 1770 1821 et

219 1840 324 1879 bona
361 1841 458 1879 uina
495 1837 615 1880 date’.
654 1862 712 1867 —
751 1840 912 1880 cadum:
949 1842 1080 1880 utitur
1116 1840 1191 1880 hoc
1221 1841 1409 1892 genetiuo
1441 1841 1570 1881 Varro
1603 1841 1650 1880 de
1682 1844 1769 1882 uita

221 1913 259 1951 p.
278 1900 325 1939 R.
350 1900 418 1939 lib.
444 1900 502 1939 IV
535 1913 596 1951 ap.
622 1901 725 1940 Non.
746 1901 771 1939 l.
792 1913 821 1940 s.
841 1913 870 1940 s.
906 1897 1043 1952 ‘supra
1074 1901 1209 1940 decem
1240 1901 1354 1940 milia
1386 1899 1544 1941 cadum'
1571 1902 1678 1941 idem
1703 1915 1767 1953 ap.

219 1960 404 2000 Plinium·
420 1962 502 2000 nat.
522 1961 614 2000 hist.
636 1960 727 2000 XIV
752 1962 805 2000 96
835 1958 964 2000 ‘milia
988 1960 1131 2000 cadum
1158 1962 1408 2013 congiarium
1434 1961 1574 2001 diuisit
1593 1963 1766 2013 amplius

221 2016 406 2060 centum'.
468 2020 656 2060 Imitatus
688 2022 749 2060 est
779 2021 982 2060 Lucilium
1012 2021 1205 2061 Horatius
1237 2034 1351 2061 serm.
1378 2022 1419 2060 H
1446 2023 1486 2072 3,
1515 2025 1594 2061 111
1627 2020 1768 2073 ‘siquis

221 2080 272 2119 ad
296 2082 500 2133 ingentem
522 2082 710 2130 frumenti
736 2093 892 2133 semper
917 2084 1106 2121 aceruum
1131 2084 1336 2133 porrectus
1362 2082 1506 2134 uigilet
1531 2096 1620 2122 cum
1647 2084 1767 2135 longo

223 2141 328 2180 fuste
360 2154 486 2191 neque
517 2141 630 2181 illinc
655 2141 803 2181 audeat
828 2143 1004 2182 esuriens
1030 2142 1213 2181 dominus
1240 2143 1470 2195 contingere
1501 2155 1671 2194 granum
1700 2175 1706 2181 .
1729 2175 1735 2181 .
1758 2174 1766 2181 .

220 2202 255 2240 si
297 2202 440 2252 positis
484 2201 592 2241 intus
639 2201 729 2241 Chii
770 2203 996 2253 ueterisque
1027 2202 1189 2241 Falerni
1230 2202 1336 2242 mille
1379 2204 1507 2252 cadis,
1551 2204 1652 2242 nihil
1696 2206 1768 2253 est,

219 2262 442 2300 tercentum
493 2261 672 2312 milibus,
726 2274 814 2301 acre
857 2263 972 2314 potet
1014 2259 1187 2301 acetum'
1221 2275 1253 2301 e.
1280 2276 1317 2313 q.
1344 2275 1372 2302 s.
1405 2263 1426 2301 Ι
1460 2265 1503 2313 1,
1536 2264 1590 2302 45
1639 2261 1767 2303 ‘milia

220 2319 410 2360 frumenti
446 2323 518 2361 tua
554 2321 714 2361 triuerit
751 2334 845 2361 area
885 2323 1062 2372 centum,
1093 2335 1174 2361 non
1210 2323 1305 2361 tuus
1343 2323 1418 2362 hoc
1455 2324 1588 2373 capiet
1627 2326 1768 2362 uenter

220 2381 311 2431 plus
343 2393 389 2419 ac
420 2379 558 2421 meus’.
621 2381 738 2421 Hunc
774 2383 907 2422 locum
945 2382 1084 2421 attulit
1121 2382 1378 2422 Franckenus
1420 2384 1585 2423 coniect.
1611 2384 1697 2423 crit.
1723 2385 1766 2422 in

221 2439 423 2480 Lucilium
446 2441 488 2480 II
512 2455 549 2492 p.
571 2442 641 2492 41,
667 2442 735 2493 qui
762 2456 798 2481 u.
827 2443 912 2482 554
940 2439 1081 2493 ‘aeque
1107 2443 1304 2482 fruniscor
1329 2455 1403 2494 ego
1429 2455 1475 2482 ac
1500 2440 1559 2482 tu'
1588 2443 1765 2483 eiusdem

123 2530 138 2547 .
221 2500 445 2540 arbitratur
474 2514 559 2541 esse
590 2502 887 2552 disputationis.

919 2818 1070 2874 XIX.

343 2917 454 2964 557.
494 2921 648 2962 Nonius
691 2937 729 2974 p.
759 2924 831 2972 12,
864 2923 888 2961 3
935 2919 1118 2962 ‘Passum
1160 2926 1222 2964 est
1263 2926 1423 2974 proprie
1466 2937 1655 2976 rugosum
1700 2926 1764 2964 uel

221 2983 379 3022 siccum.
423 2982 591 3022 Plautus
611 2982 748 3022 Sticho
775 3013 783 3022 .
806 3014 814 3022 .
836 3014 844 3021 .
872 2979 993 3022 “uelo
1018 2980 1168 3033 passo''
1198 3015 1204 3022 .
1228 3015 1235 3023 .
1258 3015 1265 3023 .
1291 2984 1332 3022 id
1358 2986 1419 3024 est
1436 2985 1527 3024 laxo
1548 2987 1588 3024 et
1605 2997 1763 3037 rugoso.

221 3042 324 3081 unde
357 3044 398 3082 et
427 3055 508 3082 uua
532 3054 651 3094 passa
676 3043 789 3083 dicta.
808 3045 880 3092 est,
905 3042 1012 3093 quod
1031 3045 1090 3093 sit
1114 3045 1224 3096 mgis
1250 3044 1454 3095 inplicata.
1504 3044 1673 3084 Plautus
1697 3077 1703 3084 .
1725 3076 1734 3085 .
1755 3075 1765 3085 .
