2060 3444
275 202 340 247 98
866 203 916 240 VI
941 216 977 240 u.
1004 208 1205 242 256—260.

273 320 379 359 recte
415 320 564 371 legitur
594 318 724 357 Plaut.
750 318 856 358 Pers.
884 319 970 359 660
1010 316 1287 369 ‘Adulescens,
1330 321 1399 358 uin
1442 318 1612 361 uendere
1655 319 1814 361 istanc?

282 381 325 423 :tt
352 379 481 430 Magis
512 378 612 418 libet
643 391 764 428 quam
789 379 965 429 perdere.
998 381 1034 424 *ξ
1067 379 1169 418 Tum
1199 380 1246 418 tu
1276 392 1404 430 pauca
1434 381 1476 420 iu
1507 380 1630 420 uerba
1661 382 1814 421 confer:

273 440 343 489 qui
367 438 499 488 datur,
524 438 628 477 tanti
654 438 797 478 indica.
832 442 874 483 sst
907 439 1070 478 Faciam
1094 440 1166 489 ita,
1196 440 1243 478 ut
1267 441 1306 479 te
1331 440 1435 479 uelle
1460 439 1589 491 uideo,
1619 442 1666 480 ut
1690 452 1811 480 emas.

272 498 374 537 habe
400 499 558 537 eentum
583 495 731 538 minis’.
782 498 874 538 Aul.
896 500 980 538 377
1010 496 1123 539 ‘abeo
1148 500 1276 539 iratus
1300 499 1424 549 illinc,
1449 496 1639 550 quoniam
1657 497 1814 554 (mihi)
1894 507 1896 510 ’

272 558 371 597 nihil
410 560 471 598 est
508 559 579 609 qui
616 555 773 598 emam'.
841 559 1005 599 Meroat.
1033 560 1117 598 488
1159 556 1374 598 ‘Achillem
1417 560 1538 600 orabo
1583 573 1724 599 aurum
1766 562 1814 600 ut

270 618 370 656 mihi
401 618 469 658 det
500 618 650 658 Hector
687 619 757 670 qui
791 631 983 670 expensus
1021 615 1127 658 fuit'.
1183 619 1462 659 Lachmannus
1499 621 1636 670 posuit
1667 614 1812 674 (211):

271 679 359 717 emit
389 679 534 728 pretio,
579 691 652 731 ego
690 679 818 731 magis
855 692 1017 731 parcere
1054 679 1177 718 uelim
1214 678 1376 719 traditis
1419 679 1493 718 hoc
1535 680 1652 720 modo
1698 677 1810 732 ‘<et>

270 739 443 788 pretium
486 735 712 790 <red>imet
754 739 824 790 qui
867 739 1007 778 uendit
1050 752 1214 790 equum,
1258 737 1547 779 musimonem’.
1616 740 1811 780 Praesens

268 797 404 838 uendit
438 798 599 850 flagitat
635 799 815 838 futurum
853 803 967 839 emet:
1009 799 1183 850 pretium
1221 798 1327 850 quod
1366 799 1464 838 dicit
1500 799 1631 850 ipsum
1670 812 1810 850 emere,

268 859 531 898 translatione
563 858 691 897 utitur
721 861 842 910 poeta
872 860 1036 898 minime
1070 858 1306 910 impudenti.

391 913 502 959 257.
533 918 688 958 Nonius
720 932 757 969 p.
786 920 883 968 159,
911 921 967 959 30
1001 916 1243 971 ‘Prodigitas
1269 918 1377 958 dicta
1402 919 1590 970 profusio.
1631 917 1810 959 Lucilius

267 979 495 1029 satyrarum
526 978 594 1018 lib.
621 978 678 1018 VI
711 975 925 1030 “nequitia
955 980 1125 1030 occupat
1149 979 1223 1019 hoc
1241 979 1468 1029 peculantia
1500 972 1579 1032 (ita
1604 979 1662 1018 L:
1685 991 1807 1029 penu·

270 1038 396 1078 lentia
423 1033 480 1093 G)
506 1036 869 1091 prodigitasque”.'
920 1039 1055 1079 Verba
1079 1041 1173 1078 sunt
1197 1038 1367 1078 oratoris
1392 1039 1502 1077 illius
1527 1039 1598 1089 qui
1622 1038 1807 1078 describi-

266 1101 333 1137 tur
351 1111 416 1137 uu.
440 1099 536 1138 261.
559 1100 657 1138 262.
706 1099 769 1138 Ad
794 1099 864 1139 hoc
886 1099 1151 1151 supplendum
1175 1100 1236 1139 est
1250 1110 1394 1149 yenus:
1418 1099 1513 1139 conf
1529 1097 1608 1138 Cic.
1629 1097 1729 1138 Sest.
1751 1099 1805 1138 96

270 1155 375 1197 ‘Duo
408 1171 554 1210 genera
584 1171 740 1210 semper
769 1159 812 1198 in
843 1159 918 1199 hac
943 1160 1108 1199 ciuitate
1134 1159 1296 1198 fuerunt
1321 1189 1330 1198 .
1351 1190 1358 1198 .
1380 1189 1389 1198 .
1416 1158 1558 1209 quibus
1583 1171 1630 1197 ex
1654 1158 1808 1210 generi-

264 1217 336 1258 bus
374 1219 493 1258 alteri
531 1231 572 1258 se
609 1219 840 1270 populares,
878 1219 997 1259 alteri
1033 1220 1248 1270 optimates
1285 1220 1327 1258 et
1363 1218 1502 1258 haberi
1540 1220 1581 1258 et
1617 1230 1700 1258 esse
1738 1230 1805 1261 uo-

264 1275 451 1317 luerunt'.
515 1278 756 1331 Impugnare
790 1280 1004 1330 optimates
1042 1279 1146 1319 hunc
1183 1291 1302 1330 quem
1338 1277 1493 1317 deridet
1522 1277 1699 1317 Lucilius
1736 1290 1804 1318 no-

265 1337 404 1377 bilium
442 1338 578 1378 fautor
613 1340 812 1379 oratorem
850 1341 1019 1390 apparet
1049 1352 1086 1378 u.
1120 1340 1218 1378 259.
1280 1337 1570 1390 Prodigitatem
1610 1337 1804 1377 nobilium

264 1398 485 1438 insectatur
515 1398 622 1449 apud
653 1399 825 1439 Macrob.
853 1399 1014 1439 Saturn.
1038 1398 1101 1438 111
1129 1400 1196 1448 16,
1224 1399 1278 1437 14
1312 1395 1369 1436 Ὃ.
1391 1398 1534 1448 Titius,
1564 1398 1628 1436 uir
1659 1399 1803 1438 aetatis

265 1457 508 1508 Lucilianae,
540 1460 582 1498 in
613 1459 794 1498 oratione
826 1472 906 1509 qua
935 1459 1065 1511 legem
1096 1458 1292 1498 Fanniam
1323 1459 1450 1498 suasit
1475 1488 1483 1496 .
1511 1489 1519 1496 .
1547 1488 1554 1496 .
1581 1457 1803 1498 describens

263 1518 369 1557 enim
400 1518 580 1558 homines
611 1519 800 1569 prodiyos
837 1519 879 1557 in
917 1519 1047 1558 forum
1087 1518 1138 1558 ad
1174 1517 1430 1558 iudicandum
1468 1517 1597 1557 ebrios
1634 1529 1802 1558 comme-

262 1574 389 1618 antes’
416 1591 447 1618 e.
469 1592 505 1630 q.
525 1590 554 1618 s.

382 1633 493 1679 258.
525 1638 679 1678 Nonius
710 1652 748 1690 p.
777 1641 881 1689 111,
916 1639 969 1678 18
1014 1651 1060 1678 ex
1104 1638 1367 1691 grammatico
1406 1634 1546 1676 ‘Facul
1588 1649 1661 1687 pro
1705 1637 1801 1677 faci-

260 1698 364 1738 liter.
398 1729 405 1736 .
429 1730 436 1737 .
458 1730 466 1737 .
492 1698 669 1739 Lucilius
700 1699 769 1738 lib.
796 1698 854 1738 VI
886 1695 1082 1750 “peccare
1108 1729 1116 1738 .
1139 1729 1147 1737 .
1168 1729 1175 1737 .
1200 1698 1399 1738 nobilitate
1435 1697 1543 1737 facul
1579 1697 1801 1748 propellere

259 1755 479 1808 iniquos''.’
519 1759 666 1810 'Iniqui
696 1760 790 1798 sunt
820 1758 975 1798 inimici
1006 1752 1105 1812 (Cic.
1126 1758 1261 1798 Plane.
1283 1759 1337 1797 57
1358 1757 1469 1796 Verr.
1488 1757 1531 1796 Π
1552 1757 1635 1796 167
1657 1756 1693 1794 V
1715 1758 1798 1796 177

259 1817 373 1857 Balb.
401 1818 455 1858 56
502 1818 554 1859 ad
591 1818 684 1858 Her.
710 1819 752 1858 H
779 1819 824 1868 8,
857 1820 910 1858 12
944 1818 1124 1869 Propert.
1149 1818 1170 1857 I
1202 1819 1248 1868 8,
1280 1812 1374 1872 27):
1418 1817 1514 1856 conf
1553 1816 1596 1855 Τ.
1625 1815 1800 1868 Stanglii

258 1878 448 1918 Tulliana
489 1878 789 1919 Monaci1897
822 1891 860 1929 p.
890 1879 955 1917 13.
1036 1878 1262 1929 Propellere
1316 1877 1475 1927 iniquos
1524 1876 1626 1915 dixit
1680 1876 1799 1916 sicuti

259 1936 405 1978 Caesar
422 1938 459 1977 b.
478 1937 525 1977 G.
551 1938 609 1977 IV
630 1939 699 1987 25,
721 1941 741 1978 1
774 1935 922 1978 ‘hostes
947 1934 1146 1990 propelli'.
1196 1937 1410 1977 Ablatiuus
1435 1936 1616 1988 intellegi
1641 1936 1798 1987 nequit:

257 2011 385 2049 neque
422 1999 527 2037 enim
564 2000 699 2049 potest
735 2010 818 2038 osse
855 1999 1113 2038 instrumenti
1153 2009 1280 2048 neque
1323 1996 1599 2048 separationis.
1668 1994 1798 2042 Quare

257 2059 488 2109 genefiuum
519 2059 778 2098 restituimus.

378 2113 488 2158 260.
520 2118 675 2157 Nonius
699 2132 737 2169 p.
761 2118 859 2167 125,
880 2119 904 2157 9
940 2114 1150 2157 ‘Innubere
1175 2116 1351 2168 positum
1376 2116 1559 2166 transire,
1590 2113 1695 2166 quod
1719 2115 1797 2161 hae

257 2190 358 2227 quae
390 2177 545 2217 nubunt
575 2178 627 2217 ad
658 2177 794 2217 domos
826 2179 1062 2217 maritorum
1094 2178 1313 2217 transeunt.
1362 2174 1539 2221 Lucilius
1567 2176 1794 2226 satyrarum

255 2237 322 2276 lib.
349 2236 407 2276 VI
439 2234 583 2277 “suam
615 2239 721 2277 enim
751 2237 941 2278 inuadere
971 2240 1085 2287 atque
1114 2236 1305 2276 innubere
1330 2231 1550 2276 censent'.'.'
1598 2234 1794 2274 Innubere

255 2298 415 2348 proprie
452 2297 603 2337 dictum
640 2297 818 2337 est’Liu.
844 2298 865 2336 I
892 2299 961 2348 34,
987 2298 1014 2336 4
1053 2294 1147 2347 ‘quo
1185 2292 1442 2347 innupsisset'
1478 2294 1596 2335 Ouid.
1633 2296 1792 2335 metam.

255 2356 333 2395 VII
360 2358 444 2396 856
480 2354 544 2397 ‘ne
574 2358 765 2397 thalamis
796 2358 949 2397 Auram
980 2358 1136 2408 patiare
1167 2356 1358 2396 innubere
1389 2351 1571 2396 nostris't
1608 2355 1794 2394 similiter

256 2415 333 2457 Cic.
359 2430 432 2468 pro
459 2416 565 2457 Cael.
593 2419 647 2456 34
683 2414 787 2457 ‘cum
819 2430 866 2456 ex
892 2417 1138 2467 amplissimo
1164 2429 1306 2468 genere
1330 2416 1374 2455 in
1398 2415 1596 2454 familiam
1621 2414 1792 2454 clarissi-

253 2489 361 2516 mam
392 2474 607 2528 nupsisses'
639 2477 727 2516 Liu.
753 2477 811 2515 IV
838 2478 877 2527 4,
905 2478 961 2516 10
994 2473 1056 2516 ‘ut
1085 2476 1127 2515 in
1166 2488 1455 2526 quamcumque
1491 2475 1663 2514 feminae
1700 2486 1792 2514 con-

253 2538 427 2576 uenisset
458 2537 618 2577 domum
650 2534 844 2576 nuberet'.
907 2536 984 2576 Sed
1015 2537 1090 2576 hoc
1120 2536 1207 2575 loco
1238 2535 1362 2575 Nonii
1392 2535 1604 2586 explicatio
1638 2533 1792 2574 indicat

251 2597 446 2636 translate
482 2598 657 2647 positum
701 2609 784 2637 esse
826 2609 898 2647 pro
942 2597 1114 2636 transire
1155 2595 1404 2636 uocabulum.
1472 2593 1628 2633 Monuit
1663 2593 1789 2634 Lach-

252 2669 421 2696 mannus
471 2657 523 2696 ad
571 2656 730 2696 Lucret.
754 2670 793 2707 p.
822 2657 903 2695 181
957 2655 1064 2707 apud
1106 2655 1282 2695 Nonium
1306 2668 1344 2706 p.
1373 2655 1477 2703 159,
1509 2654 1563 2693 28
1614 2652 1789 2694 Lucretii

250 2728 288 2754 u.
313 2716 376 2754 ΙΠ
404 2717 426 2755 7
433 2717 487 2756 22
519 2717 580 2756 ita
609 2717 706 2755 ferri
737 2717 968 2767 corruptum
998 2718 1045 2755 ut
1074 2728 1146 2767 pro
1176 2715 1379 2755 manuari
1409 2713 1603 2754 traditum
1637 2713 1692 2753 sit
1726 2714 1787 2753 in-

250 2776 367 2815 uadi.-
397 2775 501 2815 unde
532 2776 606 2815 hoc
636 2775 783 2815 Lucilii
814 2776 900 2815 loco
931 2788 1004 2826 pro
1034 2776 1224 2815 inuadere
1254 2777 1368 2824 atque
1405 2773 1536 2813 uoluit
1571 2771 1692 2813 scribi
1726 2774 1787 2813 im-

210 2856 216 2860 ·
249 2836 422 2875 sinuare.
490 2835 639 2875 Tamen
676 2836 893 2886 permirum
930 2847 1014 2875 esse
1050 2836 1136 2874 iure
1178 2835 1324 2875 statuit
1352 2834 1404 2873 H.
1422 2833 1619 2885 llbergius
1651 2831 1791 2883 Symb.

250 2894 351 2933 Phil.
377 2895 503 2934 Bonn.
528 2896 549 2934 I
574 2909 611 2946 p.
639 2896 738 2945 409,
769 2897 805 2935 si
835 2895 973 2935 eodem
1003 2895 1120 2935 modo
1152 2896 1323 2945 utroque
1353 2894 1440 2933 loco
1469 2892 1656 2932 librarius
1681 2904 1786 2932 erra-

250 2954 354 2992 uerit
390 2957 431 2993 et
467 2955 667 2994 claudicat
698 2955 947 2995 Lachmanni
981 2954 1086 2994 ratio
1124 2954 1216 2993 inde
1253 2954 1359 3005 quod
1395 2956 1510 3002 atque
1545 2952 1785 3003 particulam
