2060 3444
242 269 327 312 252
792 266 929 302 XXVII
953 278 988 301 u.
1017 268 1215 302 691—695.

241 383 322 431 alii,
346 382 495 421 heredis
521 381 680 432 supplet
705 382 797 419 ante
825 379 920 419 fletu
946 379 1212 419 Buechelerus
1236 379 1336 418 Mus.
1356 378 1479 419 Rhen.
1500 378 1632 417 XLIII
1660 378 1774 417 1888

240 456 277 492 p.
307 443 387 480 291
433 454 584 480 memor
620 440 786 479 Publilii
828 442 926 479 sent.
955 441 1036 478 221
1054 440 1088 477 R
1133 436 1303 478 ‘heredis
1346 439 1461 479 fletus
1499 439 1570 477 sub
1606 450 1776 489 persona
1858 418 1859 421 Ἴ

240 502 341 540 risus
374 498 462 550 est',
507 501 553 540 de
596 501 742 539 litteris
781 500 956 552 egregie,
1001 500 1047 538 de
1092 499 1289 538 sententia
1332 513 1473 550 parum
1517 499 1628 550 apte:
1671 498 1776 537 redis

240 561 395 611 Munro,
428 561 550 599 taedis
581 560 870 608 Lachmannus,
901 560 1006 598 ludis
1038 572 1110 611 ego
1136 561 1366 610 comparato
1393 558 1471 598 Cic.
1497 571 1570 610 pro
1594 557 1679 597 Mil.
1708 558 1776 608 32,

243 622 296 660 86
340 618 399 659 ‘ut
436 620 520 659 sine
557 620 817 672 imaginibus,
855 620 939 658 sine
978 622 1097 658 cantu
1135 621 1254 670 atque
1291 619 1414 670 ludis,
1452 619 1535 659 sine
1568 616 1776 668 exsequiis,

241 680 325 720 sine
361 681 564 730 lamentis,
602 681 686 719 sine
716 679 1032 729 laudationibus,
1069 679 1152 718 sine
1190 679 1345 729 funere,
1383 678 1532 718 oblitus
1569 690 1705 717 eruore
1737 679 1778 717 et

241 741 338 790 luto,
375 740 569 791 spoliatus
607 740 716 779 illius
755 739 928 790 supremi
967 739 1044 778 diei
1083 739 1330 789 celebritate,
1363 738 1426 778 cui
1457 738 1593 778 cedere
1624 738 1778 777 inimici

243 801 364 838 etiam
401 800 547 849 solent,
591 799 863 839 ambureretur
900 796 1603 849 311100111εῆΡ13111;.Μο51;011.427
1647 794 1777 837 ‘ludos

243 873 314 912 ego
357 860 474 899 hodie
517 860 610 898 uiuo
654 859 852 910 praesenti
896 860 961 899 hic
1005 860 1089 898 seni
1131 859 1276 898 faciam
1321 859 1426 910 quod
1467 858 1581 898 credo
1619 858 1777 897 mortuo

242 933 459 970 numquam
484 916 596 958 fore’.
654 914 776 973 (Fest.
803 932 831 958 s.
857 933 894 957 u.
921 919 1203 969 simpludiarea
1231 920 1372 958 funera
1397 933 1434 970 p.
1458 913 1575 973 334.)
1631 917 1778 957 Nullus

242 980 410 1018 iteratur
446 982 491 1018 ut
523 992 584 1030 ap.
611 979 824 1018 Laberium
859 980 940 1018 102
957 980 991 1017 R
1031 976 1178 1018 ‘nullus
1218 980 1356 1029 timor,
1395 980 1457 1018 uis
1494 977 1778 1029 1111113,1111113

244 1036 487 1078 auctoritas'.
543 1039 602 1077 De
628 1051 790 1078 numero
816 1040 970 1078 mutato
996 1039 1091 1078 conf
1119 1038 1197 1078 Cic.
1225 1039 1274 1077 ad
1299 1039 1385 1078 Att.
1405 1039 1461 1077 IX
1484 1040 1521 1088 7,
1543 1039 1566 1077 5
1596 1009 1779 1090 ‘legibus,

243 1098 451 1148 iudicibus,
475 1098 644 1148 iudiciis,
671 1100 811 1138 senatu
836 1096 1021 1138 sublato'.
1077 1099 1207 1138 Deflet
1231 1101 1350 1149 poeta
1373 1099 1582 1138 interitum
1606 1098 1778 1137 hominis

243 1159 413 1197 Romani
457 1171 598 1210 genere
641 1159 739 1197 clari
782 1160 822 1197 et
864 1159 1099 1208 uirtutibus,
1142 1159 1272 1209 qualis
1317 1159 1393 1198 fuit
1437 1159 1496 1197 Ti.
1524 1158 1779 1209 Sempronius

246 1217 445 1257 Gracchus
495 1219 564 1268 qui
612 1218 729 1257 modo
774 1219 860 1257 erat
907 1218 1129 1257 trucidatus
1180 1231 1283 1258 anno
1336 1213 1552 1270 621s133:
1609 1217 1656 1257 οὐ
1706 1216 1779 1272 γὰρ

245 1276 462 1331 ἐπέτρεψαν
512 1275 722 1317 ἀνελέσθαι
771 1276 813 1317 τὸ
864 1283 975 1329 σῶμα
1018 1281 1070 1333 τῷ
1114 1276 1272 1334 ἀδελφῷ
1320 1276 1491 1334 δεομένῳ
1534 1275 1600 1317 καὶ
1643 1277 1780 1328 θάψαι

244 1336 405 1389 νυκτός,
449 1335 544 1376 ἀλλὰ
589 1335 682 1389 μετὰ
725 1343 802 1377 τῶν
845 1335 974 1377 ἄλλων
1011 1343 1161 1390 νεκρῶν
1199 1338 1254 1385 εἰς
1291 1337 1359 1378 τὸν
1395 1336 1573 1389 ποταμὸν
1610 1336 1780 1391 ἔρριψαν

247 1392 372 1450 (Plut.
406 1398 464 1436 Ti.
498 1396 659 1437 Gracch.
695 1399 749 1437 20
787 1396 959 1449 Appian.
991 1398 1026 1436 b.
1060 1411 1090 1437 c.
1125 1398 1145 1436 I
1173 1399 1245 1446 16,
1290 1397 1400 1438 Oros.
1426 1397 1463 1435 V
1497 1399 1540 1447 9,
1574 1399 1598 1437 3
1639 1395 1779 1448 ‘ipsius

244 1470 401 1507 quoque
433 1456 600 1496 Gracchi
631 1458 883 1496 inhumatum
915 1457 1084 1497 cadauer
1119 1453 1343 1512 extabuit'.)
1401 1457 1502 1496 Vide
1535 1458 1658 1508 praef.

364 1511 474 1556 692.
518 1517 671 1557 Nonius
714 1530 751 1567 p.
786 1517 888 1567 138,
923 1518 975 1556 18
1022 1515 1220 1556 ‘Mutuum
1263 1531 1336 1568 pro
1379 1519 1529 1557 mutuo.
1603 1517 1780 1557 Lucilius

245 1576 311 1615 lib.
343 1576 496 1614 XXVI]
540 1573 568 1590 ”
573 1578 651 1615 et.
761 1574 905 1616 facis'fl
910 1574 920 1591 ’
1000 1576 1247 1617 Sententiam
1302 1577 1501 1629 intellegis
1551 1578 1780 1629 comparato

246 1635 374 1675 Plaut.
401 1636 509 1674 Trin.
538 1637 620 1675 437
657 1633 768 1687 ‘quid
800 1637 885 1689 agit
916 1636 1050 1677 filius?
1088 1640 1130 1682 4ss
1169 1638 1276 1677 Bene
1310 1637 1398 1677 uolt
1421 1637 1507 1677 tibi.
1548 1641 1586 1682 sst
1629 1637 1781 1688 Edepol

244 1697 425 1734 mutuum
456 1709 609 1735 mecum
640 1693 763 1735 facit’.

365 1750 476 1795 693.
508 1756 662 1795 Nonius
693 1771 730 1808 p.
753 1757 856 1806 238,
885 1758 937 1795 12
973 1754 1212 1797 ‘Adtendere
1245 1759 1304 1797 est
1334 1757 1549 1796 intendere.
1675 1756 1782 1796 idem

244 1815 311 1852 lib.
338 1815 490 1854 XXVII
523 1812 636 1854 “rem
665 1846 672 1854 .
695 1847 702 1854 .
724 1847 731 1854 .
752 1813 992 1866 postula”.’-
1028 1817 1140 1856 Idem
1165 1831 1202 1867 p.
1225 1818 1321 1867 275,
1351 1819 1402 1856 21
1436 1814 1697 1870 ‘Cognoscere
1723 1819 1783 1856 est

248 1875 396 1925 audire,
417 1876 637 1915 aestimare.
687 1876 865 1916 Lucilius
885 1876 953 1916 lib.
969 1877 1124 1916 XXVI
1141 1874 1255 1916 “rem
1281 1880 1482 1926 coynoscat
1501 1908 1508 1915 .
1531 1908 1538 1915 .
1561 1908 1568 1915 .
1589 1877 1781 1917 adtendas

245 1931 464 1985 postulo''.’
520 1935 641 1974 Libro
673 1936 825 1974 XXVII
867 1938 973 1975 recte
1011 1936 1198 1975 attribuit
1234 1937 1511 1976 Lachmannus
1556 1937 1644 1986 alii,
1688 1937 1782 1987 quia

247 1994 404 2033 facilius
443 2007 467 2033 a
503 1994 666 2034 librario
705 1996 839 2034 omitti
877 1997 1044 2046 apparet
1079 1997 1237 2035 hastam
1273 2010 1393 2035 unam
1432 2010 1551 2046 quam
1586 1996 1680 2035 addi
1711 2010 1783 2047 per

247 2054 556 2104 neglegentiam:
594 2055 689 2093 conf
721 2055 900 2093 tabulam
943 2055 1119 2107 prolegg.
1153 2070 1190 2106 p.
1211 2054 1338 2094 XCIV
1383 2069 1484 2107 quae
1521 2056 1623 2094 hanc
1662 2069 1781 2106 quam

247 2126 317 2151 nos
350 2125 502 2163 semper
533 2115 658 2152 secuti
686 2127 820 2153 sumus
845 2116 1042 2154 rationem
1068 2116 1284 2154 confirmat.
1342 2114 1553 2155 Contraria
1577 2117 1782 2167 ponuntur

247 2185 329 2211 rem
360 2174 400 2210 et
430 2173 542 2211 dic-tis
573 2174 675 2212 sicut
705 2174 834 2212 Plaut.
861 2174 960 2213 Rud.
989 2175 1084 2214 682.
1119 2176 1203 2213 683
1238 2172 1409 2215 ‘Desiste
1453 2176 1563 2215 (lictis
1593 2177 1782 2215 nunciam

248 2231 431 2271 miseram
474 2245 536 2270 me
580 2234 792 2273 consolari:
841 2233 919 2273 nisi
969 2234 1064 2285 quid
1112 2247 1154 2274 re
1202 2235 1377 2286 praesidi
1421 2232 1605 2287 apparas’
1657 2229 1782 2289 (idem

250 2291 438 2342 Diphilus
476 2305 537 2342 ap.
564 2293 650 2331 Ter.
677 2293 845 2344 Adelph.
874 2295 976 2333 164:
1010 2294 1140 2333 Plaut.
1166 2294 1256 2334 Aul.
1285 2296 1368 2334 222
1402 2295 1641 2346 Epid.112.
1678 2289 1781 2349 113)

249 2350 300 2389 ad
331 2350 501 2390 Herenn.
526 2351 586 2390 IV
612 2353 685 2403 39,
713 2354 763 2392 51
808 2350 983 2404 ‘superbi
1018 2367 1061 2393 re
1096 2355 1214 2394 simul
1253 2357 1293 2394 et
1328 2356 1460 2395 uerbis
1495 2352 1781 2395 inueniuntur'.

368 2405 479 2451 694.
516 2412 669 2452 Nonius
705 2414 871 2463 p.360‚
909 2415 963 2453 10
997 2411 1249 2465 ‘Obseruare,
1291 2416 1452 2465 captare
1491 2409 1605 2470 (conf
1636 2414 1783 2454 Lucilii

249 2483 285 2507 u.
309 2464 477 2524 696).
500 2471 708 2512 .Lucilius
746 2473 813 2511 lib.
834 2471 1035 2512 XXVII‘
1041 2471 1163 2524 ‘quod
1203 2475 1237 2513 si
1269 2474 1454 2515 obseruas
1484 2474 1685 2514 hominem
1716 2476 1796 2525 qui.

249 2542 321 2579 pro
353 2501 555 2570 commodo
588 2533 629 2570 et
657 2545 780 2584 regno
809 2530 1039 2582 yaudeat'ffl’
1097 2534 1217 2572 Recte
1245 2534 1386 2574 Iunius
1418 2535 1562 2574 audeat
1591 2537 1639 2574 ut
1662 2535 1780 2587 Verg

250 2588 346 2628 Aen.
378 2590 456 2629 ΧΠ
487 2591 572 2629 814
606 2588 692 2642 ‘pro
734 2593 822 2632 uita
852 2594 1005 2632 maiora
1036 2590 1328 2643 3111101οἷ11νο
1365 2606 1481 2644 reyno
1519 2594 1670 2634 dictum
1711 2596 1783 2633 aut

251 2649 433 2688 similiter
458 2651 503 2688 ut
527 2650 644 2702 Verg.
671 2652 792 2703 eclog.
818 2653 839 2690 I
866 2653 919 2691 69
955 2649 1057 2691 ’11103
1088 2651 1225 2705 regna’
1254 2652 1331 2693 Cic.
1359 2654 1410 2693 ad
1433 2653 1519 2693 Att.
1545 2654 1639 2694 XIV
1667 2655 1734 2705 16,
1757 2657 1777 2693 1

253 2704 358 2758 ‘post
387 2709 429 2747 in
459 2710 555 2749 haec
585 2710 805 2750 Puteolana
846 2713 887 2750 et
920 2711 1095 2752 Cumana
1125 2726 1249 2766 regna
1277 2710 1527 2766 renauigare'
1561 2716 1643 2764 aut,
1674 2714 1783 2765 quod

244 2768 505 2818 probabilius,
542 2769 592 2808 ad
622 2771 845 2821 potentiam
878 2772 1047 2812 hominis
1083 2773 1126 2811 in
1163 2773 1368 2824 republica
1410 2773 1555 2813 nobilis
1597 2774 1780 2825 pertinet.

254 2825 356 2865 Gonf
388 2828 465 2866 Dio
502 2829 615 2868 Prus.
646 2831 668 2869 I
698 2842 735 2880 p.
764 2831 807 2881 5,
834 2832 888 2870 25
914 2831 1009 2870 Arn.
1055 2831 1159 2880 ὅστις
1203 2830 1273 2884 μὲν
1316 2832 1389 2886 γὰρ
1422 2864 1430 2872 .
1452 2863 1460 2872 .
1482 2864 1490 2872 .
1525 2831 1712 2873 οὐδέποτε
1755 2831 1782 2886 ἢ

252 2886 426 2934 σπανίως
461 2886 605 2942 ἑώρακε
642 2889 733 2937 τοὺς
770 2888 868 2945 ὑπὲρ
905 2896 974 2943 τῆς
1011 2889 1132 2945 ἀρχῆς
1168 2892 1474 2941 κινδυνεύοντας
1511 2891 1577 2933 καὶ
1608 2898 1781 2933 πονοῦν-

252 2959 319 2991 τας
350 2949 427 2985 κτλ
464 2968 513 2973 —
548 2950 642 2996 quid
672 2951 822 3001 scripsi.

372 3000 482 3046 (395.
524 3007 678 3048 Nonius
715 3010 878 3060 p.330‚
906 3012 957 3049 11
1006 3008 1226 3063 Ἰ11ᾶ110010,
1269 3011 1495 3063 instituere,
1538 3012 1780 3052 confirmare.
