2060 3444
292 267 350 315 46
958 266 1010 306 111
1032 281 1068 307 11.
1096 272 1151 307 96.

293 383 536 432 ἀκούσαντες
568 380 612 423 τὰ
643 382 731 438 περὶ
761 379 876 436 ἡμῶν
909 377 1040 436 ἦλθαν
1071 383 1126 431 εἰς
1157 381 1378 436 ἀπάντησιν
1415 379 1514 437 ἡμῖν
1543 382 1631 439 ἄχρι
1658 377 1826 425 ’Λππίου

298 443 433 498 Φόρου
473 443 540 483 καὶ
587 445 715 497 Τριῶν
762 444 988 497 Ταβερνῶν,
1032 456 1123 483 cum
1171 444 1251 482 VH
1300 444 1382 483 dies
1431 447 1625 485 manserit
1666 446 1826 485 omniuo

295 504 498 555 apostolus
523 503 714 554 Puteolis,
739 504 832 543 inde
857 504 1069 556 intellegas
1094 504 1270 554 spatium
1289 503 1367 543 VH
1392 504 1546 544 dierum
1572 505 1827 547 tabellarium
1880 543 1882 545 ,

295 564 376 603 fere
407 565 697 614 consumpsisse
729 564 777 603 ad
810 565 997 603 nuntium
1022 564 1070 602 de
1094 563 1212 602 Pauli
1236 563 1412 603 aduentu
1436 564 1603 604 Romam
1629 566 1827 616 perferen·

295 623 399 662 dum.
456 623 601 662 Totum
626 623 752 676 igitur
776 625 854 662 iter
876 623 1001 675 Regio
1026 623 1196 662 Romam
1220 623 1422 663 celerrime
1453 624 1660 663 conficitur
1689 624 1828 664 diebus

294 683 336 722 H
356 681 410 734 -†-
431 682 468 720 V
489 700 545 714 =
564 683 662 722 VH:
699 684 897 734 gloriatur
933 683 975 721 P.
998 682 1158 723 Clodius
1196 682 1363 722 Pulcher
1400 697 1462 734 ap.
1489 683 1566 723 Cic.
1594 684 1646 723 ad
1681 684 1766 723 Att.
1786 684 1828 723 H

297 745 341 792 1,
375 743 399 781 5
440 740 496 782 ‘se
533 774 541 781 .
565 774 600 781 ..
634 744 803 794 septimo
847 743 911 781 die
954 743 1108 782 uenisse
1151 755 1175 781 a
1217 740 1348 782 freto’.
1423 740 1828 795 ‘Carthaginiensium

294 803 448 855 legatos
486 802 533 841 de
570 815 668 852 pace
706 802 757 841 ad
794 804 975 842 senatum
1013 802 1209 842 uenientis
1238 802 1415 842 Puteolis
1447 803 1566 853 uisos,
1597 803 1689 842 inde
1720 805 1828 843 terra

294 859 501 901 uenturos'
535 862 661 901 tradit
685 861 771 900 Liu.
798 862 907 900 XXX
935 863 1002 913 21,
1031 864 1082 901 11
1117 864 1158 901 et
1194 861 1241 901 de
1273 861 1365 902 Tito
1395 863 1635 913 imperatore
1667 862 1826 902 Sueten.

294 922 373 962 Tit.
396 923 420 960 5
450 954 456 960 .
479 953 486 960 .
509 953 516 960 .
545 919 649 960 ‘cum
680 922 868 974 Regium,
905 921 996 960 dein
1027 921 1212 962 Puteolos
1252 923 1434 961 oneraria
1464 934 1566 961 naue
1598 922 1828 973 appulisset,

269 981 462 1034 *Romam
508 982 601 1020 inde
647 981 852 1021 contendit
898 978 1230 1033 expeditissimus'
1278 995 1310 1020 e.
1341 994 1378 1032 q.
1407 995 1435 1021 s.
1485 977 1598 1036 (conf
1640 981 1718 1022 Cic.
1755 994 1828 1033 pro

293 1041 428 1080 Planc.
450 1035 536 1095 65).
586 1041 729 1091 Itaque
759 1041 937 1080 Puteolis
967 1041 1148 1081 Lucilius
1178 1042 1257 1081 iter
1288 1042 1384 1081 fecit
1414 1042 1581 1081 duorum
1612 1042 1679 1081 uel
1703 1042 1828 1082 trium

294 1101 448 1140 dierum
484 1102 527 1139 in
565 1100 761 1140 Siciliam:
805 1113 915 1140 oram
954 1100 1196 1152 Campaniae
1239 1102 1280 1140 et
1315 1101 1515 1141 Lucaniae
1553 1114 1643 1141 eum
1686 1101 1828 1154 legisse

294 1162 424 1212 primo
463 1160 526 1199 die
564 1160 659 1199 dum
696 1160 933 1200 Palinurum
969 1162 1180 1211 perueniat
1215 1155 1273 1215 (u.
1303 1156 1407 1214 127)
1445 1163 1631 1212 apparet,
1673 1161 1829 1212 reliqua

294 1223 388 1260 sunt
418 1222 590 1260 incerta:
622 1220 714 1260 uide
739 1220 791 1260 ad
815 1233 853 1259 u.
877 1221 973 1260 104.
1002 1221 1086 1260 144
1118 1232 1220 1271 quae
1252 1220 1542 1261 adnotauimus.
1595 1219 1730 1260 Cicero
1756 1216 1828 1274 (ad

294 1280 380 1319 Att.
401 1279 496 1319 XVI
523 1281 567 1330 3,
602 1275 647 1333 6)
680 1280 802 1320 soluit
839 1293 860 1319 e
897 1279 1157 1331 Pompeiano,
1194 1283 1336 1320 octauo
1377 1280 1534 1320 demum
1565 1280 1629 1319 die
1661 1279 1830 1331 appellit

294 1339 525 1379 Valentiam
555 1340 661 1378 unde
692 1339 832 1378 scribit
857 1339 907 1378 ad
932 1339 1016 1379 Att.
1036 1339 1130 1378 XVI
1158 1340 1196 1390 6,
1224 1342 1268 1379 1:
1300 1337 1401 1392 ‘Ego
1428 1340 1557 1379 adhuc
1581 1362 1640 1367 -—
1664 1341 1829 1391 perueni

295 1400 399 1438 enim
443 1399 638 1439 Vibonem
682 1400 733 1438 ad
776 1398 932 1439 Siccam
978 1421 1038 1427 -—
1089 1401 1217 1451 magis
1261 1399 1464 1439 commode
1506 1412 1627 1450 quam
1670 1402 1827 1439 strenue

294 1461 505 1510 nauigauit
530 1461 650 1498 remis
672 1460 778 1498 enim
802 1471 989 1512 magnam
1014 1462 1181 1510 partem,
1206 1460 1408 1510 prodromi
1432 1460 1543 1498 nulli.
1599 1459 1705 1499 Illud
1730 1461 1828 1499 satis

294 1521 535 1570 opportune,
571 1519 650 1558 duo
687 1520 795 1558 sinus
834 1519 1006 1568 fuerunt,
1038 1531 1136 1570 quos
1166 1520 1341 1558 tramitti
1365 1521 1577 1570 oporteret,
1608 1519 1828 1559 Paestanus

296 1581 337 1617 et
366 1578 621 1619 Vibonensis:
653 1580 867 1630 utrumque
898 1578 1064 1629 pedibus
1097 1580 1234 1629 aequis
1264 1578 1520 1619 tramisimus.
1554 1576 1679 1618 'Veni
1703 1580 1829 1631 igitur

295 1638 347 1677 ad
384 1637 539 1678 Siccam
576 1641 718 1678 octauo
761 1639 825 1678 die
869 1651 889 1677 e
932 1638 1194 1690 Pompeiano,
1237 1651 1326 1678 cum
1375 1651 1501 1678 unum
1542 1638 1647 1678 diem
1689 1638 1828 1678 Veliae

295 1698 560 1738 constitissem
587 1730 595 1737 .
617 1730 624 1737 .
647 1730 654 1737 .
674 1698 795 1737 VHH
819 1697 907 1738 Kal.
939 1699 1066 1751 igitur
1101 1698 1153 1738 ad
1191 1697 1360 1738 Siccam:
1397 1698 1454 1737 ibi
1484 1700 1691 1749 tamquam
1721 1698 1828 1737 domi

294 1771 405 1798 meae
430 1759 599 1798 scilicet:
625 1759 761 1809 itaque
787 1757 933 1797 obduxi
956 1759 1163 1808 posterum
1187 1755 1319 1797 diem'.
1369 1758 1406 1796 V
1431 1758 1519 1797 Kal.
1547 1757 1683 1797 Sextii.
1702 1757 1828 1810 Regio

294 1831 384 1857 cum
410 1818 558 1858 scribat
582 1818 695 1869 epist.
710 1817 788 1857 VH
805 1819 871 1868 19,
896 1817 1048 1857 duobus
1073 1818 1151 1858 huc
1169 1819 1379 1870 nauigasse
1398 1830 1488 1857 eum
1507 1817 1644 1858 diebus
1662 1818 1828 1869 planum

295 1881 367 1929 est,
385 1880 433 1916 ut
452 1891 595 1918 nouem
614 1878 696 1917 fere
715 1878 798 1918 dies
816 1879 860 1916 in
878 1879 966 1916 tota
984 1878 1242 1930 nauigatione
1261 1878 1559 1928 consumpserit.
1590 1878 1639 1917 In
1650 1879 1828 1928 tempore

295 1939 451 1977 itineris
483 1938 693 1978 statuendo
725 1938 767 1976 id
797 1937 1036 1977 monendum
1069 1939 1139 1987 est,
1171 1938 1419 1988 aliquamdiu
1450 1939 1542 1989 post
1570 1937 1718 1977 bellum
1749 1950 1827 1978 ser-

295 1998 376 2036 uile
409 1997 586 2036 Siculum
611 1999 637 2036 i.
658 2010 689 2036 e.
716 1999 808 2048 post
844 2009 991 2036 annum
1031 1993 1227 2050 6221132
1261 1997 1460 2036 Lucilium
1497 1997 1655 2036 demum
1686 2009 1827 2036 ausum

295 2069 378 2096 esse
403 2070 526 2108 prope
553 2058 603 2096 ad
627 2057 800 2096 insulam
825 2057 1018 2096 accedere.
1075 2057 1214 2107 Neque
1239 2070 1331 2096 eum
1355 2057 1430 2096 hoc
1461 2056 1681 2107 uoluptatis
1707 2068 1828 2096 causa

295 2130 435 2156 ausum
478 2129 561 2156 esse
604 2116 811 2167 probabile
855 2119 915 2156 est
957 2129 1084 2167 neque
1127 2116 1210 2156 sine
1254 2118 1498 2155 armatorum
1542 2119 1583 2155 et
1624 2128 1828 2156 seruorum

296 2171 408 2231 (uide
439 2190 477 2215 u.
502 2171 605 2231 143)
647 2177 840 2216 comitatu
877 2176 1092 2216 commodo.
1154 2176 1259 2215 Nam
1294 2176 1553 2216 infestissima
1593 2177 1710 2215 antea
1741 2177 1829 2216 erat

295 2238 564 2288 peregrinatio
602 2236 684 2275 illis
721 2236 950 2288 regionibus
989 2239 1148 2276 auctore
1185 2236 1360 2276 Diodoro
1401 2238 1571 2286 excerpt.
1590 2234 1757 2275 XXXIV
1787 2238 1828 2274 et

295 2296 442 2335 XXXV
479 2309 564 2347 cap.
586 2298 630 2346 2,
664 2296 718 2335 28
751 2295 868 2334 Dind.
894 2295 938 2335 τὸ
980 2294 1055 2349 γὰρ
1096 2301 1253 2350 πρῶτον
1295 2294 1339 2336 ἐν
1381 2298 1464 2343 τοῖς
1502 2293 1827 2346 ’ἐπιφανεστάτοις

294 2355 429 2403 τόποις
459 2355 552 2403 τοὺς
582 2351 674 2395 καθ’
703 2353 772 2395 ἕνα
803 2354 870 2395 καὶ
895 2355 970 2395 δύο
994 2354 1063 2403 τὰς
1089 2352 1317 2408 ὁδοιπορίας
1342 2353 1606 2407 ποιουμένους
1633 2353 1828 2406 ἐφόνευον

296 2417 462 2468 fugitiui
487 2418 527 2455 et
555 2417 677 2454 serui:
703 2415 797 2454 conf
820 2414 904 2454 CIL
928 2415 949 2454 I
976 2415 1058 2454 551
1089 2412 1265 2466 ‘praetor
1288 2416 1330 2454 in
1355 2414 1492 2454 Sicilia
1511 2415 1727 2467 fugiteiuos
1745 2414 1827 2454 Ita-

295 2476 463 2515 licorum
482 2472 810 2526 conquaeisiuei’:
829 2474 1096 2525 sequebantur
1115 2487 1219 2515 anno
1238 2475 1319 2513 fere
1340 2470 1526 2528 6501104
1547 2474 1771 2524 Tryphonis
1787 2476 1828 2513 et

295 2535 533 2574 Athenionis
558 2535 755 2574 tumultus
781 2534 946 2574 seruiles
972 2534 1019 2573 de
1046 2535 1190 2584 quibus
1209 2534 1410 2574 Diodorus
1435 2535 1520 2585 egit
1537 2533 1640 2573 libro
1660 2532 1827 2572 XXXVI

296 2607 381 2645 cap.
404 2598 543 2634 1-—11
579 2595 697 2633 Dind.
756 2593 890 2633 Cicero
916 2594 1087 2644 denique
1113 2594 1223 2633 Verr.
1249 2594 1290 2632 H
1318 2595 1371 2633 99
1405 2591 1500 2633 ‘non
1525 2605 1598 2644 ego
1623 2605 1648 2631 a
1672 2592 1826 2632 Vibone

296 2654 455 2693 Veliam
485 2655 655 2705 paruulo
685 2655 851 2705 nauigio
887 2654 994 2692 inter
1035 2654 1298 2705 fugitiuorum
1329 2666 1376 2693 ac
1405 2652 1649 2704 praedonum
1681 2664 1726 2691 ac
1756 2654 1828 2692 tua

295 2715 379 2753 tela
417 2711 630 2755 uenissem'
663 2709 778 2768 (conf
798 2714 836 2751 V
862 2715 929 2752 39.
963 2715 1030 2752 40.
1064 2714 1118 2752 87
1145 2709 1284 2767 seqq).
1351 2713 1464 2752 Vnde
1497 2714 1664 2763 apparet
1705 2713 1826 2751 etiam

297 2773 496 2814 Ciceronis
526 2776 703 2825 tempore
733 2773 807 2812 illa
843 2773 1022 2824 pericula
1058 2775 1150 2824 post
1181 2772 1366 2824 Spartaci
1401 2773 1620 2811 tumultum
1650 2771 1826 2811 nondum

296 2834 414 2884 plane
445 2834 604 2872 sublata
635 2834 767 2873 fuisse.
828 2833 923 2872 Post
953 2845 1102 2871 annum
1133 2834 1266 2871 autem
1299 2833 1499 2885 6341120
1523 2831 1726 2870 Lucilium
1749 2832 1827 2870 iter

212 2891 218 2895 ’
298 2892 477 2931 Siculum
495 2895 718 2944 ingressum
738 2905 820 2932 esse
840 2905 886 2931 ex
905 2892 999 2931 libri
1010 2892 1052 2931 H
1070 2894 1247 2942 tempore
1266 2892 1361 2931 licet
1373 2893 1560 2941 statuere,
1573 2893 1665 2930 ante
1678 2903 1827 2929 annum

299 2948 495 3005 6381116
535 2952 772 2991 deducemur
807 2952 864 2990 eis
901 2964 1003 3003 quae
1040 2953 1294 3003 exposuimus
1332 2951 1382 2990 ad
1419 2951 1486 2992 lib.
1507 2951 1544 2988 V
1574 2964 1611 2989 u.
1634 2951 1720 2989 210
1745 2962 1824 3000 seq.

296 3011 541 3052 Peculiarem
580 3025 657 3062 quo
690 3009 747 3050 Ὃ.
768 3011 913 3051 Lucilii
949 3012 1163 3050 satirarum
1199 3024 1300 3062 quae
1338 3024 1385 3050 ex
1415 3010 1481 3049 lib.
1501 3010 1563 3049 HI
1595 3006 1823 3061 supersunt’
