2060 3444
294 285 380 328 190
882 284 950 320 XV
974 298 1009 321 u.
1038 288 1239 326 510—511.

289 398 607 449 quadrupedanti
639 399 833 437 crucianti
864 399 1067 438 cantherio
1089 430 1095 436 .
1119 430 1126 437 .
1149 430 1156 437 .
1177 400 1232 438 eis
1263 412 1336 450 ego
1362 412 1431 439 ora
1456 399 1671 439 uerberabo
1697 400 1823 451 surpi-
1873 450 1875 452 Ι

291 459 389 497 culis
420 458 601 508 piscariis
632 460 680 496 ut
711 459 839 496 sciant
879 458 1008 497 alieno
1045 471 1142 497 naso
1180 472 1301 508 quam
1338 460 1547 498 exhibeant
1583 458 1822 499 molestiam'

289 517 380 556 uide
406 518 595 567 Pompon.
626 518 708 556 119
724 517 758 555 R
783 517 830 555 de
857 517 1139 556 Schneiderum
1158 518 1363 557 Archaeol.
1384 519 1519 570 Epigr.
1541 519 1726 558 Mittheil.
1746 532 1820 558 aus

291 577 459 616 Oesterr.
485 577 547 615 HI
575 578 687 616 1879
720 576 801 615 tab.
827 577 889 615 HI
919 591 956 627 p.
985 578 1051 616 26.
1123 577 1267 616 Lucilii
1310 591 1427 617 uersu
1470 591 1499 617 s.
1526 591 1554 618 s.
1599 579 1732 630 agitur
1775 579 1823 617 de

291 637 463 675 oleribus
485 650 584 687 quae
604 639 795 675 ueneunt:
822 637 1013 687 surpiculi
1031 637 1255 676 holerorum
1276 638 1425 676 (lictum
1445 640 1504 677 est
1523 640 1567 676 ut
1586 638 1721 678 Alexis
1738 640 1821 677 273

291 696 392 735 CAF
416 697 457 735 ΙΙ
483 711 520 747 p.
548 696 683 736 398K
714 694 741 748 ἢ
771 696 1033 748 κοκκυμήλων
1065 697 1236 750 σπυρίδα
1267 697 1452 737 πεπόνων
1484 698 1648 737 Aristot.
1674 699 1820 737 rhetor.

289 756 351 795 HI
374 758 423 795 11
452 770 488 806 p.
513 758 624 795 1413
647 769 671 795 a.
692 758 747 796 20
780 756 1009 808 συκαμίνων
1040 756 1232 796 κάλαθον.
1286 757 1405 808 Apud
1423 758 1600 808 Propert.
1626 757 1685 796 IV
1706 759 1743 807 2,
1765 759 1820 797 39

291 813 507 866 ‘pastorem
539 816 588 855 ad
619 816 804 855 baculum
835 828 995 866 possum
1027 829 1165 856 curare
1202 817 1266 855 uel
1304 817 1409 855 idem
1446 817 1645 867 sirpiculis
1682 812 1821 870 (serpi-

289 877 386 915 culis
417 871 535 929 codd)
567 876 697 914 medio
728 877 890 926 puluere
922 877 1023 915 ferre
1054 874 1199 916 rosam'
1226 878 1367 916 rosarii
1393 877 1586 916 eiusmodi
1611 877 1822 927 surpiculis

267 938 457 974 'utuntur
487 935 528 974 in
561 936 675 975 circo.
726 936 1056 975 Tintinnabulum
1088 937 1152 974 uel
1184 937 1379 975 cantherii
1410 937 1473 974 uel
1506 938 1596 986 equi
1627 936 1692 974 uel
1720 937 1822 976 asini

289 996 352 1035 uel
390 996 490 1034 muli
527 1008 611 1034 esse
643 995 815 1035 arbitror
847 996 915 1046 qui
952 997 1064 1047 tergo
1101 998 1260 1046 portare
1298 996 1399 1035 solet
1442 997 1575 1049 ζεῦγος
1617 995 1822 1050 σπυρίδων

289 1051 378 1109 (ΑΡ
404 1055 461 1093 VI
489 1056 556 1104 28,
583 1050 646 1109 5):
691 1055 785 1094 conf
812 1055 977 1094 Phaedr.
1003 1056 1044 1093 II
1073 1057 1110 1105 7,
1138 1057 1161 1093 5
1200 1055 1319 1105 Apul.
1350 1057 1509 1095 metam.
1536 1056 1569 1094 X
1600 1057 1672 1094 18:
1715 1056 1823 1095 abest

287 1116 386 1160 hinc,
413 1117 459 1154 ut
483 1115 612 1154 Plaut.
638 1116 754 1154 Most.
779 1116 830 1154 79
858 1115 1056 1166 Amphitr.
1085 1116 1169 1154 640
1195 1115 1299 1154 Pers.
1328 1116 1409 1154 811
1435 1115 1542 1154 alibi.
1585 1114 1820 1154 Cantherius

288 1175 355 1213 uel
386 1176 520 1214 asinus
551 1175 621 1225 qui
646 1175 858 1213 hortulano
884 1175 1083 1214 seruiebat
1108 1170 1288 1229 (Lucian.
1314 1175 1406 1214 Luc.
1435 1176 1489 1213 43
1516 1175 1634 1225 Apul.
1661 1176 1819 1213 metam.

288 1234 344 1272 IX
377 1235 444 1273 32.
472 1235 524 1273 39
542 1236 637 1273 extr.
676 1235 845 1273 Babrius
884 1235 941 1273 ed.
981 1234 1143 1273 Crusius
1174 1234 1280 1285 Lips.
1311 1236 1421 1273 1897
1456 1248 1493 1284 p.
1524 1230 1626 1287 182)
1664 1236 1710 1272 ut
1750 1235 1821 1273 alii

287 1294 439 1332 homini
477 1294 644 1333 seruiret
680 1295 831 1344 potius,
875 1294 1059 1345 rogabat,
1096 1294 1199 1332 unde
1236 1294 1551 1333 tintinnabulum
1589 1294 1743 1332 abesset
1781 1296 1821 1333 et

288 1354 478 1403 surpiculi
521 1354 765 1393 holerorum:
808 1355 1051 1393 memoratur
1093 1354 1276 1392 holitoris
1320 1353 1496 1392 caballus
1534 1354 1674 1392 Horat.
1707 1354 1819 1403 epist.

288 1414 306 1451 I
336 1414 402 1463 18,
429 1414 495 1452 36.
559 1414 688 1452 Aliter
718 1413 870 1452 iudicat
900 1412 1177 1453 Lachmannus
1210 1415 1278 1463 qui
1308 1413 1405 1452 haec
1443 1413 1622 1452 adnotet:
1656 1410 1818 1451 ‘instru-

288 1474 465 1511 mentum
503 1474 545 1511 ni
582 1473 701 1512 fallor
737 1473 945 1523 gallorum.
1009 1485 1101 1511 nam
1138 1472 1195 1520 τίς
1231 1471 1305 1511 οὐκ
1342 1471 1519 1525 ἀπαρχὰς
1563 1470 1739 1526 ὀσπρίων
1780 1487 1819 1511 τε

286 1531 353 1571 καὶ
383 1532 501 1572 σίτων
532 1530 637 1587 ἁγνῷ
665 1530 798 1586 φέρων
830 1532 968 1571 δίδωσι
993 1531 1182 1588 τυμπάνῳ
1203 1527 1326 1583 Ῥείης
1354 1527 1490 1585 (Babr.
1522 1533 1618 1581 126,
1645 1527 1706 1585 8)’
1740 1528 1818 1584 [ed.

289 1591 450 1631 Crusius
481 1606 518 1642 p.
549 1589 663 1644 1331.
735 1592 859 1632 oleris
902 1592 1082 1630 datiuum
1119 1592 1286 1642 pluralis
1332 1591 1430 1631 Cato
1473 1591 1608 1642 posuit
1651 1592 1698 1630 de
1737 1605 1818 1643 agr.

287 1652 379 1691 cult.
410 1653 506 1701 149,
532 1654 568 1690 2.

407 1706 518 1751 511.
549 1712 702 1750 Nonius
733 1725 770 1762 p.
800 1713 867 1761 22,
895 1713 948 1750 27
993 1709 1198 1751 ‘Postomis
1240 1711 1386 1750 dicitur
1429 1712 1577 1750 ferrum
1620 1710 1726 1760 quod
1769 1709 1818 1749 ad

287 1771 545 1810 cohibendam
587 1784 776 1821 equorum
820 1771 1017 1810 tenaciam
1061 1766 1176 1825 (conf
1201 1771 1302 1809 Eun.
1328 1773 1429 1822 trag.
1459 1773 1540 1810 157
1557 1765 1611 1822 R)
1655 1770 1817 1809 naribus

287 1831 350 1869 uel
383 1833 532 1870 morsui
563 1832 787 1881 inponitur,
825 1830 990 1880 Graece,
1027 1828 1105 1870 ἀπὸ
1136 1836 1206 1870 τοῦ
1238 1829 1438 1882 στόματος.
1499 1830 1678 1869 Lucilius
1710 1832 1818 1880 saty-

285 1903 419 1929 rarum
450 1890 518 1929 lib.
543 1891 617 1929 XV
650 1887 830 1929 “truleus
852 1892 1069 1939 postomide
1096 1922 1103 1929 .
1133 1922 1139 1929 .
1168 1922 1175 1929 .
1201 1887 1408 1941 pendet''.’
1461 1890 1607 1942 Agitur
1637 1890 1685 1929 de
1717 1902 1816 1939 equo

285 1950 478 2000 mordaci,
523 1952 633 1988 cuius
672 1963 714 1989 os
751 1951 794 1988 in
832 1951 1054 1999 uasculum,
1098 1963 1177 2000 quo
1213 1950 1405 1989 hordeum
1442 1950 1543 1988 solet
1585 1949 1817 1998 ministrari,

286 2010 409 2060 capiti
446 2011 655 2060 alligatum
692 2011 885 2048 insertum
924 2011 993 2048 est.
1055 2009 1140 2048 Hoc
1177 2010 1384 2048 uasculum
1421 2009 1583 2048 trulleus
1621 2009 1817 2059 appellari

286 2082 310 2107 a
346 2071 466 2119 poeta
502 2071 624 2119 patet.
695 2068 815 2108 Cuius
852 2069 1040 2108 uocabuli
1082 2069 1274 2108 memoria
1310 2069 1454 2107 nititur
1489 2068 1698 2107 Plin..nat.
1724 2068 1814 2107 hist.

285 2129 451 2167 XXXIV
479 2131 516 2178 7,
554 2142 643 2167 cum
673 2130 808 2167 neutri
847 2129 1001 2180 generis
1038 2129 1166 2167 forma
1201 2128 1377 2166 truleum
1414 2129 1499 2166 siue
1536 2128 1724 2166 trulleum
1762 2128 1816 2166 sit

285 2188 482 2227 usitatior.
544 2189 603 2226 De
628 2190 817 2237 postomis
847 2188 968 2227 uerbo
1000 2188 1094 2227 dum
1123 2187 1313 2238 probetur
1344 2187 1440 2237 quid
1471 2188 1541 2236 sit,
1579 2188 1675 2226 scite
1713 2186 1815 2224 iudi-

285 2260 392 2286 casse
430 2248 592 2287 uidetur
629 2248 862 2298 Salmasius,
907 2249 977 2298 qui
1007 2260 1084 2296 pro
1120 2248 1281 2286 stornide
1317 2247 1424 2297 apud
1461 2246 1659 2285 Lucilium
1696 2246 1814 2285 scribi

285 2310 465 2358 oportere
492 2308 653 2346 censuit.
703 2308 1021 2358 Praepositiones
1053 2308 1156 2346 enim
1189 2321 1277 2347 cum
1309 2320 1333 2346 a
1364 2307 1626 2346 substantiuis
1653 2307 1696 2344 in
1721 2307 1814 2345 scri-

283 2369 403 2417 ptura
440 2380 520 2406 non
557 2370 764 2418 separatae
801 2368 967 2417 fuerint,
1011 2368 1155 2407 accidit
1191 2369 1237 2406 ut
1273 2366 1526 2418 grammatici
1564 2366 1733 2404 errarint
1771 2366 1815 2404 111

284 2427 415 2467 uerbis
440 2427 702 2467 exscribendis
728 2428 854 2466 ueluti
873 2427 984 2466 Paul.
1005 2428 1109 2466 Fest.
1129 2428 1222 2477 epit.
1248 2440 1286 2476 p.
1309 2427 1375 2476 28,
1398 2427 1453 2465 20
1478 2426 1703 2465 aduelitatio
1728 2438 1814 2475 per-

284 2488 387 2526 tinet
423 2487 473 2526 ad
510 2487 640 2525 Plaut.
666 2487 768 2528 Rud.
797 2488 880 2526 525
922 2484 998 2525 ‘me
1037 2487 1088 2526 ad
1123 2486 1399 2525 uelitationem
1438 2482 1625 2524 exerceo’:
1668 2485 1813 2531 uitioso

283 2549 488 2596 praeterea
518 2548 593 2586 hoc
623 2547 709 2600 loco
741 2559 836 2587 usus
868 2549 929 2586 est
958 2546 1110 2585 Nonius
1141 2545 1287 2584 Lucilii
1319 2546 1544 2595 exemplari.
1594 2544 1814 2583 Enumerat

284 2605 423 2657 στόμια
459 2605 525 2645 καὶ
562 2605 781 2658 1ὑποστόμια
821 2604 886 2645 καὶ
923 2605 1108 2657 στομίδας
1147 2605 1188 2643 111
1226 2607 1424 2655 apparatu
1461 2605 1636 2654 equestri
1671 2604 1812 2642 Pollux

284 2666 318 2704 X
346 2667 414 2715 56,
444 2667 550 2704 idem
575 2666 811 2705 uocabulum
837 2679 900 2715 ap.
920 2666 1039 2715 Apul.
1058 2667 1217 2704 metam.
1237 2664 1337 2702 Vm
1357 2665 1425 2714 25,
1450 2663 1520 2702 ubi
1543 2663 1665 2701 habet
1689 2663 1761 2702 cod
1781 2678 1812 2713 φ

283 2727 475 2764 stumidas
492 2729 649 2775 partea,
680 2726 840 2764 restitui
863 2725 993 2763 uoluit
1019 2724 1200 2763 Sittelius
1226 2725 1374 2762 archiu.
1400 2724 1511 2761 lexic.
1537 2723 1624 2762 Lat.
1650 2723 1671 2760 I
1698 2723 1810 2761 1884

215 2798 221 2801 ·
284 2798 320 2834 p.
349 2786 445 2824 581.
506 2786 627 2825 Recte
659 2786 693 2824 si
723 2785 878 2824 Nonius
907 2784 1010 2823 illud
1038 2784 1275 2823 uocabulum
1307 2783 1497 2833 explicuit
1526 2782 1631 2821 idem
1662 2781 1810 2833 signifi-

285 2846 350 2883 cat
379 2847 513 2884 stomis
545 2845 651 2894 quod
681 2843 803 2896 φιμός
835 2846 875 2883 et
905 2843 1041 2895 κημός.
1073 2843 1241 2893 Hesych.
1268 2855 1296 2883 s.
1322 2856 1359 2880 u.
1386 2840 1526 2893 κημόςε
1559 2839 1579 2881 ὁ
1616 2839 1810 2894 περιτιθέ-

284 2917 400 2953 μενος
431 2907 513 2951 τοῖς
544 2904 699 2954 ἵπποις,
736 2903 792 2951 εἰς
823 2901 869 2943 ὃν
903 2903 948 2942 αἱ
979 2902 1119 2956 κριθαὶ
1155 2902 1363 2954 βάλλονται
1391 2931 1399 2940 .
1428 2930 1435 2938 .
1464 2932 1472 2939 .
1497 2900 1640 2952 κημός·
1679 2898 1811 2951 στομὶς

285 2958 553 3015 (ζκημοστόμης
579 2958 671 3017 eod)
701 2967 754 3018 τῷ
780 2966 923 3017 χαλινῷ
950 2960 1122 3015 ἐμφερής
1147 2961 1224 3001 ΕΜ
1248 2975 1286 3012 p.
1314 2962 1411 3010 392,
1439 2961 1463 2998 5
1496 2959 1563 2999 τὸν
1588 2958 1718 3011 κημὸν
1742 2957 1810 2998 τὸν

282 3020 324 3059 ἐν
363 3025 413 3076 τῷ
447 3021 604 3073 στόματι
641 3028 718 3061 τῶν
755 3022 887 3061 ἵππων
923 3020 1223 3073 ἐμβαλλόμενον.
1292 3020 1377 3057 Α111
1413 3020 1531 3058 sicuti
1566 3019 1719 3057 Nonius
1759 3018 1809 3056 ad
