2060 3444
823 260 907 296 XIII
934 272 968 296 u.
996 264 1196 297 447-149.
1710 259 1792 301 167

247 376 335 428 Iug.
365 377 432 425 78,
460 378 484 415 2
519 372 678 425 ‘cetera,
710 376 772 415 uti
804 376 885 415 fors
917 372 1026 414 tulit’
1061 374 1176 415 Ouid.
1209 374 1416 415 metam,.I
1444 375 1528 414 297
1563 371 1719 427 ‘figitur
1754 375 1793 413 in

248 436 380 486 uiridi,
411 436 444 476 si
475 437 559 475 fors
584 436 692 485 tulit,
724 448 870 475 ancora
894 432 1028 486 prato’
1059 435 1127 474 ubi
1153 435 1245 475 uide
1270 434 1429 475 Heinsii
1454 434 1602 484 adnot,
1628 435 1793 475 fortuna,

246 498 287 536 et
317 497 399 536 fors
431 498 478 535 ut
507 496 733 536 Archiloch.
764 497 816 535 16
832 496 866 534 Β
892 495 1020 535 πάντα
1046 494 1142 548 τύχη
1171 493 1238 535 καὶ
1264 498 1396 548 μοῖρα,
1429 494 1650 548 Περίκλεες,
1676 493 1793 548 ἀνδρὶ

246 556 396 597 δίδωσι.
452 553 615 596 ‘Fatum
647 558 780 596 autem
807 569 831 595 a
862 557 1027 595 fortuna
1057 557 1247 607 separant
1278 558 1318 595 et
1346 556 1562 605 fortunam,
1596 555 1712 606 quasi
1738 557 1793 596 sit

244 617 286 656 in
329 617 404 667 his,
446 630 548 668 quae
578 613 757 670 [fortuitu
794 617 974 667 ueniunt,
1017 612 1279 668 <de-finium>
1322 616 1435 655 nulla
1478 616 1617 667 palam
1659 629 1791 666 causa,

244 678 374 716 fatum
399 690 495 718 uero
522 678 750 729 appositum
775 677 945 729 singulis
971 677 1011 716 et
1035 673 1248 717 statutum'
1276 676 1370 716 Isid.
1391 676 1491 728 orig.
1510 675 1611 714 VIII
1634 678 1699 726 11,
1723 678 1790 716 94.

243 759 302 765 -
330 734 409 777 ‘cui
445 738 616 790 parilem
653 739 785 777 locum
822 734 933 777 tulit'
972 739 1019 777 111
1049 737 1203 777 Ennius
1236 750 1326 776 ann.
1357 736 1487 776 109V
1520 733 1559 776 ‘0
1591 737 1682 776 Tite
1708 767 1718 776 .
1746 768 1753 775 .
1782 768 1789 775 .

242 797 318 838 tibi
349 799 465 838 tanta
495 800 667 849 tyranne
698 794 857 838 tulisti’.

363 853 475 899 448.
507 858 662 898 Νο111115
693 873 731 910 p.
760 859 858 907 519,
887 859 940 896 12
970 854 1176 897 ‘Veterum
1201 857 1471 897 memorabilis
1497 858 1666 897 scientia
1691 871 1789 909 pau-

242 931 379 958 corum
410 932 620 958 numerum
650 932 723 970 pro
755 918 869 958 1)ο1115
887 918 1087 986 ponebat,
1118 918 1266 958 multos
1292 919 1432 957 contra
1457 917 1585 957 malos
1611 918 1788 969 appella-

241 979 422 1018 bant...
452 1011 459 1018 .
488 979 595 1019 idem
626 968 1220 1018 111).Χ1ΙΙ“1111115...511”.
1300 978 1404 1024 Quid
1436 978 1546 1017 dicat
1575 980 1696 1028 poeta
1729 979 1787 1017 in-

240 1039 407 1092 tellegas
451 1040 609 1079 collatis
648 1038 726 1078 Cic.
753 1039 801 1078 de
826 1038 960 1078 fin.11
986 1039 1040 1078 66
1082 1035 1246 1078 ‘Tenuis
1282 1038 1326 1078 L.
1348 1039 1562 1092 Verginius
1606 1051 1787 1090 unusque

240 1099 288 1139 de
314 1100 453 1140 multis
475 1131 481 1138 .
504 1131 511 1139 .
534 1131 542 1138 .
562 1099 688 1139 filiam
713 1112 786 1140 sua
810 1112 933 1139 11131111
958 1098 1105 1139 occidit
1128 1100 1276 1150 potius,
1302 1112 1424 1150 quam
1450 1112 1497 1138 ea.
1522 1099 1598 1150 Ap.
1627 1098 1787 1139 Claudii

239 1159 417 1209 libidini,
461 1161 532 1211 qui
568 1162 654 1200 tum
692 1161 779 1199 erat
816 1172 970 1199 summo
1007 1159 1195 1211 imperio,
1239 1156 1478 1199 dederetur’.
1542 1160 1656 1199 Tusc.
1682 1160 1703 1198 Ι
1731 1162 1785 1199 17

241 1217 473 1271 ‘explicabo,
504 1233 577 1260 1100
601 1222 737 1260 tamen
763 1221 879 1271 quasi
904 1219 1073 1271 Pythius
1098 1220 1246 1271 Apollo
1269 1252 1276 1259 .
1299 1252 1306 1259 .
1329 1251 1337 1258 .
1357 1220 1425 1260 sed
1451 1221 1498 1259 ut
1522 1220 1786 1260 homunculus

238 1292 342 1320 unus
374 1294 395 1320 e
425 1277 580 1320 multis’
613 1281 726 1320 Brut.
755 1282 840 1319 274
875 1275 970 1334 ε(111.
995 1275 1195 1334 Calidius)
1233 1294 1313 1320 non
1345 1281 1425 1319 fuit
1455 1282 1593 1320 orator
1623 1293 1725 1320 unus
1765 1295 1785 1319 e

237 1341 388 1391 multis,
418 1341 553 1392 potius
585 1341 691 1380 inter
721 1342 869 1381 multos
900 1354 1024 1392 prope
1056 1341 1272 1392 singularis
1310 1337 1402 1379 fuit'
1430 1341 1531 1380 Plin.
1560 1354 1618 1391 ep.
1645 1341 1666 1378 I
1693 1342 1731 1390 3,
1760 1344 1783 1379 2

239 1398 289 1441 ‘si
320 1402 361 1440 te
392 1401 616 1452 possident,
652 1402 749 1440 felix
779 1401 1000 1451 beatusque
1033 1414 1091 1440 es:
1129 1403 1163 1440 si
1200 1402 1350 1450 minus,
1388 1413 1492 1440 unus
1531 1414 1577 1440 ex
1615 1399 1783 1441 multis’.

237 1461 442 1501 Demosth.
476 1462 518 1500 in
548 1462 643 1500 Mid.
673 1463 725 1501 96
766 1460 843 1501 καὶ·
869 1466 991 1501 ταῦτα
1029 1459 1233 1501 πέπονθεν
1272 1459 1350 1501 ὑπὸ
1389 1461 1568 1501 Μειδίου
1608 1459 1676 1500 καὶ
1713 1467 1784 1501 τοῦ

237 1521 416 1562 Μειδίου
442 1521 617 1562 πλούτου
643 1520 708 1561 καὶ
738 1527 807 1574 τῆς
839 1520 1118 1574 ὑπερηφανίας
1150 1519 1257 1574 παρὰ
1282 1520 1356 1572 τὴν
1381 1520 1550 1575 ἐρημίαν
1648 1520 1714 1561 καὶ
1740 1520 1782 1561 τὸ

235 1586 316 1621 τῶν
345 1583 502 1621 πολλῶν
527 1577 582 1630 εἷς
613 1577 716 1622 εἶναι
743 1576 927 1636 (Dionys.
953 1581 1044 1620 Hal.
1071 1582 1268 1621 archaeol.
1294 1580 1353 1620 VI
1379 1582 1448 1631 96,
1476 1583 1498 1620 1
1528 1581 1607 1620 VII
1634 1583 1703 1631 68,
1723 1577 1782 1636 4).

236 1642 291 1681 Et
333 1642 382 1680 de
421 1641 615 1693 Sophocle
659 1642 731 1682 Ion
770 1655 832 1693 ap.
858 1641 1003 1680 Athen.
1030 1641 1129 1679 XIII
1156 1641 1292 1681 604D
1337 1639 1384 1680 τὰ
1428 1639 1560 1692 μέντοι
1602 1641 1782 1682 πολιτικὰ

236 1698 325 1740 οὔτε
364 1700 489 1752 σοφὸς
526 1699 615 1741 οὔτε
653 1700 856 1755 ῥεκτήριος
894 1695 964 1753 ἦν,
1004 1695 1082 1740 ἀλλ’
1124 1698 1178 1749 ὡς
1214 1698 1265 1740 ἄν
1301 1716 1360 1749 τις
1395 1696 1451 1749 εἷς
1487 1707 1567 1741 τῶν
1603 1708 1783 1755 χρηστῶν

232 1755 474 1813 Ἀθηναίων.
536 1761 680 1812 Itaque
712 1762 847 1813 agitur
877 1762 925 1801 de
956 1762 1130 1800 homine·
1149 1761 1218 1812 qui
1249 1762 1409 1813 ingenio
1447 1775 1528 1801 non
1561 1763 1781 1813 praestans,

236 1821 303 1861 sed
335 1823 450 1872 quasi
488 1834 591 1861 unus
629 1824 690 1861 est
721 1822 769 1860 de
801 1822 968 1872 populo:
1003 1818 1106 1861 ‘sum
1136 1822 1273 1873 paullo
1303 1822 1510 1872 infirmior,
1546 1835 1648 1862 unus
1679 1824 1780 1861 mul-

236 1877 383 1920 torum'
408 1881 503 1922 Hor,
531 1895 645 1922 serm.
672 1882 692 1920 I
719 1884 758 1931 9,
786 1884 852 1921 71.
903 1882 1118 1933 Philippid.
1148 1881 1249 1921 GAF
1274 1882 1336 1921 III
1361 1896 1398 1932 p.
1421 1883 1520 1931 306,
1544 1884 1595 1921 18
1611 1883 1647 1921 Κ
1678 1878 1780 1922 εἶναι

235 1936 273 1980 δ’
308 1939 481 1995 ὑπόλαβε
512 1940 579 1981 καὶ
610 1940 652 1982 σὲ
683 1948 762 1982 τῶν
793 1944 949 1982 πολλῶν
981 1940 1061 1981 ἕνα.
1125 1943 1184 1981 De
1220 1943 1334 1982 modo
1365 1943 1498 1994 posito
1536 1956 1608 1993 pro
1645 1942 1779 1982 iambo

235 2002 330 2041 conf
362 2002 429 2042 lib.
463 2001 617 2042 XXVII
653 2017 689 2042 u.
731 2004 814 2042 703
867 2004 907 2042 et
931 2052 934 2055 Δ
954 2002 1202 2042 Lachmanni
1254 2004 1464 2043 comment.
1521 2003 1573 2042 ad
1621 2003 1778 2043 Lucret.

354 2117 465 2163 449.
496 2122 651 2162 Nonius
676 2137 714 2173 p.
744 2124 841 2172 261,
869 2124 893 2162 5
929 2120 1114 2162 ‘Cernere
1144 2136 1303 2162 rursum
1335 2123 1554 2174 disponere.
1584 2154 1620 2163 ..
1644 2154 1651 2162 .
1672 2124 1778 2162 idem

233 2182 300 2221 lib.
322 2183 418 2221 xm
445 2179 635 2222 “acribus
656 2213 664 2221 .
686 2213 695 2221 .
715 2213 723 2221 .
744 2180 932 2222 cernit”.'
978 2183 1120 2223 Fretus
1139 2183 1264 2239 Nonii
1282 2183 1614 2235 interpretatione
1634 2186 1778 2223 crerint

165 2280 211 2284 Γ
233 2242 394 2293 scripsit
423 2243 721 2293 Lachmannus,
759 2247 921 2283 cernunt
952 2244 1224 2283 Franckenus:
1263 2256 1390 2294 neque
1428 2246 1563 2283 13111011
1603 2246 1702 2283 inter
1736 2257 1777 2283 se

233 2302 331 2340 bene
362 2303 539 2353 positum
570 2303 732 2342 uidetur
756 2304 790 2343 si
815 2305 918 2343 hanc
942 2303 1315 2355 interpretationem
1340 2303 1622 2355 amplectimur
1646 2304 1775 2343 ueluti

235 2359 390 2401 ‘ambae
421 2365 559 2414 gentes
592 2362 749 2403 acribus
780 2363 886 2403 inter
917 2376 958 2403 se
990 2377 1081 2404 cum
1113 2363 1235 2402 armis
1267 2363 1479 2415 confligere
1510 2366 1677 2403 cernunt
1711 2365 1775 2403 uel

232 2418 407 2471 crerint'3
440 2435 533 2461 nam
564 2423 730 2475 languet
761 2425 802 2463 et
833 2437 1168 2475 superuacaneum
1203 2425 1274 2462 est.
1334 2423 1475 2463 Melius
1507 2425 1584 2463 erit
1614 2436 1774 2464 seruare

232 2483 354 2520 cernit
383 2495 455 2521 nec
492 2495 629 2522 curare
660 2483 784 2522 Nonii
821 2484 1212 2535 interpretationem·
1251 2485 1378 2523 cernit
1416 2485 1558 2535 opinor
1592 2483 1775 2535 Iuppiter

232 2541 331 2580 duas
363 2543 501 2593 gentes
533 2543 654 2582 armis
685 2544 792 2583 inter
822 2557 862 2584 se
895 2544 1106 2596 confligere
1139 2543 1257 2583 sicuti
1283 2544 1389 2594 apud
1414 2543 1634 2583 Homerum
1665 2544 1700 2583 Θ
1717 2545 1769 2583 51

232 2599 350 2648 αὐτὸς
383 2596 420 2641 δ’
461 2601 504 2642 ἐν
541 2610 743 2674 κορυφῇσι
780 2602 967 2652 καθέζετο
1006 2603 1122 2644 κύδεϊ
1155 2603 1281 2657 γαίων
1319 2603 1508 2656 εἰσορόων
1549 2603 1697 2655 Τρώων
1735 2618 1773 2643 τε

232 2660 348 2700 πόλιν
379 2676 445 2701 και
482 2668 582 2715 νῆας
609 2658 785 2716 Ἀχαιῶν.
825 2663 870 2703 οἴ
894 2660 932 2703 δ’
967 2661 1044 2717 ἄρα
1070 2695 1079 2703 .
1106 2696 1114 2703 .
1142 2659 1319 2716 ,Ἀχαιοι
1347 2695 1355 2703 .
1384 2695 1391 2703 .
1420 2695 1427 2702 .
1453 2661 1532 2704 ἀπὸ
1570 2659 1608 2702 δ
1649 2662 1773 2703 αὐτοῦ

232 2720 501 2773 θωρήσσοντο.
538 2725 665 2776 Τρῶες
697 2718 735 2762 δ’
770 2717 862 2763 αὗθ
896 2722 1089 2776 ἑτέρωθεν
1120 2722 1197 2763 ἀνὰ
1229 2723 1366 2764 πτόλιν
1398 2721 1631 2773 ὡπλίζοντο,
1663 2725 1772 2763 simi-

232 2780 325 2819 liter
342 2781 576 2831 Neptunum
600 2783 756 2822 inducit
779 2784 817 2822 N
846 2786 901 2823 10
915 2797 1023 2834 seqq.
1075 2784 1254 2834 Vterque
1280 2784 1391 2823 locus
1416 2784 1547 2823 clarus
1575 2783 1772 2834 Scipionis

232 2841 311 2879 fuit
342 2841 448 2880 dicto
474 2842 583 2892 quod
608 2844 789 2882 seruauit
813 2842 987 2894 Appian.
1013 2843 1100 2882 Lib.
1128 2845 1180 2883 71
1210 2841 1231 2883 ὁ
1258 2841 1300 2883 δὲ
1326 2843 1508 2883 Σκιπίων
1534 2841 1674 2882 ἐθεᾶτο
1698 2842 1771 2895 τὴν

233 2899 362 2952 μάχην
392 2896 460 2951 ἀφ’
498 2899 661 2953 ὑψηλοῦ
697 2901 880 2955 καθάπερ
917 2901 960 2942 ἐκ
996 2902 1180 2955 θεάτρου.
1219 2901 1321 2955 ἔλεγέ
1360 2917 1398 2942 τε
1436 2902 1623 2950 πολλάκις
1659 2902 1770 2942 ὕστε-

232 2973 304 3011 ρον
330 2990 340 2999 .
360 2960 500 3000 ..δύο
530 2959 607 3014 πρὸ
639 2960 762 3002 αὑτοῦ
794 2961 867 3014 τὴν
898 2962 1053 3002 τοιάνδε
1085 2960 1188 3002 θέαν
1220 2962 1320 3002 ἰδεῖν
1351 2961 1394 3002 ἕν
1425 2965 1476 3017 τῷ
1507 2964 1668 3018 Τρωικῷ
1697 2977 1769 3003 πο-

232 3016 348 3076 λέμω,
379 3018 448 3060 τὸν
478 3021 557 3061 Δία
587 3019 667 3062 ἀπὸ
696 3028 766 3075 τῆς
788 3019 896 3074 Ἴδης
933 3020 999 3062 καὶ
1035 3020 1104 3062 τὸν
1136 3022 1371 3062 Ποσειδῶνα
1407 3020 1451 3063 ἐκ
1482 3019 1769 3085 Σαμοθράκης.
