2060 3444
287 257 370 299 168
874 254 959 290 XIII
983 266 1019 290 u.
1047 257 1246 290 449-452.

284 370 389 407 inter
413 381 453 408 se
479 367 689 419 confligere
711 367 789 406 Cic.
812 366 896 406 Cat.
916 367 958 406 H
978 368 1032 406 25
1061 364 1111 406 ‘si
1131 398 1138 405 .
1162 398 1168 405 .
1191 397 1199 405 .
1220 379 1359 407 causas
1383 369 1503 418 ipsas,
1530 367 1631 418 quae
1655 368 1763 407 inter
1783 379 1825 408 se
1880 384 1881 387 ¹

286 428 516 479 confligunt,
541 427 778 467 contendere
804 424 1008 476 uelimus’3
1035 426 1076 465 in
1096 427 1228 466 Pison.
1244 428 1300 466 20
1328 424 1392 466 ‘ne
1418 427 1540 466 armis
1567 424 1824 479 confligeret’.

406 483 517 527 450.
549 487 704 526 Nonius
728 500 766 537 p.
794 488 892 537 425,
922 488 974 526 16
1017 483 1129 526 ‘Fors
1168 488 1209 526 et
1245 487 1406 526 fortuna
1443 487 1518 526 hoo
1561 487 1724 528 distant.

285 549 390 587 idem
421 547 463 585 in
495 547 632 586 eodem
666 543 770 585 “aut
800 547 903 586 forte
930 577 938 585 .
960 577 997 584 ..
1025 546 1122 597 quid
1153 558 1311 586 cursum
1348 547 1399 586 ad
1437 543 1688 586 honorem’'.'
1750 547 1827 586 Pro

286 620 444 646 cursum
469 607 749 646 Lachmannus
781 609 821 646 et
846 606 889 645 L.
909 606 1124 646 Muellerus
1155 619 1318 645 rursum
1347 619 1525 657 posuere,
1557 620 1630 659 ego
1656 607 1829 646 arbitror

288 681 349 707 me
388 667 534 706 rectius
571 667 723 706 tradita
766 679 849 706 esse
889 668 1198 716 interpretatum
1244 679 1335 705 cum
1378 667 1582 717 posuerim
1624 679 1830 716 quorsum:

289 727 367 767 Cic.
394 727 442 765 de
467 727 569 778 legg.
595 726 615 765 I
641 728 666 765 4
708 723 924 772 ‘Quorsum
961 726 1122 765 tandem
1166 728 1237 765 aut
1280 739 1350 765 cur
1391 726 1470 766 ista
1508 723 1709 777 quaerisP’
1757 726 1829 766 cod

287 787 506 827 Vossianus
532 786 565 824 B
591 799 713 825 manu
739 786 869 836 priore
895 786 1061 836 praebet
1085 798 1156 825 cur
1179 798 1287 824 scam:
1318 786 1457 825 eadem
1489 787 1716 837 corruptela
1739 787 1829 826 Val.

266 848 390 886 -Max.
416 846 436 885 I
463 847 487 885 6
513 847 588 884 ext.
618 847 641 884 2
668 845 730 884 III
759 847 796 895 2,
825 847 890 884 19.
942 846 1160 896 Praecepta
1192 845 1262 884 dat
1293 848 1411 896 poeta
1442 846 1490 885 de
1522 846 1627 885 bello
1658 846 1830 898 gerendo

289 907 426 958 qualia
457 907 498 944 in
531 906 574 944 L.
602 905 765 944 Aemilii
798 905 914 945 Pauli
945 905 1062 945 domo
1101 905 1425 945 obseruabantur.
1490 905 1700 945 Consulem
1737 907 1830 945 anni

290 963 476 1018 538l216
517 966 580 1006 his
617 966 749 1004 uerbis
789 967 1013 1005 commonet
1046 965 1090 1012 Q.
1111 965 1259 1005 Fabius
1290 965 1487 1005 Maximus
1526 965 1632 1016 apud
1669 965 1830 1005 Liuium

290 1026 402 1065 XXII
429 1027 497 1075 39,
526 1028 581 1065 20
615 1023 765 1065 ‘omnia
797 1023 1009 1065 audentem
1041 1026 1268 1064 contemnet
1297 1024 1513 1075 Hannibal,
1550 1025 1652 1065 nihil
1684 1028 1830 1065 temere

290 1088 475 1139 agentem
501 1088 662 1125 metuet.
714 1098 785 1124 nec
804 1098 888 1137 ego,
914 1087 961 1124 ut
984 1085 1086 1124 nihil
1106 1087 1251 1137 agatur
1270 1082 1470 1137 (moneo),
1496 1085 1565 1125 sed
1582 1087 1630 1124 ut
1648 1087 1832 1138 agentem

289 1149 329 1185 te
361 1147 466 1185 ratio
504 1145 641 1193 ducat,
679 1158 758 1183 non
795 1146 967 1184 fortuna.
1030 1147 1123 1184 tuae
1160 1146 1372 1196 potestatis
1410 1158 1564 1196 semper
1601 1148 1645 1184 tu
1683 1147 1831 1196 tuaque

290 1207 424 1245 omnia
457 1206 566 1244 sint.
588 1235 595 1243 .
618 1237 625 1245 .
646 1217 774 1255 neque
806 1205 1004 1244 occasioni
1028 1206 1122 1243 tuae
1155 1205 1258 1244 desis
1290 1218 1419 1255 neque
1445 1217 1556 1244 suam
1585 1206 1832 1245 occasionem

288 1266 395 1305 hosti
426 1261 521 1304 des'.
585 1264 723 1303 Simile
755 1265 836 1304 fuit
865 1264 940 1303 filii
970 1263 1164 1303 iudicium
1200 1267 1241 1303 et
1277 1264 1450 1315 nepotis:
1490 1263 1588 1303 Gell.
1616 1265 1714 1304 XIII
1740 1265 1778 1314 3,
1806 1267 1830 1304 6

293 1323 398 1365 ‘cum
423 1326 596 1377 legerem
621 1324 846 1375 Sempronii
872 1323 1086 1363 Asellionis
1109 1355 1115 1362 .
1139 1356 1145 1362 .
1169 1356 1175 1362 .
1198 1326 1385 1375 quartum
1411 1337 1456 1363 ex
1483 1324 1650 1364 historia
1675 1324 1832 1374 librum,

290 1387 332 1424 in
370 1398 451 1436 quo
490 1385 538 1423 de
570 1384 612 1423 Ρ.
633 1384 843 1433 Africano,
880 1384 996 1423 Pauli
1034 1384 1134 1434 filio,
1175 1385 1234 1422 ita
1271 1385 1464 1435 scriptum
1501 1386 1579 1424 est:
1618 1381 1754 1423 “Nam
1792 1397 1832 1423 se

291 1447 446 1496 patrem
491 1457 607 1483 suum
654 1444 811 1484 audisse
861 1443 1007 1494 dicere,
1054 1443 1097 1482 L.
1118 1443 1336 1483 Aemilium
1380 1443 1570 1495 Paulum,
1618 1457 1834 1494 numquam

291 1500 430 1559 (nimis
468 1498 586 1558 codd)
624 1504 772 1543 bonum
809 1505 1088 1554 imperatorem
1127 1503 1250 1555 signis
1291 1504 1459 1543 conlatis
1497 1504 1716 1554 decertare,
1756 1504 1833 1543 nisi

291 1577 446 1604 summa
476 1563 725 1603 necessitudo
758 1565 828 1603 aut
860 1575 1015 1603 summa
1046 1563 1198 1602 occasio
1224 1563 1321 1603 data
1350 1559 1483 1602 esset''
1496 1560 1521 1613 ’ς
1552 1563 1657 1602 idem
1683 1563 1834 1603 dictum

291 1625 473 1664 Africani
483 1624 650 1663 tradunt
669 1623 841 1674 Appian.
862 1623 962 1662 Iber.
985 1624 1038 1662 87
1060 1623 1193 1662 Valer.
1215 1623 1317 1662 Max.
1337 1623 1416 1662 VII
1438 1625 1476 1672 2,
1498 1625 1522 1662 2
1542 1622 1681 1676 Veget.
1701 1623 1763 1662 III
1778 1624 1831 1663 26

291 1699 329 1736 p.
360 1685 456 1733 123,
486 1687 506 1722 1
524 1684 650 1735 Lang.
711 1683 852 1734 Itaque
883 1684 1002 1734 poeta
1033 1682 1208 1722 dixerat:
1247 1680 1424 1722 ‘fortuna
1462 1695 1579 1722 caeca
1611 1685 1672 1722 est
1707 1696 1834 1734 neque

293 1745 464 1797 gloriam
495 1757 622 1794 neque
655 1744 843 1782 honorem
875 1743 983 1793 parit
1013 1743 1100 1782 sola
1130 1756 1257 1793 neque
1288 1744 1508 1794 imperator
1537 1742 1663 1782 bonus
1701 1745 1836 1783 omnia

293 1818 333 1844 se
365 1804 506 1843 debere
538 1803 647 1843 uolet
677 1803 787 1843 casui
821 1806 892 1843 aut
921 1803 1024 1842 forte
1050 1802 1211 1842 omnino
1243 1815 1289 1842 ac
1322 1804 1484 1842 fortuna
1521 1803 1679 1842 uincere
1717 1802 1833 1842 bello.

295 1864 337 1902 Si
373 1865 476 1903 forte
515 1875 561 1903 ao
603 1865 751 1902 temere
795 1864 956 1902 omniuo
1001 1863 1117 1913 quid,
1155 1861 1371 1912 quorsum?
1415 1863 1465 1902 ad
1505 1863 1694 1902 honorem
1703 1858 1738 1901 ’θ’
1787 1863 1835 1901 In

294 1923 500 1974 ellipsibus
526 1924 624 1962 satis
655 1923 786 1961 audax
818 1924 880 1961 est
909 1924 1045 1972 poeta:
1078 1922 1341 1973 supplendum
1373 1924 1434 1961 est
1464 1923 1504 1961 et
1527 1923 1697 1972 pertinet
1727 1924 1768 1962 et
1791 1924 1836 1970 fit

294 1985 341 2021 ut
372 1982 450 2021 Cic.
477 1982 525 2021 de
551 1982 673 2021 diuin.
700 1982 740 2020 H
768 1983 824 2021 20
857 1979 920 2020 ‘dc
953 1994 1031 2031 quo
1064 1981 1182 2030 alias3
1214 1994 1318 2020 nunc
1350 1981 1457 2031 quod
1488 1994 1644 2022 necesse
1676 1983 1745 2021 est.
1791 1981 1835 2020 Si

294 2042 428 2081 omnia
459 2042 557 2091 fato,
590 2041 686 2091 quid
717 2041 815 2080 mihi
848 2041 1044 2080 diuinatio
1079 2038 1284 2091 prodestP’
1331 2040 1408 2080 Cic.
1436 2042 1547 2080 Brut.
1576 2043 1660 2080 292
1695 2039 1833 2087 ‘Quor-

295 2114 372 2151 sus,
403 2102 580 2152 inquam,
611 2100 742 2140 istuc?
791 2101 881 2140 Non
915 2101 1021 2140 enim
1055 2097 1274 2153 intellego'.
1501 2148 1504 2150 ,

414 2156 525 2202 452.
552 2161 713 2200 Seruius
739 2162 878 2201 auctus
903 2162 946 2200 in
965 2160 1111 2199 librum
1129 2160 1188 2199 IV
1208 2160 1419 2212 georgicon
1438 2159 1606 2212 Vergilii
1625 2174 1662 2199 u.
1685 2162 1739 2200 25
1768 2158 1836 2200 ‘Et

295 2222 461 2260 inertem
495 2221 559 2260 hic
589 2234 662 2271 pro
694 2222 821 2260 otioso
853 2221 988 2272 posuit
1008 2252 1015 2259 .
1038 2252 1045 2259 .
1065 2252 1074 2259 .
1098 2234 1199 2271 quae
1230 2233 1307 2260 uox
1332 2220 1496 2272 ponitur
1519 2233 1592 2271 pro
1616 2221 1833 2272 ignauo...

295 2284 336 2320 et
366 2294 437 2331 pro
469 2294 514 2320 eo
548 2281 616 2331 qui
648 2282 732 2319 sine
765 2283 850 2320 arte
888 2281 952 2330 sit,
987 2282 1033 2319 ut
1071 2280 1179 2330 apud
1208 2280 1411 2320 Lucillum
1447 2280 1489 2318 in
1526 2280 1646 2320 tertio
1684 2280 1835 2320 decimo

296 2337 376 2379 “ut
396 2372 402 2378 .
426 2372 432 2378 .
455 2372 462 2379 .
483 2354 562 2379 non
594 2343 649 2379 est
679 2336 824 2378 ulla’'.’
878 2339 990 2379 Idem
1020 2340 1071 2379 ad
1098 2340 1285 2379 Aeneidis
1310 2339 1368 2379 IV
1397 2340 1480 2379 158
1514 2336 1677 2379 ‘inertia
1702 2341 1835 2380 autem

295 2414 367 2450 pro
399 2400 556 2452 ignauis
589 2402 630 2439 et
659 2399 838 2439 innocuis
869 2400 1002 2449 posuit
1025 2431 1031 2438 .
1055 2431 1061 2437 .
1085 2431 1091 2437 .
1112 2412 1206 2438 nam
1238 2399 1341 2439 iners
1372 2401 1532 2451 proprie
1559 2399 1656 2450 quid
1680 2401 1734 2439 sit
1757 2399 1834 2439 Lu-

296 2461 410 2499 cilius
442 2459 619 2499 declarat
652 2456 729 2498 “ut
758 2459 990 2509 perhibetur
1019 2461 1144 2509 iners,
1182 2471 1246 2498 ars
1278 2460 1320 2498 in
1352 2472 1429 2509 quo
1461 2472 1540 2499 non
1576 2460 1654 2499 erit
1690 2455 1833 2499 ulla'’.'

297 2520 492 2558 Similiter
529 2519 580 2558 ad
611 2519 703 2558 Her.
729 2519 790 2558 III
819 2521 856 2567 7,
885 2520 937 2558 13
979 2516 1190 2570 ‘principio
1228 2520 1403 2559 tractato
1431 2550 1438 2557 .
1467 2550 1474 2557 .
1502 2550 1509 2557 .
1536 2519 1717 2558 narratio
1756 2531 1835 2558 non

297 2580 373 2626 erit
408 2575 519 2618 ulla’.
582 2579 734 2617 Eadem
770 2579 1014 2630 etymologia
1053 2592 1114 2629 ap.
1143 2577 1221 2618 Cic.
1248 2578 1297 2618 de
1321 2579 1385 2617 fin.
1411 2578 1453 2617 II
1480 2579 1563 2617 115
1605 2575 1834 2618 ‘lustremus

297 2640 430 2678 animo
467 2652 547 2677 non
584 2639 655 2677 has
692 2639 884 2677 maximas
922 2640 1046 2687 artes,
1087 2637 1231 2689 quibus
1269 2638 1337 2688 qui
1375 2637 1579 2687 carebant,
1622 2638 1768 2677 inertes
1812 2651 1836 2676 a

210 2737 215 2741 ,
296 2698 513 2737 maioribus
562 2694 898 2737 nominabantur’.
978 2697 1101 2736 Ludit
1153 2697 1227 2736 hac
1282 2697 1526 2748 etymologia
1573 2697 1702 2737 Varro
1757 2699 1831 2738 sat.

297 2757 470 2808 Menipp.
498 2757 628 2796 35913
661 2753 881 2807 ‘artemque
913 2757 1109 2807 expromis
1145 2755 1329 2796 inertem'
1364 2756 1529 2797 Ouidius
1561 2758 1636 2795 art.
1669 2770 1744 2796 am.
1771 2757 1833 2796 III

301 2818 384 2856 208
418 2813 512 2855 ‘non
544 2819 604 2856 est
634 2829 707 2866 pro
738 2818 882 2855 uestris
908 2829 972 2855 ars
996 2829 1085 2855 mea
1109 2817 1225 2856 rebus
1250 2814 1384 2856 iners'.
1437 2816 1719 2855 Similitudinis
1744 2817 1832 2867 lege

299 2876 479 2915 adhibita
519 2876 738 2927 explicarat
777 2879 896 2926 poeta
932 2876 1117 2915 uocabuli
1154 2876 1321 2915 alicuius
1359 2876 1488 2915 ueluti
1523 2877 1640 2925 inops
1685 2876 1834 2928 signifi-

299 2937 495 2975 cationem
525 2949 596 2986 per
626 2936 928 2987 etymologiam:
958 2935 1087 2975 Varro
1120 2936 1168 2975 de
1193 2936 1218 2974 l.
1248 2935 1336 2975 Lat.
1363 2935 1401 2974 V
1427 2937 1480 2975 92
1521 2932 1747 2986 ‘opulentus
1785 2935 1834 2975 ab

301 3008 374 3046 ope
396 3026 403 3033 .
426 3026 432 3033 .
456 3026 462 3033 .
485 2995 534 3034 ab
566 2995 703 3035 eadem
734 2997 849 3046 inops
881 2995 950 3045 qui
981 2996 1065 3034 eius
1095 2991 1276 3047 indiget'.
