2060 3444
926 253 978 290 ΠΙ
1001 265 1037 290 u.
1067 256 1146 290 144.
1754 252 1812 296 69

259 372 403 424 positis
434 368 644 410 incudibus
684 365 873 408 antrum’.
935 368 1142 408 stridentes
1177 368 1386 408 stricturae
1422 368 1516 407 sunt
1552 367 1680 420 igitur
1716 367 1814 407 ferri

259 444 392 473 massa
424 432 496 471 aut
527 443 574 470 ea
606 443 709 481 quae
740 430 832 469 lacu
864 428 1021 469 feruida
1051 429 1253 481 tinguitur
1284 429 1356 467 aut
1387 440 1434 467 ea
1466 441 1569 479 quae
1601 441 1622 467 e
1655 429 1812 468 camino

259 491 430 533 candida
473 492 556 531 exit
598 490 718 531 sicuti
763 489 920 530 Gallim.
965 488 1127 540 scripsit
1169 489 1306 540 hymn.
1349 488 1467 528 Dian.
1495 489 1552 528 60
1596 485 1623 541 ἢ
1667 487 1813 542 χαλκὸν

259 552 411 601 ζείοντα
445 549 668 603 καμινόθεν
706 547 752 603 ἠὲ
791 550 958 604 σίδηρον
995 547 1215 602 ἀμβολαδὶς
1251 548 1495 596 τετυπόντες.
1559 548 1723 589 Seruius
1762 549 1813 589 ad

257 613 409 666 Vergil.
439 613 466 652 1.
493 625 522 652 s.
563 609 769 651 ‘strictura
807 612 868 651 est
903 611 1013 650 terra
1050 611 1148 649 ferri
1189 610 1233 648 in
1275 621 1452 649 massam
1495 606 1662 660 coacta',
1705 609 1812 649 idem

259 674 311 714 ad
333 674 371 712 X
399 674 484 713 174
517 672 565 712 de
596 672 687 711 Ilua
717 672 851 712 insula
877 668 1022 710 ‘Varro
1053 671 1094 710 et
1123 669 1235 709 aliud
1261 669 1372 720 dicit,
1402 670 1513 710 nasci
1539 669 1702 720 quidem
1726 670 1812 709 illic

256 735 427 785 ferrum,
470 733 540 774 sed
575 734 619 772 in
657 733 890 772 stricturam
925 744 1006 771 non
1042 743 1158 782 posse
1196 730 1286 783 cogi
1329 729 1408 770 nisi
1450 731 1726 770 transuectum
1769 730 1812 769 in

256 791 539 846 Populoniam'
574 806 677 845 quae
703 792 850 833 Graece
875 793 936 831 ita
962 791 1065 831 dixit
1091 790 1236 831 Strabo
1261 790 1299 828 V
1330 805 1369 842 p.
1398 791 1482 830 223
1512 789 1560 831 οὐ
1585 788 1660 844 γὰρ
1688 790 1811 830 δύνα-

256 869 320 895 ται
351 850 394 910 (ὁ
427 849 608 909 σίδηρος)
642 852 972 893 συλλιπαίνεσθαι
1002 850 1316 904 καμινευόμενος
1347 849 1390 890 ἐν
1420 855 1467 907 τῇ
1502 849 1626 908 νήσῳ,
1658 850 1811 903 κομίζε-

257 930 320 955 ται
358 912 395 955 δ’
436 913 563 963 εὐθὺς
601 913 644 954 ἐκ
681 919 760 953 τῶν
799 912 997 965 μετάλλων
1033 911 1090 959 εἰς
1127 910 1202 963 τὴν
1238 909 1416 964 ἤπειρον.
1485 911 1591 951 Item
1634 911 1682 950 de
1719 911 1811 951 Ilua

256 976 382 1015 Rutil.
414 976 575 1015 Namat.
601 975 622 1014 I
647 975 731 1014 352
774 971 870 1024 ‘qua
906 972 1008 1012 nihil
1046 972 1210 1013 uberius
1245 972 1396 1012 Norica
1432 971 1551 1024 gleba
1590 971 1689 1011 tulit
1730 985 1811 1011 non

256 1037 417 1076 Biturix
447 1037 562 1088 largo
594 1035 730 1087 potior
760 1035 951 1074 strictura
976 1033 1133 1073 camino
1159 1045 1231 1073 nec
1258 1045 1360 1084 quae
1387 1031 1608 1072 Sardonico
1634 1033 1811 1084 caespite

256 1109 390 1137 1110000
420 1094 538 1136 fluit'.
600 1095 714 1135 Vnde
745 1094 989 1134 uocabulum
1020 1094 1186 1133 ductum
1217 1094 1271 1133 sit
1302 1092 1469 1132 dubium
1501 1094 1578 1134 est:
1609 1093 1734 1132 refert
1762 1093 1810 1132 de

256 1157 424 1198 diuersis
457 1156 667 1210 generibus
705 1156 803 1195 ferri
833 1155 990 1195 Plinius
1021 1155 1105 1194 nat.
1137 1154 1230 1194 hist.
1256 1153 1427 1193 XXXIV
1454 1155 1538 1194 143
1581 1150 1810 1193 ‘stricturae

255 1219 452 1257 uocantur
481 1218 557 1256 hae
589 1229 736 1267 omnes,
768 1215 875 1267 quod
902 1228 983 1255 non
1007 1216 1051 1254 in
1077 1214 1167 1255 aliis
1192 1215 1382 1264 metallis,
1414 1227 1438 1253 a
1465 1214 1699 1267 stringenda
1725 1214 1810 1254 acie

254 1278 451 1318 uocabulo
479 1274 700 1329 imposito':
733 1277 893 1317 strictos
919 1276 1062 1316 incude
1089 1274 1261 1316 Catones
1288 1275 1469 1327 appellat
1493 1275 1632 1314 Manil.
1651 1274 1689 1312 V
1712 1276 1808 1315 106.

254 1339 353 1378 111ᾶο
385 1340 565 1390 apparet,
598 1351 656 1388 ea,
688 1350 791 1389 quae
817 1337 973 1377 Nonius
999 1338 1040 1377 et
1065 1336 1306 1389 glossarium
1332 1336 1379 1375 de
1406 1335 1592 1376 scintillis
1618 1335 1809 1386 referunt,

255 1412 303 1439 ex
329 1398 478 1440 Lucilii
508 1411 627 1438 uersu
658 1410 782 1448 praue
814 1397 1019 1438 intellecto
1051 1398 1184 1437 tracta
1209 1409 1294 1437 esse
1321 1409 1411 1436 cum
1435 1396 1479 1436 in
1505 1409 1550 1436 eo
1575 1408 1695 1435 uersu
1720 1397 1809 1435 stri-

255 1463 388 1500 ctwrae
417 1459 526 1499 idem
557 1459 610 1500 sit
639 1460 761 1510 atque
793 1458 901 1510 quod
932 1458 1114 1509 sequitur
1138 1458 1298 1507 feruens
1322 1458 1485 1506 ferrum.
1545 1455 1809 1507 Compar-auit

253 1522 347 1572 post
371 1520 550 1560 Nonium
574 1519 792 1572 Vargesius
817 1519 950 1559 locum
974 1517 1147 1570 Vergilii
1174 1530 1203 1558 s.
1229 1530 1258 1557 s.
1286 1519 1371 1557 416
1388 1529 1496 1568 seqq.
1525 1513 1673 1557 ‘insula
1699 1515 1807 1556 Sica-

253 1582 368 1621 nium
397 1581 512 1620 iuxta
543 1581 651 1620 latus
682 1579 946 1630 Aeoliamque
978 1579 1149 1631 erigitur
1179 1577 1366 1629 Liparen,
1398 1577 1647 1618 fumantibus
1679 1577 1808 1617 ardua

255 1642 379 1682 saxis:
412 1654 534 1692 quam
566 1640 704 1680 subter
735 1652 874 1692 specus
907 1641 948 1679 et
974 1637 1192 1689 Cyclopum
1225 1651 1341 1678 exesa
1373 1638 1540 1678 caminis
1567 1638 1685 1677 antra
1710 1636 1806 1677 Aet-

255 1714 358 1741 naea
393 1702 555 1752 tonant,
592 1701 799 1751 ualidique
837 1699 1047 1740 incudibus
1084 1700 1188 1739 ictus
1227 1699 1358 1738 auditi
1394 1699 1577 1738 referunt
1610 1699 1807 1751 gemitum

256 1761 510 1813 striduntque
561 1761 742 1801 cauernis
793 1760 1007 1800 stricturae
1057 1758 1283 1811 Chalybum
1332 1760 1374 1798 et
1422 1758 1651 1799 fornacibus
1701 1758 1807 1811 ignis

255 1819 434 1862 anhelat’
473 1821 792 1873 Lipararumque
829 1821 899 1860 1110
930 1821 1076 1861 statuit
1109 1819 1280 1860 describi
1312 1832 1337 1860 a
1366 1820 1488 1871 poeta
1525 1832 1665 1869 unam,
1703 1832 1806 1870 quae

254 1883 380 1923 Hiera
405 1882 571 1922 dicitur:
596 1882 745 1922 maluit
769 1881 927 1921 credere
946 1881 1203 1921 Franckenus
1222 1879 1379 1920 Aetnae
1403 1880 1600 1920 miracula
1620 1879 1724 1919 libro
1743 1879 1807 1919 m

255 1943 454 1994 descripta
486 1956 569 1983 esse
600 1955 625 1982 a
655 1942 812 1982 Lucilio
844 1942 1176 1992 comparauitque
1207 1942 1376 1992 uterque
1408 1953 1511 1992 quae
1549 1939 1697 1980 dicitur
1732 1940 1806 1979 mi-

254 2005 363 2044 noris
400 2003 548 2043 Lucilii
584 2002 758 2043 Aetnam
788 2016 854 2042 uu.
889 2002 974 2042 562
990 2015 1099 2053 seqq.
1168 2001 1247 2041 Sed
1289 2000 1538 2053 probabilius
1575 2000 1805 2054 Vargesius.

254 2065 357 2104 Nam
391 2057 560 2115 Liparas
591 2064 787 2104 memorat
816 2065 937 2115 poeta
967 2077 1006 2102 u.
1035 2063 1139 2102 104:
1178 2074 1278 2113 quas
1313 2061 1348 2102 si
1385 2074 1465 2102 non
1502 2061 1688 2111 uidisset,
1725 2074 1806 2101 non

254 2127 514 2165 memorasset
543 2124 615 2164 illo
642 2136 772 2173 uersu,
803 2123 978 2164 Aetnam
1003 2123 1038 2162 si
1062 2123 1243 2173 uidisset,
1274 2122 1462 2162 lubenter
1486 2122 1630 2173 opinor
1653 2123 1679 2161 l.
1707 2134 1736 2161 0.
1764 2121 1806 2161 111

253 2185 357 2225 libro
387 2186 482 2236 post
510 2186 590 2224 iter
620 2185 772 2224 factum
803 2185 1024 2235 composito
1055 2184 1326 2224 memorasset.
1375 2182 1442 2222 Ad
1471 2183 1665 2223 scintillae
1688 2195 1805 2222 uoca-

253 2245 394 2285 bulum
419 2245 516 2285 conf
536 2245 693 2284 Lucret.
718 2244 778 2284 VI
799 2245 884 2284 644
911 2245 959 2284 (10
984 2243 1119 2283 Aetna
1146 2241 1316 2283 ‘fumida
1340 2256 1431 2283 cum
1457 2242 1558 2283 caeli
1585 2242 1806 2282 scintillare

254 2306 390 2346 omnia
413 2306 567 2357 templa
593 2306 795 2345 cernentes
820 2304 971 2356 pauida
996 2304 1252 2355 complebant
1269 2306 1435 2355 pectora
1453 2300 1563 2343 cura'
1586 2304 1627 2343 et
1645 2316 1805 2343 carmen

255 2366 303 2405 de
328 2365 462 2406 Aetna
488 2380 525 2405 11.
554 2365 638 2406 505
673 2362 835 2405 ‘emicat
867 2378 1032 2404 examen
1063 2364 1212 2417 plagis:
1248 2364 1432 2404 ardentia
1464 2376 1560 2403 saxa
1587 2358 1804 2418 (scintillas

254 2427 395 2477 procul
421 2438 504 2466 esse
529 2425 637 2476 fides,
663 2426 802 2476 procul
828 2438 911 2466 esse
936 2418 1197 2478 ru<b>entes)
1223 2424 1418 2464 incolumi
1441 2425 1600 2463 feruore
1626 2420 1803 2463 cadunt'.

255 2486 402 2525 Lucilii
438 2486 563 2526 uerba
601 2486 800 2538 quomodo
838 2486 1080 2526 sententiam
1116 2486 1267 2525 iustam
1310 2484 1512 2524 effecerint
1553 2497 1634 2524 non
1678 2485 1803 2535 patet.

255 2546 426 2586 Videtur
457 2546 603 2586 dixisse
634 2548 768 2598 poeta:
811 2548 922 2587 uisus
954 2548 1015 2587 est
1045 2558 1175 2597 uapor
1204 2546 1346 2597 igneus
1377 2545 1420 2584 in
1458 2557 1614 2584 summo
1652 2545 1804 2584 uertice

255 2607 403 2647 montis
435 2608 506 2657 qui
536 2606 615 2646 fuit
646 2607 806 2647 crebrae
837 2608 885 2646 ut
916 2606 1117 2647 scintillae
1151 2606 1288 2656 quales
1319 2607 1364 2645 111
1395 2605 1615 2654 stricturis,
1651 2604 1695 2644 in
1725 2604 1802 2643 fer-

255 2668 368 2706 uenti
403 2668 509 2707 ferro
554 2668 724 2706 exiliunt
772 2680 864 2706 cum
912 2666 1026 2706 faber
1068 2667 1260 2707 ferrarius
1307 2678 1482 2706 massam
1525 2664 1736 2704 candidam
1782 2677 1803 2703 e

255 2727 411 2766 camino
448 2728 650 2778 prolatam
685 2726 730 2766 in
772 2726 916 2766 incude
958 2727 1147 2767 collocat:
1192 2726 1362 2766 exiliunt
1398 2725 1505 2766 enim
1545 2725 1744 2765 scintillae
1783 2737 1803 2764 0

255 2787 360 2827 ferro
392 2787 561 2827 candido
593 2787 753 2827 etiamsi
783 2787 930 2827 malleo
961 2799 1042 2826 non
1072 2787 1252 2827 feriatur.
1314 2786 1376 2826 De
1412 2786 1516 2836 quod
1548 2796 1673 2835 yenus
1710 2785 1806 2825 conf

257 2846 508 2887 Woelfflinus
564 2847 714 2887 archiu.
751 2847 864 2886 lexic.
896 2846 986 2886 Lat.
1012 2847 1050 2884 V
1078 2847 1191 2886 1888
1224 2861 1262 2898 p.
1291 2847 1376 2886 392
1436 2843 1626 2885 ‘feruenti
1681 2846 1804 2896 caput

256 2907 434 2947 ustulare
465 2904 585 2947 ferro'
618 2907 752 2958 Priap.
778 2906 886 2946 XLV
914 2907 996 2946 213.
1047 2906 1197 2953 Quodsi
1227 2907 1335 2946 recte
1363 2905 1580 2959 Vargesius
1606 2905 1658 2945 ad
1681 2904 1802 2956 Lipa-

255 2980 392 3006 rarum
417 2968 593 3007 crateras
617 2968 842 3020 igniuomos
866 2966 1028 3007 rettulit
1051 2967 1334 3019 fragmentum,
1358 2966 1534 3007 insulam
1556 2978 1659 3017 quae
1677 2965 1803 3006 Hiera

256 3027 540 3067 nominabatur
569 3029 867 3079 praeteruectus
899 3029 960 3068 est
990 3028 1120 3079 poeta.
1177 3027 1283 3067 Nam
1313 3027 1549 3067 Palinurum
1580 3039 1671 3066 eum
1702 3027 1802 3066 tem-
