2060 3444
270 266 358 309 250
714 263 832 298 XXVI
856 274 891 298 u.
919 265 998 297 687.
1050 260 1185 297 XXVII
1209 272 1244 296 u.
1271 264 1351 297 688.

268 375 448 418 retuli''.'
519 376 673 416 Codicis
710 375 912 415 Leidensis
955 376 1204 425 praestantia
1239 374 1450 413 nitendum
1490 376 1568 424 est,
1601 375 1670 424 qui
1700 388 1750 413 m.
1780 375 1802 414 1

268 439 413 477 habeat
450 439 518 476 ad:
556 436 659 475 unde
695 436 926 487 intellegere
967 437 1074 474 recte
1104 434 1198 474 licet
1228 433 1351 473 uerba
1381 435 1543 484 tradita,
1575 447 1676 484 quae
1708 446 1806 474 sana
1863 442 1864 445 ’

268 511 350 537 esse
394 499 434 536 et
476 498 630 535 numeri
668 498 754 535 sani
790 495 1031 546 persuadent
1072 497 1111 534 et
1148 507 1310 533 caesura
1348 507 1455 534 sana.
1518 495 1681 543 Referre
1721 507 1805 534 esse

258 559 438 607 perferre
482 558 640 596 enarrat
676 556 848 606 Nonius,
886 555 997 594 addit
1041 555 1263 604 exemplum
1306 567 1327 593 e
1366 553 1485 606 Verg.
1516 553 1614 592 Aen.
1641 554 1682 593 Π
1718 554 1802 593 547

268 615 427 656 ‘referes
459 629 552 668 ergo
583 617 680 655 haec
713 618 751 654 et
782 616 945 654 nuntius
970 615 1046 655 ibis
1075 615 1236 654 Pelidae
1268 611 1468 666 genitori',
1494 614 1634 653 deinde
1659 613 1806 653 Lucilii

265 678 339 717 illa
381 677 513 716 uerba.
581 677 629 715 In
674 675 817 726 quibus
861 677 1024 726 propter
1063 675 1164 713 illud
1201 676 1381 724 perferre
1424 674 1520 724 quid
1556 673 1804 725 probabilius

266 750 388 788 quam
426 738 478 776 ad
515 748 661 787 paucos
700 735 818 774 scribi
849 738 1046 786 oportere,
1086 748 1186 785 quae
1225 733 1423 785 particula
1454 735 1682 785 saepissime
1714 746 1804 773 cum

267 798 411 845 referre
452 794 728 836 consociatur?
793 795 1066 844 Intelleqebar‚
1119 798 1166 834 ut
1207 793 1284 834 Cic.
1312 793 1359 833 de
1397 807 1452 833 or.
1471 794 1533 833 ΙΠ
1561 795 1646 833 110
1685 790 1804 834 ‘nunc

266 857 370 895 enim
400 856 538 907 inopia
568 856 732 894 reticere
771 852 1089 906 intelleguntur’,
1120 857 1155 894 is
1187 854 1309 903 addit,
1340 856 1385 892 ut
1415 853 1545 893 Plaut.
1571 854 1688 892 Merc.
1717 854 1799 893 631

254 914 438 968 ,‘egomet
481 916 629 955 credidi
674 915 824 954 homini
864 915 979 954 docto
1022 928 1107 954 rem
1159 914 1364 964 mandare,
1413 914 1447 953 is
1491 913 1616 964 lapidi
1657 913 1802 953 mando

265 973 453 1015 maximo'
501 975 578 1014 Cic.
606 976 717 1026 epist.
744 975 821 1013 XH
849 976 921 1024 14,
951 977 973 1013 7
1021 971 1156 1025 ‘atque
1199 975 1295 1013 haec
1340 974 1474 1013 omnia
1516 973 1551 1012 is
1595 973 1688 1023 feci,
1733 975 1803 1024 qui

265 1036 413 1075 sodalis
458 1037 507 1074 et.
537 1035 870 1074 familiarissimus
914 1035 1146 1074 Dolabellae
1191 1031 1325 1073 eram’.
1393 1033 1502 1073 Dicit
1543 1034 1688 1086 igitur:
1734 1030 1802 1083 ‘id3

264 1095 370 1146 quod
413 1108 504 1147 ego,
550 1097 617 1145 qui
659 1095 734 1133 tali
778 1107 866 1134 sum
902 1094 1080 1146 ingenio,
1123 1096 1320 1145 poteram,
1365 1093 1549 1144 quodque
1586 1106 1649 1132 me
1685 1106 1801 1144 posse

263 1158 407 1194 norant
437 1154 633 1205 homines,
671 1154 713 1193 id
751 1168 867 1206 aegre
907 1154 957 1194 ad
993 1166 1140 1205 paucos
1171 1154 1351 1193 homines
1383 1154 1532 1193 amicos
1562 1153 1700 1192 rettuli
1732 1154 1801 1204 qui

264 1215 311 1254 de
343 1228 387 1254 eo
418 1211 674 1254 iudicarent’:
706 1214 798 1254 uide
829 1214 880 1253 ad
904 1214 970 1254 lib.
992 1215 1100 1253 XXX
1126 1228 1163 1255 u.
1187 1215 1312 1253 1009.
1369 1214 1422 1253 ad
1452 1226 1524 1264 pro
1555 1214 1663 1252 haud
1693 1214 1799 1254 solus

265 1276 441 1314 seruauit
471 1274 747 1315 Baehrensius.

919 1587 1141 1644 XXVII.

378 1695 505 1733 Multo
525 1694 726 1733 difficilius
741 1707 861 1744 quam
874 1693 922 1732 de
942 1693 1042 1732 libro
1056 1693 1187 1732 XXVI
1200 1692 1392 1732 iudicium
1405 1694 1464 1732 est
1478 1692 1526 1731 de
1539 1692 1632 1731 libri
1646 1693 1799 1733 XXVII

260 1756 503 1806 argumento.
561 1753 740 1793 Gloriam
766 1755 997 1794 consecutus
1023 1755 1109 1792 erat
1133 1755 1252 1804 poeta
1277 1752 1379 1792 libro
1410 1753 1539 1803 primo
1572 1755 1798 1792 saturarum

260 1814 364 1853 edito
403 1816 442 1853 et
485 1814 773 1853 auctoritatem.
842 1813 917 1859 Qui
962 1814 1066 1852 enim
1104 1813 1199 1852 satis
1240 1812 1415 1852 modeste
1446 1812 1601 1852 locutus
1633 1815 1718 1852 erat
1749 1813 1798 1852 de

260 1874 471 1914 lectoribus
503 1874 582 1913 suis
616 1867 765 1927 (XXVI
790 1887 828 1911 u.
850 1867 1104 1926 592—596)
1142 1886 1269 1923 neque
1302 1871 1526 1923 Scipionem
1563 1885 1635 1912 sua
1665 1873 1796 1925 legere

259 1934 458 1983 uoluerat,
496 1935 530 1972 is
566 1933 647 1972 iam
689 1932 737 1972 ad
772 1932 998 1983 Scipionem
1029 1932 1174 1971 librum
1205 1932 1363 1971 mittere
1396 1935 1455 1971 est
1486 1945 1605 1972 ausus
1633 1927 1687 1986 (u.
1710 1933 1794 1971 688

260 1987 398 2045 seqq.)
460 1992 607 2044 Agitur
644 1992 746 2031 libro
778 1992 930 2030 XXVII
962 1986 1237 2046 (688-—715)
1279 1991 1326 2030 de
1358 1992 1520 2030 fortuna
1550 1992 1725 2031 humana
1757 1994 1797 2031 et

260 2053 307 2091 de
350 2053 458 2091 uitae
501 2053 697 2090 humanae
737 2051 1094 2101 uicissitudinibus,
1140 2064 1238 2101 quas
1279 2063 1405 2101 aequo
1444 2051 1576 2090 animo
1614 2052 1795 2091 ferendas

259 2112 411 2151 iudicat
442 2111 655 2150 secundum
686 2110 914 2150 Archilochi
944 2113 1212 2162 praeceptum,
1244 2110 1292 2149 de
1323 2123 1431 2162 agro,
1463 2110 1510 2150 de
1536 2110 1677 2162 seruis3
1708 2114 1795 2150 tum

260 2172 307 2210 de
338 2171 525 2221 parasitis
557 2173 596 2209 et
629 2170 765 2210 amicis
792 2165 1086 2224 (ue—725),
1124 2171 1172 2209 de
1203 2164 1792 2225 meretricibus„(726—737).

380 2225 489 2270 688.
527 2231 681 2269 Nonius
718 2244 755 2280 p.
784 2231 887 2280 308,
921 2231 974 2269 24
1018 2227 1219 2282 Tingere,
1257 2243 1488 2282 conponere.
1615 2230 1794 2271 Lucilius

259 2290 325 2328 lib.
351 2290 503 2328 XXVI]
535 2287 656 2329 “item
679 2291 822 2338 populi
852 2290 980 2329 salute
1011 2293 1051 2329 et
1137 2321 1144 2329 .
1170 2287 1397 2341 inpertit”.'
1453 2290 1564 2329 Idem
1595 2303 1633 2341 p.
1655 2291 1791 2340 37‚22

261 2346 469 2399 ‘Inpertire
513 2352 572 2389 est
614 2350 853 2400 participare
895 2353 934 2389 et
970 2353 1126 2401 partem
1163 2350 1267 2390 dare.
1335 2349 1512 2390 Lucilius
1548 2350 1615 2388 lib.
1641 2350 1795 2389 XXVII

261 2406 434 2459 “quibus
476 2412 608 2460 potest
649 2407 875 2460 inpertit''.'
944 2409 1055 2449 Idem
1092 2423 1129 2460 p.
1153 2411 1226 2459 37,
1254 2411 1307 2449 28
1349 2407 1554 2449 ‘Sedulum
1595 2410 1794 2462 significat

259 2470 342 2508 sine
380 2468 480 2508 dolo.
542 2469 721 2509 Lucilius
758 2469 825 2508 lib.
846 2470 999 2508 XXVH
1038 2467 1234 2508 “salutem
1269 2469 1372 2508 fictis
1406 2464 1538 2523 (factis
1568 2464 1792 2524 Leidensis)

258 2528 436 2568 uersibus
462 2559 471 2567 .
493 2559 500 2567 .
523 2559 529 2567 .
556 2525 753 2568 sedulo'’.'
803 2529 999 2579 Inpertire
1024 2529 1191 2568 uerbum
1216 2542 1294 2580 quo
1321 2541 1415 2569 casu
1441 2529 1594 2569 adiecto
1619 2528 1793 2580 ponatur

257 2588 503 2640 intellegitur
515 2588 767 2639 Plaut.·Epid.
779 2591 799 2628 1
808 2590 861 2627 26
876 2586 1168 2628 ‘aduenientem
1180 2602 1343 2641 peregre
1358 2603 1470 2628 erum
1484 2588 1792 2640 Stratippoclem

257 2647 435 2698 impertit
465 2649 592 2687 salute
623 2661 757 2688 seruos
788 2646 1004 2698 Epidicus'.
1063 2643 1305 2702 (Draegerus
1336 2651 1438 2700 synt.
1464 2649 1555 2689 hist.
1581 2649 1677 2702 ling.
1703 2649 1792 2690 Lat.

259 2707 307 2746 ed
331 2705 372 2746 Π
402 2708 480 2746 uol.
509 2710 530 2746 1
564 2721 602 2757 p.
625 2701 741 2759 561.)
802 2707 968 2758 Scripsit
998 2708 1276 2748 Lachmannus
1307 2721 1389 2748 rem
1412 2710 1565 2758 populi,
1596 2711 1641 2748 ut
1665 2710 1792 2748 salute

216 2810 221 2814 ¹
258 2768 414 2815 inpertit
438 2768 543 2818 apud
560 2767 759 2806 Lucilium
784 2780 861 2806 non
882 2769 984 2807 sicut
1002 2768 1108 2819 apud
1127 2768 1315 2808 Plautum
1335 2769 1386 2808 ad
1405 2769 1685 2808 salutationem
1703 2781 1791 2819 per-

258 2827 395 2875 tineat,
421 2827 488 2866 sed
513 2829 552 2866 et
576 2827 689 2866 bonis
715 2829 754 2866 et
778 2828 956 2867 uersibus
982 2840 1065 2868 sese
1087 2828 1326 2868 donaturum
1345 2830 1537 2879 populum
1554 2828 1791 2879 polliceatur

259 2888 386 2935 poeta.
442 2886 578 2926 Veluti
598 2884 711 2925 ‘Rem
735 2887 875 2937 populi
898 2885 1095 2928 tractas?
1128 2888 1233 2927 Pers.
1259 2888 1317 2927 IV
1346 2890 1366 2927 1
1398 2885 1472 2927 ‘est
1496 2889 1631 2940 igitur,
1660 2887 1790 2938 inquit

259 2945 482 2995 Africanus,
512 2946 735 2997 respublica
759 2959 821 2986 res
845 2944 999 2998 populi'
1028 2946 1105 2988 010.
1126 2947 1174 2987 de
1198 2960 1278 2998 rep.
1298 2947 1319 2986 I
1346 2948 1414 2997 39,
1445 2947 1540 2987 conf
1561 2946 1691 2998 Spart.
1717 2948 1790 2987 uit.

259 3003 381 3043 Hadr.
409 3005 447 3055 8,
474 3006 510 3043 3.
573 3005 687 3051 Quod
715 3005 839 3045 Nonii
855 3007 969 3046 ⁴codd
1000 3021 1036 3058 p.
1059 3009 1112 3046 37
1147 3007 1332 3046 exhibent
1362 3008 1543 3052 salutem,
1573 3006 1615 3045 id
1645 3006 1789 3046 maluit
