2060 3444
831 287 950 323 XXIX
976 299 1012 324 u.
1041 289 1242 323 sev-903.
1733 283 1820 327 301

272 403 449 455 Menipp.
477 404 562 443 435
579 403 612 442 Β
646 399 704 442 ‘in
734 401 908 442 tenebris
941 413 987 440 ac
1019 401 1113 440 suili
1144 401 1310 450 uiuunt,
1342 400 1420 439 nisi
1452 412 1531 438 non
1564 400 1695 438 forum
1725 398 1825 438 hara

273 466 393 515 atque
425 463 603 502 homines
637 462 707 513 qui
738 475 843 502 nunc
873 458 1022 514 <sunt>
1056 461 1237 512 plerique
1275 473 1365 499 sues
1403 462 1496 498 sunt
1535 455 1823 506 existimandi'3

272 524 388 563 Lucr.
414 523 476 562 ΙΙΙ
505 525 556 563 77
593 520 687 574 ‘ipsi
719 536 759 565 se
791 524 833 561 in
865 521 1040 561 tenebris
1073 521 1184 561 uolui
1216 533 1417 571 caenoque
1459 517 1716 571 queruntur’,
1755 518 1824 558 1¹1¹

274 583 403 638 ῥύπον
434 589 505 623 τοῦ
536 582 655 636 χαμαὶ
688 582 780 636 βίου
813 582 863 621 Μ.
884 582 1033 622 Anton.
1055 581 1134 620 VH
1155 582 1223 620 47.
1286 581 1333 620 In
1369 579 1627 632 sequentibus
1665 579 1826 619 uidetur

273 646 393 695 poeta
424 656 588 683 narrare
621 642 819 694 quomodo
851 655 979 693 nuper
1009 644 1215 692 tamquam
1248 641 1289 680 in
1322 641 1453 680 lutum
1487 640 1633 691 aliquis
1666 640 1823 679 descen-

273 704 378 744 derit
407 705 493 755 ipse
526 704 650 743 alium
682 706 728 742 ut
760 703 996 743 extraheret.
1523 743 1530 748 ,

394 759 505 804 898.
545 764 699 804 Nonius
731 778 768 815 p.
798 764 902 813 318,
938 765 990 802 21
1038 759 1230 812 ‘Habere,
1275 762 1459 813 dirigere.
1531 761 1712 801 Lucilius
1757 760 1823 799 lib.

273 824 469 864 XXVIIII
508 821 642 864 “hmw
681 820 755 879 (sic
794 824 911 874 codd,
951 824 1046 863 olim
1085 823 1271 874 impressi
1310 825 1350 861 et
1387 822 1586 861 Mercerus
1623 816 1716 875 leue)
1745 853 1752 860 .
1781 853 1788 859 .
1818 853 1824 859 .

273 882 446 925 uenit’'.’

395 940 505 986 899.
538 946 694 984 Nonius
726 959 764 996 p.
792 946 891 994 357,
920 946 971 983 16
1008 941 1245 983 ‘Obscenum
1279 942 1480 995 significat
1506 944 1544 982 et
1574 942 1824 982 maledicum.

250 1006 253 1007 ⁷
275 1038 282 1045 .
306 1039 312 1044 .
335 1038 343 1045 .
364 1005 542 1045 Lucilius
563 1005 630 1044 lib.
650 1005 846 1044 XXVIIII
873 1002 1023 1044 “deum
1046 1005 1137 1043 rima
1156 1006 1285 1043 uertat
1304 1005 1432 1042 uertat
1450 1003 1574 1042 uerba
1593 999 1824 1042 obscena”.'

274 1067 389 1106 deum
420 1079 490 1105 reae
521 1068 677 1105 auertat
706 1068 812 1105 recte
838 1064 1064 1104 Turnebus:
1096 1077 1257 1104 uersum
1289 1064 1491 1114 compleas
1521 1062 1671 1103 addens
1697 1063 1826 1102 ueluti

274 1138 322 1166 ac
358 1128 504 1176 turpia.
568 1126 778 1165 Exclamat
815 1126 976 1175 mulier,
1021 1125 1086 1165 cui
1124 1124 1305 1164 conuicia
1343 1126 1551 1174 intorquet
1587 1124 1825 1174 nescioquis.

273 1187 390 1226 deum
420 1199 501 1233 νεα),
532 1186 685 1238 Vergil.
711 1187 810 1225 Aen.
836 1186 915 1225 ΧΠ
942 1186 1025 1225 851
1063 1183 1274 1236 ‘siquando
1307 1185 1432 1224 letum
1461 1184 1690 1223 horrificum
1722 1197 1826 1223 mor-

274 1246 426 1298 bosque
458 1247 577 1286 deum
607 1260 676 1286 rex
707 1243 902 1286 molitur'.
951 1247 1074 1286 uerba
1105 1246 1290 1285 obscena:
1326 1245 1439 1284 iubet
1469 1245 1532 1284 lex
1568 1243 1729 1299 αἰσχρὸν
1758 1277 1764 1283 .
1788 1276 1795 1283 .
1819 1277 1825 1283 .

275 1305 427 1360 μηδένα
459 1305 584 1360 μηδὲν
614 1306 740 1347 εἰπεῖν
771 1306 977 1360 παρούσης
1008 1305 1198 1360 γυναικός
1228 1305 1334 1344 Plut.
1361 1306 1473 1344 Rom.
1502 1307 1569 1345 20.

394 1363 508 1409 900.
539 1368 695 1407 Nonius
726 1381 764 1418 p.
793 1368 896 1418 325,
925 1368 978 1406 32
1024 1364 1269 1418 ‘Indulgere,
1314 1379 1470 1418 augere.
1540 1366 1718 1405 Lucilius
1757 1366 1825 1405 lib.

275 1428 470 1468 XXVIIII
503 1425 580 1468 “tu
613 1428 681 1478 qui
712 1429 815 1467 iram
847 1427 1032 1479 indulges
1064 1429 1183 1467 nimis
1215 1439 1357 1466 manus
1390 1427 1585 1466 abstinere
1615 1440 1639 1465 α
1665 1427 1827 1466 muliere

275 1489 419 1528 melius
452 1485 572 1528 est”.'
637 1488 768 1528 Verba
800 1489 1052 1539 transposuit
1082 1487 1232 1527 Iunius.
1285 1487 1481 1526 Similiter
1512 1489 1634 1537 atque
1663 1486 1827 1526 Polemo

275 1549 390 1588 miles
422 1550 465 1588 in
492 1549 705 1588 Menandri
730 1546 1040 1605 Περικειρομένῃ
1065 1548 1183 1588 homo
1210 1548 1279 1586 ille
1306 1547 1472 1586 uerbera
1498 1547 1622 1586 infert
1648 1547 1826 1586 mulieri:

276 1611 387 1648 cuius
420 1608 521 1649 alius
554 1609 729 1661 castigat
760 1610 983 1649 saeuitiam.
1047 1609 1105 1647 De
1138 1609 1370 1648 accusatiuo
1403 1608 1613 1647 coniuncto
1646 1620 1736 1647 cum
1767 1609 1827 1646 in-

276 1670 412 1719 dulyeo
444 1669 534 1708 uide
566 1670 804 1721 interpretes
836 1669 885 1708 ad
920 1669 1077 1708 Terent.
1102 1669 1204 1708 Eun.
1234 1669 1318 1707 222
1354 1665 1488 1707 ‘nimis
1523 1680 1582 1707 me
1619 1665 1824 1719 indulgeo'

276 1729 422 1769 Heaut.
450 1730 534 1768 988
567 1729 706 1769 Afran.
735 1730 818 1769 389
835 1729 870 1768 R
908 1729 978 1768 ubi
1015 1731 1155 1768 tamen.
1189 1730 1427 1781 pronomina
1463 1729 1654 1781 leguntur
1692 1740 1826 1779 perso-

278 1789 389 1829 nalia
418 1802 479 1829 me
510 1793 543 1828 te
573 1801 655 1829 nos.

397 1845 509 1891 902.
541 1850 696 1890 Nonius
722 1864 759 1901 p.
790 1852 886 1899 110,
913 1851 967 1889 23
1007 1847 1263 1889 ‘Fabitorem
1326 1849 1504 1888 Lucilius
1537 1849 1604 1887 lib.
1632 1848 1829 1889 XXVIIII

279 1907 524 1950 “fabitorem
551 1942 558 1949 .
581 1943 588 1950 .
611 1942 618 1950 .
645 1906 820 1962 putes’⁷.'
872 1911 1086 1949 fauitorem
1121 1910 1318 1960 Guelferb.
1368 1910 1556 1949 Imitatus
1583 1911 1644 1949 est
1669 1908 1826 1948 Terent.

277 1971 400 2010 Andr.
431 1972 512 2010 717
555 1968 767 2010 ‘summum
805 1970 953 2010 bonum
993 1983 1076 2010 esse
1115 1983 1204 2010 erae
1241 1971 1386 2021 putaui
1422 1970 1527 2009 hunc
1559 1969 1827 2021 Pamphilum,

278 2033 462 2081 amicum,
493 2033 725 2080 amatorem,
757 2032 888 2070 uirum
920 2031 961 2069 in
995 2032 1137 2082 quouis
1170 2031 1258 2070 loco
1283 2027 1505 2081 paratum':
1539 2030 1633 2070 conf
1654 2029 1722 2069 lib.
1748 2029 1828 2068 VII

277 2105 314 2130 u.
342 2093 439 2132 270.

398 2146 511 2193 903.
542 2152 697 2206 Nonius
729 2166 766 2203 p.
795 2153 894 2202 315,
921 2149 1171 2202 29'‘Graue‚
1207 2153 1485 2191 necessarium.
1548 2151 1726 2191 Lucilius
1758 2150 1827 2194 lib.

278 2212 474 2252 XXVIIII
513 2209 772 2263 “habeasque
811 2214 942 2252 animo
980 2212 1081 2251 mihi
1117 2211 1332 2252 admodum
1377 2225 1537 2251 causam
1580 2223 1706 2262 praue
1748 2207 1828 2264 (ita

278 2271 386 2312 LGJ
409 2285 574 2324 grauem
599 2268 735 2326 uulyo)
762 2273 846 2312 fore
873 2285 975 2322 quae
1002 2285 1065 2311 me
1092 2272 1141 2311 ab
1167 2272 1251 2312 ullo
1277 2272 1482 2312 commodo
1503 2271 1676 2311 abducat
1694 2267 1825 2310 tuo''.'

280 2333 400 2372 Recte
433 2331 589 2372 addidit
619 2332 899 2372 Lachmannus
930 2334 974 2371 ‘in
1006 2331 1112 2383 quod
1144 2333 1292 2372 excidit
1327 2334 1420 2372 ante
1459 2334 1591 2371 animo
1629 2331 1747 2371 sicuti
1786 2332 1828 2370 in

280 2392 419 2432 eadem
449 2393 651 2432 locutione
676 2392 764 2431 Liu.
790 2392 919 2431 XLIV
947 2394 1016 2442 25,
1046 2396 1081 2431 1.
1131 2392 1300 2443 Proprio
1331 2395 1467 2432 tamen
1499 2404 1619 2432 sensu
1644 2391 1829 2432 adhibuit

278 2453 498 2502 habeasque
539 2454 584 2493 in
627 2454 759 2493 animo
802 2454 981 2504 positum
1024 2465 1096 2504 pro
1136 2455 1323 2492 memento
1359 2455 1406 2491 ut
1443 2452 1630 2492 similiter
1667 2451 1753 2491 Cat.
1780 2452 1827 2490 de

281 2525 364 2564 agr.
390 2513 484 2552 cult.
514 2515 551 2564 1,
580 2516 600 2552 1
644 2510 868 2565 ‘praedium
912 2525 1033 2564 quom
1077 2525 1220 2564 parare
1265 2512 1472 2565 cogitabis,
1517 2514 1572 2552 sic
1603 2514 1646 2551 in
1693 2514 1827 2551 animo

279 2572 443 2623 habeto,
486 2574 548 2613 uti
596 2586 646 2612 ne
696 2573 839 2625 cupide
888 2585 996 2613 emas
1045 2586 1145 2613 neue
1196 2586 1317 2623 opera
1366 2576 1437 2612 tua
1486 2585 1629 2623 parcas
1669 2570 1814 2611 uisere'

282 2632 386 2672 Oonf
406 2633 522 2673 Plato
549 2633 772 2685 Euthyphr.
798 2647 836 2684 p.
866 2635 890 2673 2
906 2634 939 2672 Β
965 2633 1078 2684 Reip.
1099 2633 1157 2671 VI
1181 2648 1219 2685 p.
1242 2634 1379 2673 490A
1405 2632 1442 2672 εἰ
1464 2636 1522 2689 νῷ
1548 2631 1645 2685 ἔχεις
1672 2631 1750 2672 Cic.
1777 2633 1827 2671 ad

281 2693 365 2734 Att.
385 2693 412 2732 -I
438 2694 476 2743 6,
505 2696 525 2733 1
564 2690 744 2733 ‘domum
769 2692 1030 2733 Rabirianam
1056 2693 1239 2744 Neapoli,
1271 2707 1393 2744 quam
1423 2695 1469 2732 tu
1500 2695 1582 2732 iam
1608 2693 1826 2733 dimensam

282 2755 323 2792 et
353 2753 654 2792 exaedificatam
685 2755 819 2793 animo
851 2750 1053 2793 habebas’.
1076 2785 1083 2792 .
1106 2785 1114 2793 .
1174 2753 1308 2793 Verba
1338 2754 1496 2804 reliqua
1528 2754 1562 2792 si
1594 2766 1692 2792 sana
1724 2755 1828 2802 sunt,

282 2812 495 2852 admodum
540 2813 754 2853 artificioso
799 2813 970 2853 delicato
1015 2816 1198 2853 contorto
1242 2826 1421 2854 sermone
1470 2814 1601 2852 utitur
1649 2813 1828 2852 mulieris

283 2874 455 2922 amator,
500 2874 571 2923 qui
614 2873 788 2912 affirmet
831 2886 918 2912 eam
957 2885 1135 2923 causam,
1180 2886 1282 2924 quae
1322 2886 1362 2912 se
1400 2874 1450 2912 ab
1495 2874 1578 2912 ullo
1621 2872 1827 2912 commodo

283 2932 462 2971 mulieris
507 2932 727 2972 abductura
771 2934 841 2982 sit,
891 2932 967 2972 sibi
1012 2932 1225 2972 admodum
1269 2945 1433 2983 grauem
1464 2934 1489 2971 i.
1524 2946 1555 2971 e.
1588 2932 1745 2971 tristem
1789 2936 1829 2971 et

284 2992 494 3031 molestam
526 2993 622 3031 fore.
686 2993 880 3043 Expectes
913 2992 1046 3042 potius
1079 2992 1208 3032 dicere
1242 3006 1329 3031 eum
1362 2993 1515 3031 nullam
1554 3004 1713 3031 causam
1752 2993 1828 3032 sibi

284 3053 381 3091 satis
426 3064 590 3103 grauem
635 3053 830 3102 futuram,
875 3065 956 3103 qua
1000 3055 1219 3093 commotus
1263 3052 1442 3091 mulieris
1486 3052 1735 3092 commodum
1767 3054 1829 3092 ‘sit
