2060 3444
262 252 349 296 328
808 250 910 286 XXX
935 262 970 285 u.
1000 252 1247 286 1021—1024.

263 367 422 415 culpare
459 366 738 405 consociantur
767 364 899 403 Plaut.
926 363 1113 403 Bacchid.
1141 364 1227 404 397
1266 360 1399 404 ‘illum
1435 364 1658 405 laudabunt
1696 365 1806 412 boni,

263 427 367 466 hunc
398 426 520 465 etiam
550 425 629 476 ipsi
661 424 882 475 culpabunt
912 421 1025 463 mali’
1059 424 1167 463 Trin.
1197 425 1283 464 210
1315 421 1484 464 ‘falsone
1516 438 1566 464 an
1598 437 1694 466 uero
1718 424 1806 466 lau·
1833 446 1837 450 -

264 486 358 525 dent
395 486 557 536 culpent
594 497 711 535 quem
749 485 894 534 uelint,
938 497 1018 524 non
1055 484 1169 524 flocci
1204 484 1377 534 faciunt,
1419 485 1514 525 dum
1554 485 1658 525 illud
1700 485 1807 538 quod

264 546 400 585 lubeat
443 541 586 585 sciant’
631 545 700 584 ubi
743 546 839 584 item
885 546 996 584 extat
1038 544 1280 595 asyndeton,
1328 544 1469 586 Horat.
1496 558 1611 585 serm.
1635 545 1657 585 1
1683 547 1722 596 2,
1749 546 1803 586 11

265 603 472 645 ‘laudatur
502 606 553 644 ab
583 605 658 649 his,
691 605 876 656 culpatur
905 604 956 644 ab
980 601 1092 645 illis’.
1113 626 1169 632 —
1187 617 1311 655 neque
1328 607 1488 655 proficit
1510 606 1635 645 hilum
1659 606 1809 658 legitur

264 668 306 705 in
331 667 473 718 fragm.
494 665 636 704 dubiae
657 666 913 705 auctoritatis
935 678 998 716 ap.
1020 664 1100 705 Cic.
1119 665 1234 706 Tusc.
1254 665 1275 705 I
1295 666 1333 716 5,
1356 667 1412 706 10
1432 661 1589 721 (incert.
1609 679 1647 706 u.
1671 659 1807 720 1375)
1871 698 1876 703 .

266 726 371 777 quod
403 726 534 765 adfert
564 726 719 764 Nonius
745 725 770 764 1.
797 738 826 765 s.
853 738 882 765 s.
915 727 956 764 et
985 725 1148 765 uidetur
1178 737 1262 766 esse
1292 725 1426 765 Ennii.

388 780 529 826 1022.
567 786 721 825 Nonius
752 798 790 836 p.
820 786 918 835 181,
944 786 996 825 31
1040 782 1185 825 ‘Teuta
1221 785 1373 826 dictum
1410 798 1483 837 pro
1518 787 1692 826 extensa.
1727 817 1734 825 .
1762 817 1771 826 .
1799 817 1808 826 .

265 848 307 885 et
343 847 385 884 in
421 845 489 884 lib.
516 845 626 884 XXX
665 842 763 885 “hic
800 846 847 885 ut
887 845 1109 895 muscipula
1152 846 1287 886 tentae
1325 858 1425 895 aque
1461 847 1639 898 scorpios
1681 845 1810 887 cauda

265 902 484 946 sublata''.’
553 905 664 945 Idem
702 919 739 957 p.
768 906 873 955 266,
906 907 931 946 3
978 902 1236 946 ‘Contentum
1280 905 1431 947 dicitur
1476 908 1693 947 extensum.
1728 938 1735 946 .
1764 938 1772 946 .
1799 937 1808 946 .
1844 899 1850 907 ’

264 966 444 1006 Lucilius
470 966 537 1005 lib.
564 966 673 1005 XXX
700 962 797 1005 “hic
823 968 869 1005 ut
892 966 1115 1016 muscipula
1139 969 1316 1007 contenta
1341 970 1455 1016 alque
1480 967 1656 1018 scorpios
1682 966 1811 1007 cauda

267 1022 432 1080 (caudas
458 1027 496 1065 L
522 1039 570 1065 m.
600 1020 645 1079 1)
670 1022 890 1066 sublata’'.’
939 1025 1053 1067 Idem
1077 1040 1116 1077 p.
1144 1027 1244 1076 385,
1270 1028 1328 1067 30
1354 1023 1596 1076 ‘Sublatum,
1622 1028 1809 1067 erectum.

268 1118 275 1125 .
298 1118 305 1125 .
327 1117 335 1124 .
361 1086 540 1126 Lucilius
570 1086 638 1125 lib.
665 1086 774 1125 XXX
808 1082 906 1126 “hic
936 1088 982 1126 ut
1012 1087 1262 1139 muscipulae
1292 1089 1424 1127 tantae
1455 1087 1584 1138 adque
1623 1089 1672 1128 ut
1707 1098 1810 1128 scor-

260 1148 357 1196 pius
394 1146 521 1185 cauda
558 1142 779 1186 sublata”.’
847 1146 954 1187 Loco
991 1146 1135 1187 ultimo
1171 1146 1295 1187 uerba
1331 1146 1480 1187 Lucilii
1516 1148 1678 1187 seruata
1718 1148 1813 1187 sunt

267 1207 349 1246 fere
374 1205 533 1259 integra
557 1207 636 1246 nisi
661 1206 769 1257 quod
794 1209 920 1247 tentae
944 1209 986 1247 et
1008 1208 1181 1257 scorpios
1204 1206 1354 1248 formas
1379 1220 1400 1247 e
1426 1207 1627 1258 prioribus
1653 1208 1812 1258 oportet

266 1267 488 1306 restituere.
557 1266 711 1307 Turbas
742 1259 846 1307 'fecit
882 1266 990 1318 quod
1025 1268 1147 1319 poeta
1187 1267 1432 1317 muscipulae
1474 1267 1612 1319 posuit
1654 1267 1812 1318 plurale

267 1328 444 1366 tantum:
481 1327 683 1378 prioribus
715 1328 820 1366 enim
859 1327 957 1367 locis
994 1327 1152 1367 librarii
1188 1327 1433 1380 singularem
1469 1340 1680 1368 numerum
1715 1328 1812 1379 poni

268 1387 507 1427 maluerunt.
552 1385 666 1433 Quod
691 1388 862 1437 scorpios
887 1386 1080 1428 Graecam
1104 1387 1276 1428 formam
1300 1388 1447 1439 posuit,
1477 1388 1520 1427 in
1546 1400 1593 1427 ea
1617 1400 1660 1427 re
1685 1388 1813 1428 secuti

269 1460 358 1486 eum
399 1449 492 1486 sunt
528 1447 769 1487 Arateorum
812 1449 954 1499 poetae
993 1447 1130 1488 Cicero
1167 1446 1427 1488 Germanicus
1464 1447 1644 1487 Auienus
1683 1442 1812 1502 (239)

269 1506 438 1546 Ouidius
464 1507 654 1547 Manilius
679 1508 879 1548 Martialis
904 1502 986 1560 (111
1011 1509 1082 1559 44,
1108 1502 1154 1562 8)
1179 1507 1365 1548 Lucanus
1390 1502 1467 1562 (Dc
1488 1502 1594 1562 533)
1620 1507 1813 1549 Horatius

270 1562 407 1620 (carm.
428 1567 469 1606 Π
492 1569 559 1617 17,
583 1562 656 1621 17)
684 1567 887 1620 Vergilius
913 1563 1065 1622 (georg.
1083 1568 1106 1608 I
1126 1562 1220 1622 35):
1246 1581 1346 1620 quos
1365 1568 1473 1608 locos
1504 1570 1585 1608 tres
1617 1569 1814 1608 extremos

271 1626 429 1676 notaui,
467 1627 523 1667 eis
555 1627 653 1668 locis
685 1627 915 1679 discrepant
945 1628 1098 1669 codices
1130 1629 1250 1668 sicuti
1283 1628 1326 1668 in
1363 1628 1437 1668 hoc
1473 1628 1561 1668 loco
1592 1627 1814 1679 Luciliano,

270 1686 421 1727 Graeca
451 1688 581 1727 forma
611 1689 746 1727 tamen
777 1688 924 1739 ubique
957 1691 1028 1728 aut
1058 1688 1244 1740 eligenda
1274 1690 1321 1729 ut
1350 1688 1593 1729 reconditior
1614 1690 1665 1728 'et
1688 1700 1816 1729 remo-

271 1748 352 1787 tior
384 1760 408 1787 a
438 1747 695 1788 librariorum
726 1749 894 1787 scientia
925 1749 998 1787 aut
1027 1748 1288 1798 restituenda,
1318 1749 1414 1800 quia
1443 1750 1621 1798 scorpius
1645 1749 1816 1788 formam

272 1821 295 1846 a
326 1808 455 1858 poetis
487 1810 724 1859 usurpatam
756 1820 840 1847 esse
873 1810 1067 1858 quantum
1099 1809 1218 1849 uideo
1250 1810 1317 1848 uix
1348 1808 1499 1861 poterit
1533 1808 1816 1849 demonstrari:

271 1869 444 1917 scorpios
482 1868 604 1907 etiam
642 1867 807 1907 Verrius
845 1881 907 1919 ap.
940 1867 1045 1908 Fest.
1071 1882 1109 1919 p.
1141 1869 1223 1908 165
1250 1882 1279 1908 s.
1306 1882 1343 1908 u.
1370 1881 1483 1920 nepa.
1546 1868 1680 1909 Verba
1723 1870 1818 1909 sunt

273 1927 506 1977 aduersarii,
537 1927 744 1967 referenda
776 1940 824 1967 ea
855 1940 939 1967 esse
971 1930 1140 1979 apparet
1174 1928 1225 1967 ad
1256 1928 1458 1968 Lucilium
1494 1928 1628 1980 ipsum
1665 1930 1712 1968 ut
1746 1929 1814 1968 ho-

273 1988 422 2026 minem
453 1987 717 2038 periculosum
751 1989 792 2026 et
820 1986 1075 2027 insidiosum:
1105 1987 1205 2028 bene
1237 1988 1487 2040 explicantur
1511 1988 1613 2028 Hor.
1641 2001 1755 2029 serm.
1775 1987 1818 2028 Π

277 2049 314 2095 1,
341 2048 396 2085 44
430 2043 503 2086 ‘At
526 2047 596 2086 ille
628 2048 699 2098 qui
723 2059 787 2086 me
812 2048 1022 2086 commorit
1042 2069 1099 2074 —
1118 2046 1260 2088 melius
1286 2060 1366 2088 non
1394 2049 1577 2100 tangere!
1609 2049 1738 2088 clamo
1758 2069 1816 2076 -—

274 2106 386 2145 flebit
420 2108 461 2145 et
496 2106 668 2158 insignis
705 2108 794 2146 tota
830 2106 1061 2146 cantabitur
1098 2104 1222 2146 urbe’.
1283 2106 1395 2146 Idem
1421 2107 1441 2146 I
1467 2108 1507 2157 4,
1533 2109 1589 2147 34
1623 2104 1817 2148 ‘Faenum

273 2166 396 2206 habet
426 2166 469 2205 in
501 2178 640 2216 cornu,
676 2166 796 2219 longe
827 2167 938 2219 fuge:
976 2167 1189 2207 dummodo
1225 2167 1352 2207 risum
1389 2167 1567 2207 excutiat
1603 2167 1699 2218 sibi,
1735 2180 1817 2207 non

274 2226 340 2265 hic
378 2226 564 2276 cuiquam
600 2228 739 2277 parcet
775 2228 904 2266 amico
942 2228 983 2267 et
1020 2227 1283 2278 quodcunque
1315 2228 1437 2267 semel
1474 2227 1594 2268 carffis
1630 2227 1818 2278 illeuerit,

275 2286 404 2326 omnis
435 2287 579 2337 gestiet
610 2299 635 2325 a
665 2286 783 2326 furno
814 2287 1018 2327 redeuntis
1058 2288 1158 2327 scire
1190 2288 1359 2338 lacuque
1390 2289 1431 2327 et
1461 2300 1605 2339 pueros
1640 2289 1681 2328 et
1705 2300 1817 2328 anus.

280 2367 331 2372 —
359 2345 555 2397 Agedum,
585 2359 715 2396 pauca
746 2347 881 2398 accipe
915 2344 1083 2387 contra'.
1145 2347 1334 2387 Imitatus
1365 2348 1426 2387 est
1456 2349 1576 2398 poeta
1606 2348 1739 2387 locum
1774 2348 1818 2387 in

277 2405 421 2445 scholis
451 2405 653 2445 rhetorum
686 2406 839 2446 clarum
871 2408 1064 2447 orationis
1096 2407 1375 2448 Demosthenis
1408 2408 1452 2446 in
1482 2407 1659 2461 Aristog.
1685 2407 1733 2447 A.
1761 2408 1816 2447 52

272 2459 369 2504 Ἀλλ’
403 2464 474 2518 οὐχ
512 2459 628 2513 οὗτος
665 2463 784 2506 οὐδὲν
810 2496 819 2505 .
846 2497 854 2505 .
882 2497 889 2505 .
916 2465 1013 2506 ἀλλὰ
1049 2467 1257 2520 πορεύεται
1293 2465 1360 2507 διὰ
1396 2473 1467 2520 τῆς
1503 2465 1652 2521 ἀγορᾶς
1689 2466 1819 2520 ὥσπερ

278 2523 356 2576 ἔχις
400 2522 426 2576 ἢ
470 2525 702 2578 σκορπίος
745 2523 902 2579 ἠρκὼς
945 2525 994 2567 τὸ
1037 2525 1255 2580 κέντρον,
1305 2524 1433 2583 ᾄττων
1481 2526 1600 2580 δεῦρο
1648 2524 1819 2578 κάκεῖσε,

224 2635 229 2638 ¹
279 2589 439 2623 σκοπῶν
475 2584 552 2624 τίνι
582 2583 796 2638 συμφορὰν
826 2583 852 2638 ἢ
883 2586 1141 2638 βλασφημίαν
1176 2584 1203 2639 ἢ
1240 2585 1365 2627 κακόν
1400 2601 1438 2626 τι
1474 2585 1819 2640 προστριψάμενος

278 2641 345 2682 καὶ
388 2643 634 2695 καταστήσας
679 2643 734 2692 εἰς
780 2643 913 2698 φόβον
958 2644 1150 2700 ἀργύριον
1195 2646 1381 2699 πράξεται
1424 2659 1542 2698 quem
1588 2647 1722 2686 locum
1757 2645 1819 2686 bis

280 2704 569 2753 interpretatus
595 2706 656 2744 est
674 2706 814 2744 auctor
831 2705 977 2745 rhetor.
998 2706 1050 2746 ad
1067 2706 1160 2745 Her.
1179 2706 1239 2746 IV
1259 2708 1329 2756 49,
1350 2707 1404 2746 62
1425 2706 1526 2746 med.
1554 2708 1623 2756 39,
1644 2707 1697 2745 51
1719 2706 1820 2756 init,

281 2764 436 2812 spectat
459 2763 602 2803 Pollux
627 2763 685 2802 VI
713 2765 795 2803 125
830 2765 1017 2818 σκορπίος
1049 2766 1175 2817 ζητῶν
1207 2765 1282 2822 ὅτῳ
1322 2764 1529 2819 ἕγχρίμψει
1565 2764 1608 2807 τὸ
1645 2763 1820 2819 κέντρον.

404 2817 547 2863 1024.
579 2823 734 2863 Nonius
765 2837 803 2874 p.
832 2825 931 2874 327,
958 2827 1009 2864 11
1047 2822 1299 2876 ‘Inprobum,
1336 2839 1511 2866 saeuum.
1545 2857 1582 2865 ..
1604 2857 1612 2864 .
1638 2827 1679 2865 et
1702 2825 1819 2865 Luci-

282 2881 359 2920 lius
399 2881 467 2920 lib.
492 2882 603 2921 XXX
647 2880 884 2934 “inprobior
910 2916 917 2923 .
946 2916 953 2923 .
982 2917 988 2923 .
1015 2882 1232 2925 mordet’'.’
1300 2885 1376 2925 Hic
1401 2885 1537 2925 -homo
1581 2886 1739 2925 saeuior
1780 2886 1822 2924 et

282 2941 500 2989 improbior
543 2943 603 2982 est
644 2943 792 2993 multo,
837 2956 959 2994 quam
1002 2945 1133 2985 audax
1173 2945 1243 2984 ille
1287 2945 1335 2984 de
1378 2958 1457 2996 quo
1501 2945 1672 2986 diximus
1716 2946 1819 2983 ante.
1894 2949 1898 2952 ’

285 2998 442 3044 Quanto
472 3000 657 3045 blandior
686 3002 785 3042 haec
821 3003 937 3053 dicit,
973 3006 1088 3044 tanto
1125 3005 1400 3044 uehementius
1437 3004 1563 3044 laedit
1598 3005 1744 3044 fucosis
1781 3005 1822 3044 et
