2060 3444
280 286 364 328 198
823 258 826 259 ⁷
925 283 1010 319 xvl
1034 295 1069 319 u.
1097 286 1175 319 527.

276 397 420 449 ἐκάλει,
463 396 634 436 παιδίων
676 395 837 447 δείματα
846 391 892 450 ¹).
959 397 1101 447 Itaque
1146 410 1193 435 ex
1236 397 1464 436 narratione
1504 398 1698 448 praetoris
1736 398 1808 438 ali·
1859 432 1861 434 ,

278 458 387 497 cuius
420 457 484 496 uel
515 457 640 508 legati
672 456 823 495 dictum
854 457 958 508 regis
983 456 1182 496 Thracum
1212 458 1379 496 nouerat
1403 457 1579 496 Lucilius
1610 458 1716 508 quod
1741 458 1810 497 ille

277 519 425 556 iecerat
456 516 672 566 aliquando
703 517 744 554 in
777 529 955 555 sermone
987 516 1218 555 cottidiano.
1244 538 1302 543 —
1329 515 1441 562 Quod
1467 517 1611 557 dixisse
1636 517 1811 557 traditur

278 577 378 616 duos
415 589 498 616 esse
534 576 811 615 tantummodo
850 577 1006 625 uentos,
1050 578 1228 614 austrum
1266 578 1386 626 atque
1426 577 1670 626 aquilonem,
1713 578 1811 617 haec

278 636 459 676 doctrina
501 635 707 686 popularis
745 637 855 674 extat
891 635 998 686 apud
1031 635 1288 674 Aristotelem
1324 635 1435 686 polit.
1462 635 1486 675 δ
1509 650 1548 687 p.
1576 638 1690 676 1290
1710 649 1734 675 a
1757 639 1809 676 13

279 695 442 747 μάλιστα
474 692 516 734 δὲ
548 695 736 734 δοκοῦσιν
767 690 867 734 εἶναι
899 694 987 745 δύο,
1017 694 1198 748 καθάπερ
1230 693 1294 735 ἐπὶ
1325 700 1403 742 τῶν
1437 695 1672 747 πνευμάτων
1709 694 1812 750 λέγε-

279 770 341 794 ται
377 753 424 794 τὰ
463 752 533 806 μὲν
571 753 705 807 βόρεια
742 753 789 793 τὰ
827 751 869 793 δὲ
899 752 1030 805 νότια,
1066 753 1113 793 τὰ
1146 750 1182 794 δ’
1223 752 1319 794 ἄλλα
1356 754 1505 795 τούτων
1542 755 1812 808 παρεκβάσεις,

279 814 381 854 οὕτω
417 813 483 853 καὶ
519 819 598 853 τῶν
634 816 840 853 πολιτειῶν
878 813 972 865 δύο,
1013 814 1139 866 δῆμος
1175 812 1241 853 καὶ
1279 811 1478 867 ὀλιγαρχία
1513 828 1640 865 neque
1677 817 1812 855 tamen

280 875 491 925 quicquam
529 874 607 914 ista
644 875 799 913 faciunt
836 873 887 913 ad
918 874 1064 912 Lucilii
1100 887 1237 914 uersus
1274 887 1404 924 neque
1440 876 1567 926 mag-is
1606 875 1712 925 quod
1749 888 1811 926 ap.

255 933 418 974 'Isidon
451 935 547 985 orig.
574 934 672 972 XJJI
700 936 767 982 11,
796 935 848 972 14
882 947 928 972 ex
959 934 1140 973 omnibus
1177 935 1308 974 uentis
1347 936 1481 974 auster
1518 936 1559 973 et
1595 935 1812 985 septentrio

280 994 501 1034 cardinales
540 994 794 1044 appellantur
831 1006 958 1043 neque
995 993 1164 1044 denique
1201 1007 1302 1044 quae
1340 994 1520 1045 exposita
1555 995 1814 1034 inueniuntur

282 1054 389 1104 apud
414 1053 544 1092 Strab.
571 1053 591 1092 I
616 1067 653 1104 p.
682 1055 736 1092 29
770 1053 918 1092 similia
949 1053 1046 1092 haec
1078 1051 1171 1092 Εἰσὶ
1204 1051 1246 1092 δέ
1277 1068 1379 1101 τινες
1404 1053 1449 1093 οῖ’
1467 1065 1592 1104 φασιν
1615 1049 1715 1093 εἶναι
1740 1054 1814 1094 δύο

281 1112 373 1161 τοὺς
404 1112 669 1165 κυριωτάτους
698 1110 870 1164 ἀνέμους
900 1110 1044 1166 βορέαν
1075 1111 1141 1152 καὶ
1172 1111 1308 1164 νότον,
1349 1112 1440 1161 τοὺς
1471 1110 1514 1153 δὲ
1545 1110 1687 1162 ἄλλους
1716 1112 1814 1153 κατὰ

281 1171 426 1225 μικρὰν
457 1171 627 1225 ἔγκλισιν
658 1170 881 1225 διαφέρειν,
919 1169 988 1211 τὸν
1019 1169 1090 1224 μὲν
1121 1170 1198 1212 ἀπὸ
1234 1175 1406 1225 θερινῶν
1443 1171 1645 1212 ἀνατολῶν
1682 1167 1814 1226 εὗρον,

281 1237 508 1286 χειμερινῶν
539 1229 582 1271 δὲ
613 1229 853 1283 ἀπηλιώτην,
885 1230 1037 1272 δύσεων
1069 1229 1110 1271 δὲ
1136 1235 1310 1284 θερινῶν
1339 1229 1410 1284 μὲν
1435 1230 1619 1285 ζέφυρον,
1650 1247 1815 1285 χειμερι-

282 1298 365 1332 νῶν
396 1289 438 1331 δὲ
470 1289 670 1344 ἀργέστην.
733 1293 813 1331 Τοῦ
844 1289 886 1332 δὲ
918 1290 990 1331 δύο
1021 1286 1123 1331 εἶναι
1154 1290 1246 1339 τοὺς
1277 1290 1448 1343 ἀνέμους
1479 1298 1685 1332 ποιοῦνται
1717 1292 1815 1346 μάρ-

286 1367 405 1405 τυρας
439 1350 702 1404 Θρασυάλκην
733 1365 771 1390 τε
802 1349 868 1390 καὶ
898 1349 967 1390 τὸν
997 1350 1167 1403 ποιητὴν
1198 1349 1320 1391 αὐτὸν
1351 1355 1402 1406 τῷ
1429 1350 1498 1392 τὸν
1529 1349 1600 1404 μὲν
1624 1350 1816 1405 ἀργέστην

284 1415 337 1465 τῷ
372 1410 470 1467 νότῳ
502 1408 736 1464 προσνέμειν
769 1408 971 1464 *ἀργεστᾶο
1003 1409 1182 1462 Νότοιο’,
1218 1410 1287 1451 τὸν
1325 1408 1366 1450 δὲ
1405 1409 1576 1464 ζέφυρον
1612 1415 1663 1466 τῷ
1696 1410 1815 1467 βορέᾳ

286 1469 444 1523 ’βορέης
475 1469 542 1510 καὶ
573 1469 753 1523 ζέφυρος,
784 1469 836 1510 τώ
867 1484 905 1510 τε
940 1467 1155 1527 Θρῄκηθεν
1185 1468 1336 1522 ἅητον’.
1403 1469 1508 1522 Φησὶ
1539 1468 1581 1510 δὲ
1613 1471 1814 1511 Ποσειδώ-

286 1545 370 1578 νιος
403 1528 554 1582 μηδένα
585 1529 710 1577 οὕτως
735 1527 1055 1583 παραδεδωκέναι
1079 1529 1171 1577 τοὺς
1195 1528 1367 1582 ἀνέμους
1391 1536 1470 1570 τῶν
1494 1530 1704 1583 γνωρίμων
1728 1529 1817 1583 περὶ

283 1595 403 1629 ταῦτα
435 1585 521 1629 οἷον
548 1585 788 1642 Ἀριστοτέλη
823 1587 1051 1641 Τιμοσθένη
1079 1589 1213 1629 Βίωνα
1243 1588 1312 1629 τὸν
1342 1587 1579 1643 ἀστρολόγον
1610 1593 1687 1630 κτλ.
1738 1590 1815 1630 Sed

282 1651 363 1690 ista
391 1649 647 1700 physicorum
678 1649 958 1689 nonnullorum
991 1650 1125 1700 opinio
1150 1650 1252 1688 nihil
1277 1650 1328 1689 ad
1352 1662 1490 1689 uersus
1516 1650 1678 1689 Lucilii:
1710 1651 1816 1701 apud

284 1710 520 1750 Strabonem
552 1711 658 1749 enim
689 1711 972 1760 comparantur
1001 1710 1139 1760 aquilo
1166 1711 1378 1760 austerque
1404 1723 1494 1749 cum
1519 1710 1701 1750 omnibus
1726 1710 1816 1750 reli-

285 1771 374 1820 quis
406 1770 555 1820 uentis,
592 1770 634 1807 in
665 1770 726 1809 his
759 1768 880 1820 Cotys
911 1781 978 1808 rex
1011 1769 1059 1808 ab
1090 1769 1172 1808 illis
1203 1768 1333 1809 uentis
1365 1770 1534 1809 secernit
1563 1782 1642 1809 non
1674 1770 1817 1821 zephy-

284 1843 372 1868 rum
404 1842 542 1868 eurum
574 1829 686 1879 alios,
718 1829 786 1869 sed
819 1826 932 1869 ‘istos
965 1842 1011 1868 ex
1042 1829 1176 1868 nimbo
1209 1826 1426 1878 austeHos’,
1464 1841 1587 1880 genus
1613 1829 1817 1880 quoddam

287 1891 522 1928 austrorum.
579 1889 775 1928 Accurate
807 1890 842 1928 si
872 1889 943 1926 illa
974 1888 1096 1928 uerba
1126 1890 1218 1928 istos
1251 1901 1296 1928 ex
1325 1890 1454 1928 nimbo
1485 1890 1666 1929 austcllos
1696 1891 1817 1929 inter·

284 1951 465 1999 pretatus
503 1948 598 1998 eris,
635 1961 764 1999 neque
801 1948 958 1987 nubilos
998 1949 1153 1988 austros
1189 1948 1396 2000 intelleges
1434 1949 1503 1999 qui
1540 1961 1628 1987 cum
1663 1948 1817 1989 nebulis

285 2009 469 2047 feruntur
512 2009 552 2046 et
596 2008 815 2047 consenties
857 2020 1011 2046 mecum
1054 2007 1252 2047 Lucilium
1300 2009 1455 2047 uertere
1498 2007 1649 2047 Graeca
1696 2009 1819 2048 uerba

286 2066 426 2114 νότους
456 2065 655 2118 ἐκνεφίας,
687 2067 756 2117 qui
787 2067 936 2117 optime
962 2080 1051 2106 cum
1075 2068 1182 2106 iusto
1208 2079 1253 2106 ac
1277 2079 1372 2107 uero
1398 2068 1533 2106 austro
1560 2069 1679 2117 atque
1705 2068 1817 2118 aqui-

287 2127 377 2166 lone
403 2126 707 2176 contenduntur,
736 2126 843 2177 quod
869 2126 917 2166 ab
944 2128 1078 2166 austro
1103 2127 1305 2166 diuersum
1330 2140 1454 2178 genus
1479 2128 1689 2166 uentorum
1714 2130 1817 2167 sunt.

281 2181 493 2237 Ἐκνεφίας
530 2188 633 2225 enim
671 2188 838 2226 uocatur
874 2184 895 2226 ὃ
933 2184 975 2226 ἐκ
1011 2184 1160 2236 νέφους
1196 2184 1356 2238 ἄνεμος,
1397 2186 1680 2238 conf'Hesych.
1707 2186 1815 2226 Suid.

288 2247 332 2285 Ε.
358 2246 410 2285 M.
437 2259 464 2285 s.
491 2259 529 2284 u.
555 2246 603 2285 de
642 2259 719 2296 quo
753 2244 955 2297 [Aristot.]
994 2246 1041 2285 de
1078 2246 1225 2285 mundo
1256 2260 1294 2296 p.
1322 2241 1434 2285 394b
1463 2247 1515 2286 18
1566 2246 1609 2286 οἷ
1642 2243 1684 2286 δὲ
1720 2245 1818 2286 κατὰ

287 2305 401 2359 ῥῆξιν
438 2303 587 2356 νέφους
623 2304 826 2359 γινόμενοι
865 2303 932 2345 καὶ
974 2303 1166 2346 ἀνάλυσιν
1208 2311 1279 2346 τοῦ
1322 2305 1473 2358 πάχους
1513 2304 1612 2358 πρὸς
1653 2304 1818 2355 ἑαυτοὺς

385 2457 419 2501 1)
444 2455 500 2490 Ne
527 2455 574 2490 de
598 2455 748 2490 nomine
774 2454 926 2500 quidem
950 2454 1140 2501 Dionysii
1169 2466 1285 2500 quare
1310 2455 1483 2491 additum
1508 2455 1558 2491 sit
1581 2455 1818 2501 inscriptioni

286 2503 375 2538 libri
407 2503 452 2538 de
485 2502 735 2547 sublimitate,
766 2503 879 2548 plane
911 2504 1074 2538 constat:
1112 2503 1284 2538 additum
1315 2514 1395 2538 esse
1426 2502 1569 2538 nomini
1601 2503 1764 2549 Longini
1795 2514 1818 2539 a

289 2550 469 2587 societate
493 2550 649 2597 ingenii
663 2550 773 2586 sicuti
793 2551 966 2586 Petronio
992 2561 1127 2586 nomen
1150 2550 1304 2586 additur
1321 2550 1471 2586 Afranii
1491 2562 1513 2586 a
1530 2550 1696 2586 librariis
1717 2550 1819 2586 coni-

289 2598 366 2633 ciat
390 2598 538 2643 aliquis.
578 2598 714 2633 Contra
738 2597 911 2633 librarios
937 2598 1080 2634 Aurelii
1099 2609 1235 2634 nomen
1253 2599 1392 2634 temere
1413 2597 1603 2633 addidisse
1624 2598 1817 2644 Propertio

288 2646 326 2680 in
347 2646 537 2681 codicibus
556 2646 723 2680 nondum
743 2646 1037 2681 demonstratum
1057 2647 1131 2681 est:
1151 2646 1264 2681 immo
1285 2645 1523 2681 commendat
1535 2647 1670 2691 poetae
1683 2657 1817 2682 nomen

289 2693 427 2739 duplex
453 2693 596 2729 Aurelii
622 2693 738 2738 Opilii
764 2693 1002 2740 grammatici
1026 2692 1188 2729 nominis
1212 2693 1320 2729 ratio
1372 2692 1532 2729 oracula
1556 2693 1722 2729 uirorum
1754 2694 1819 2729 do-

213 2788 219 2792 ·
290 2742 435 2776 ctorum
468 2741 534 2786 qui
564 2741 702 2776 librum
733 2741 779 2776 de
811 2741 905 2776 subl.
943 2741 1054 2777 modo
1090 2740 1270 2776 Iuliorum
1312 2741 1422 2776 modo
1454 2740 1670 2776 Flauiorum
1707 2741 1818 2777 modo

288 2788 471 2824 Hadriani
497 2788 614 2824 aetati
639 2788 756 2823 tribui
780 2788 912 2825 iubent
936 2800 1010 2824 non
1034 2788 1162 2836 magni
1188 2788 1286 2824 facio
1313 2800 1397 2844 cum
1421 2790 1574 2834 propter
1600 2788 1815 2835 discrepan-

288 2836 382 2871 tiam
414 2838 495 2872 tum
525 2836 610 2871 ideo
643 2836 743 2881 quod
773 2836 883 2871 modo
914 2836 1080 2891 uidimus
1110 2838 1340 2882 quantopere
1371 2836 1411 2871 in
1443 2835 1654 2871 Charitonis
1689 2837 1815 2872 aetate

289 2884 500 2919 definienda
526 2883 677 2919 criticus
703 2884 884 2919 errauerit
902 2883 1175 2937 sagacissimus.
1215 2883 1356 2919 Tamen
1376 2884 1407 2919 si
1427 2883 1656 2929 Byzantinus
1675 2883 1814 2929 aliquis

289 2931 449 2976 Longini
473 2942 609 2967 nomen
634 2931 782 2966 addidit
806 2931 936 2975 titulo,
967 2930 1000 2967 is
1026 2933 1064 2966 et
1089 2931 1424 2977 argumentationis
1450 2933 1488 2966 et
1512 2930 1644 2966 iudicii
1670 2931 1818 2967 ratione

287 2977 399 3023 longe
424 2979 576 3023 superat
594 2978 704 3013 huius
724 2978 860 3014 aetatis
879 2978 1090 3025 philologos
1111 2980 1148 3014 et
1166 2978 1373 3024 theologos,
1399 2990 1556 3024 quorum
1576 2989 1690 3025 opera
1708 2979 1818 3024 quot-

291 3025 397 3060 annis
423 3025 500 3061 fere
524 3025 613 3061 libri
638 3026 761 3062 orbati
786 3037 871 3062 suos
897 3026 970 3063 sibi
995 3025 1194 3062 inueniunt
1217 3027 1353 3073 patres.
