2060 3444
288 293 375 335 202
661 292 746 327 XVI
770 304 805 327 u.
833 294 1031 327 bae-537.
1082 291 1184 327 XVII
1208 304 1243 327 u.
1271 295 1468 328 ses-540.

287 418 359 456 pro
405 403 557 443 Caecin.
593 405 647 443 52
687 402 781 444 ‘non
826 418 871 444 ex
915 405 1046 444 uerbis
1090 406 1228 455 aptum
1265 405 1433 455 pendere
1469 407 1549 455 ius,
1594 406 1659 444 sed
1697 406 1820 445 uerba
1872 425 1874 427 ·

287 464 436 504 seruire
461 465 664 503 hominum
693 462 894 504 consiliis’.
921 486 979 491 —
1005 477 1102 504 onus
1127 461 1285 517 ingens]
1312 465 1517 515 comparat
1541 465 1675 504 Dousa
1701 463 1818 504 Ouid.

291 525 379 564 fast.
414 524 471 561 IV
505 526 586 562 241
636 521 749 563 ‘onus
792 524 967 576 inguinis
1012 522 1156 563 aufert’
1203 523 1346 563 Catull.
1377 525 1509 563 LXIII
1542 526 1566 563 5
1612 522 1815 575 ‘pondera’

287 585 445 623 Petron.
474 585 527 622 92
563 581 788 635 ‘inguinum
819 584 972 634 pondus
1012 586 1095 624 tam
1132 582 1296 636 grande'
1337 579 1527 638 (Martial.
1553 585 1632 623 VII
1659 585 1732 634 35,
1759 579 1817 638 4).

288 644 494 683 Rusticum
534 644 729 693 quendam
770 657 933 683 narrare
964 644 1061 683 11666
1092 644 1139 683 116
1177 645 1300 683 ariete
1338 658 1408 684 suo
1446 645 1612 695 apparet
1643 644 1816 683 uidetur—

288 717 362 753 que
393 703 462 742 ille
494 704 595 742 aries
627 716 719 743 casu
750 703 902 742 infelici
932 704 1082 743 decoris
1115 704 1176 742 sui
1207 703 1344 743 fecisse
1375 705 1579 742 iacturam.

407 757 516 803 537.
549 763 702 802 Nonius
742 777 779 813 p.
802 763 906 814 513,
934 765 987 802 13
1034 761 1255 814 ‘Ignauiter
1296 777 1368 814 pro
1412 763 1567 814 ignaue.
1641 762 1818 803 Lucilius

287 825 512 873 satyrarum
538 822 605 861 lib.
633 823 727 862 XVI
755 820 856 862 “cur
882 854 888 861 .
911 854 919 861 .
942 855 949 862 .
977 820 1194 873 quaeris''.’
1252 823 1478 862 Priscianus
1505 822 1579 862 GL
1603 823 1666 862 ΙΠ
1691 837 1727 874 p.
1752 824 1818 872 71,

270 884 311 931 ,2
327 882 363 920 Κ
396 879 587 922 ‘Lucilius
619 883 816 933 ampliter,
841 880 1081 934 ignauiter'.-
1124 883 1215 922 Non
1241 885 1398 934 oportet
1422 883 1573 922 tradita
1596 884 1816 922 mutentur:

287 943 413 981 ueluti
438 943 501 980 fac
527 943 741 992 quaesiisse
765 944 1035 994 importunum
1060 943 1257 982 hominem
1279 943 1475 993 quendam
1495 942 1600 993 apud
1619 942 1816 982 Lucilium

286 1015 332 1041 ex
363 1002 520 1041 homine
557 1004 672 1054 graui
698 1003 859 1042 fortuna
889 1003 1038 1042 afflicto
1071 1005 1118 1041 ut
1148 1002 1300 1042 ualeret
1330 1003 1394 1042 uel
1426 1014 1628 1053 compares
1658 1001 1818 1042 Horatii

285 1074 423 1101 uersus
454 1074 567 1101 serm.
592 1062 614 1101 1
641 1064 686 1112 3,
713 1063 767 1101 63
808 1060 1041 1113 ‘simplicior
1079 1064 1166 1112 quis
1207 1064 1248 1101 et
1291 1064 1351 1102 est
1395 1063 1550 1112 qualem
1595 1075 1658 1101 me
1700 1075 1816 1112 saepe

285 1122 454 1161 libenter
485 1122 696 1161 obtulerim
726 1122 820 1171 tibi,
850 1122 1075 1171 Maecenas,
1106 1124 1152 1161 ut
1182 1122 1283 1161 forte
1314 1123 1511 1174 legentem
1542 1123 1614 1161 aut
1649 1122 1817 1160 tacitum

285 1182 468 1232 impellat
499 1181 640 1231 quouis
666 1195 843 1221 sermone
868 1179 1084 1222 molestus’.
1137 1181 1263 1221 Carm.
1286 1181 1374 1221 Lat.
1395 1182 1531 1233 Epigr.
1550 1181 1572 1220 I
1592 1182 1690 1231 331,
1714 1180 1816 1220 12Β

285 1237 472 1281 ‘consulis
504 1238 652 1281 stulte’.

969 1495 1138 1551 XVII.

407 1595 516 1640 538.
549 1600 774 1640 Priscianus
806 1599 879 1639 GL
904 1601 945 1639 H
975 1615 1014 1652 p.
1035 1601 1139 1649 475,
1167 1599 1272 1638 25Κ
1304 1597 1495 1638 ‘Lucilius
1526 1599 1568 1638 in
1599 1599 1713 1638 XVII
1746 1598 1816 1650 [ad.

284 1660 526 1711 Penelopam
576 1659 803 1710 conuersus]
850 1657 1099 1710 “nupturum
1148 1661 1188 1698 te
1237 1661 1366 1710 nupta
1409 1654 1596 1713 (nuptam
1638 1659 1817 1699 nonnulli

284 1714 398 1774 codd)
426 1751 433 1757 .
457 1751 492 1759 ..
519 1717 699 1771 speras’'.
760 1720 803 1758 in
827 1721 901 1759 hoc
939 1733 1096 1770 quoque
1135 1719 1448 1758 subaudiendum
1486 1720 1546 1758 est
1582 1714 1742 1769 υἱ6556”,
1773 1718 1813 1759 111

286 1782 346 1819 651
378 1777 630 1830 “nuptarum
661 1776 775 1819 esse''
808 1793 881 1830 pro
915 1776 1116 1830 “nuptum
1147 1776 1250 1829 ire'',
1287 1776 1622 1831 γαμηθήσεσθαι’.
1682 1777 1815 1817 Verba

284 1841 337 1878 ad
368 1841 600 1888 Penelopam
638 1847 846 1878 conuersus
884 1839 1058 1878 eiusdem
1095 1840 1249 1890 generis
1287 1840 1379 1878 sunt
1416 1841 1456 1877 61
1492 1839 1664 1877 auctoris
1696 1840 1815 1888 atque

285 1899 338 1937 ad
373 1900 578 1938 Fundium
621 1912 721 1949 quae
764 1900 951 1950 leguntur
993 1900 1035 1937 in
1079 1899 1254 1938 eiusdem
1297 1898 1549 1949 grammatici
1586 1898 1685 1937 codd
1724 1900 1815 1937 ante

284 1958 427 1997 Lucilii
465 1958 732 2010 fragmentum
768 1959 836 1997 lib.
862 1958 956 1996 XVI
981 1973 1018 1996 11.
1041 1959 1137 1997 532.
1198 1959 1337 2008 Neque
1375 1959 1479 1996 enim
1515 1957 1694 1997 Lucilius
1730 1959 1815 2007 ipse
1858 1980 1868 1987 .

284 2018 515 2068 adloquitur
533 2018 783 2068 Penelopam,
810 2018 877 2056 sed
903 2018 1088 2058 ancillam
1115 2018 1314 2067 quandam
1341 2018 1470 2067 qualis
1496 2019 1581 2056 erat
1602 2017 1815 2067 Eurycleia

285 2077 573 2127 colloquentem
605 2090 693 2116 cum
724 2077 884 2116 domina
914 2077 1071 2116 induxit
1097 2078 1139 2115 in
1164 2077 1238 2116 hac
1263 2078 1408 2116 satura.
1463 2076 1632 2115 Icarium
1658 2078 1814 2126 patrem

283 2136 435 2175 hortari
472 2139 519 2175 ut
555 2137 676 2175 uiduo
716 2137 819 2175 lecto
857 2137 1034 2176 discedat
1063 2137 1173 2175 Vlixi
1210 2136 1347 2175 scribit
1377 2136 1575 2187 Penelopa
1605 2136 1647 2174 in
1679 2135 1812 2174 Ouidii

285 2196 456 2247 epistula
480 2196 501 2234 Ι
527 2197 594 2235 81.
620 2210 679 2223 ·-
704 2195 863 2246 Vlixen]
890 2197 981 2235 uide
1008 2196 1058 2235 ad
1084 2196 1150 2234 lib.
1170 2196 1244 2234 XV
1268 2210 1304 2234 u.
1328 2196 1430 2234 512:
1457 2195 1619 2234 eandem
1643 2194 1813 2234 formam

285 2256 475 2295 Horatius
519 2256 701 2295 adhibuit
742 2258 784 2295 in
828 2257 1071 2295 sermonibus
1096 2256 1138 2302 II
1164 2257 1208 2305 3,
1237 2257 1332 2294 197.
1366 2256 1450 2295 204
1483 2256 1597 2305 epist.
1621 2254 1642 2292 1
1669 2256 1711 2304 2,
1741 2255 1812 2293 18:

291 2316 442 2355 Vlixem
460 2315 629 2355 scaenici
648 2318 694 2354 ut
711 2316 841 2354 Plaut.
861 2316 1045 2355 Bacchid.
1074 2318 1139 2355 21.
1169 2315 1274 2354 2311.
1303 2316 1398 2355 949.
1428 2315 1511 2354 962
1537 2313 1674 2354 Pseud.
1699 2315 1811 2353 1244

283 2375 427 2415 Accius
454 2370 591 2413 TRF³
618 2376 701 2414 488
723 2376 837 2416 Ribb.
865 2398 919 2402 —
945 2373 1178 2426 nuptarum]
1207 2375 1254 2414 de
1278 2375 1407 2414 forma
1430 2374 1640 2413 masculini
1658 2373 1812 2425 generis

283 2435 326 2474 L.
346 2435 559 2474 Muellerus
590 2436 743 2487 relegat
773 2436 962 2474 lectorem
993 2435 1043 2474 ad
1075 2434 1174 2474 Gell.
1199 2435 1220 2473 1
1249 2438 1283 2474 7.
1346 2434 1416 2473 Vti
1453 2435 1610 2473 constat
1639 2434 1812 2485 tragicos

284 2494 453 2534 Graecos
484 2495 688 2545 participii
719 2495 894 2535 mascula
924 2496 1053 2534 forma
1083 2494 1153 2533 ubi
1183 2495 1415 2533 femininam
1443 2495 1623 2544 expectes
1655 2506 1732 2543 quo
1763 2492 1812 2531 de

284 2567 357 2593 usu
400 2556 483 2606 egit
525 2554 571 2593 de
608 2555 945 2594 Wilamowitzius
983 2555 1033 2594 ad
1069 2554 1206 2605 Eurip.
1238 2553 1446 2604 Hippolyt.
1482 2554 1607 2592 1103.
1674 2553 1807 2591 Posuit

283 2614 454 2664 denique
483 2616 601 2664 poeta
632 2618 756 2663 nupta
788 2609 852 2668 (ut
881 2612 1027 2666 γαμετή
1059 2613 1166 2664 apud
1197 2607 1385 2666 Graecos)
1423 2612 1713 2651 nominatiuum
1743 2611 1808 2650 ubi

284 2675 557 2713 accusatiuum
589 2676 766 2724 expectes
793 2687 909 2724 quem
935 2674 1034 2713 codd
1058 2673 1240 2712 nonnulli
1265 2672 1450 2712 exhibent
1474 2671 1592 2711 sicuti
1610 2672 1811 2738 Vergilius

230 2782 235 2786 ι
283 2735 512 2773 uocatiuum
548 2746 620 2784 pro
657 2734 906 2773 nominatiuo
942 2733 1040 2772 Aen.
1066 2733 1107 2796 II
1139 2733 1223 2772 283
1262 2729 1421 2807 ‘quibus
1457 2731 1606 2771 Hector
1643 2732 1691 2770 ab
1732 2731 1810 2770 oris

283 2794 486 2844 expectate
515 2790 656 2832 uenis'.
1236 2806 1238 2808 ’

404 2847 513 2892 540.
544 2853 698 2892 Nonius
729 2867 766 2904 p.
789 2852 857 2902 25,
883 2854 935 2892 31
972 2850 1225 2902 ‘Compernes
1256 2851 1444 2890 dicuntur
1473 2850 1602 2902 longis
1631 2847 1810 2900 pedibus.

283 2911 459 2951 Lucilius
491 2914 717 2962 satyrarum
748 2913 815 2952 lib.
841 2912 957 2951 XVII
982 2907 1115 2965 (XVI
1136 2904 1528 2964 Guelferbytanus)‘
1534 2907 1652 2956 ‘nunc
1676 2921 1809 2948 censes

315 3000 352 3008 ..
389 2972 687 3019 caliplocwmora
729 2970 896 3010 αΛΙΟΦ
905 2972 1055 3011 VPON
1093 2966 1171 3024 (ita
1215 2970 1435 3009 Leidensis:
1479 2968 1814 3008 ΔαΛΟΦΤΡΟΝ

284 3025 432 3083 Guelf.)
469 3031 585 3071 illam
607 3061 614 3068 .
636 3061 643 3068 .
666 3060 672 3069 .
700 3042 824 3078 aquae
861 3031 982 3069 etiam
1008 3061 1016 3068 .
1037 3061 1044 3068 .
1067 3062 1074 3069 .
1107 3030 1206 3069 alias
1242 3030 1371 3068 lenam
1403 3059 1410 3067 .
1433 3059 1440 3066 .
1462 3059 1469 3066 .
1503 3028 1669 3079 quoduis
1706 3026 1813 3066 PIN
