2060 3444
798 254 918 298 XXIX
942 266 978 291 u.
1006 257 1208 290 soe—916.
1701 254 1791 301 303

240 370 346 410 malo
378 371 455 410 niti
487 371 529 408 in
561 369 694 408 uerbis
726 368 887 408 tradit-is
919 371 1111 418 quantum
1141 371 1198 408 est
1226 378 1360 409 rerum
1394 367 1503 419 quod
1540 367 1692 408 dictum
1730 371 1792 408 est

240 431 365 477 sicuti,
392 426 503 482 ‘quid
529 425 676 468 rerum’
710 429 839 468 Plaut.
868 429 960 468 Aul.
989 430 1072 468 117
1106 425 1228 480 ‘quod
1260 425 1528 468 fallaciarmn'
1566 428 1651 468 Mil.
1675 429 1788 469 1156

242 487 453 542 ‘quantum
497 492 558 529 est
600 486 820 528 hominum’
856 488 1001 528 Catuli.
1030 491 1069 539 3,
1096 491 1119 528 2
1161 484 1277 543 (conf
1308 488 1526 528 Lorenzius
1570 489 1620 529 ad
1658 489 1788 529 Plaut.

240 550 380 590 Pseud.
409 544 528 604 339).
594 549 865 590 Oommmvicat
894 551 936 588 in
969 550 1078 588 exitu
1109 561 1248 589 uersus
1280 549 1314 588 si
1345 551 1451 588 recte
1483 548 1678 589 traditum
1717 551 1790 599 est,

240 610 560 663 coniungendum
593 611 670 648 erit
701 623 791 648 cum
824 611 1072 660 accusatiuo,
1109 622 1228 661 quem
1260 612 1451 658 quantum
1483 613 1537 649 est
1567 621 1701 649 rerum
1731 610 1788 649 lo-

241 672 349 710 cutio
382 670 631 722 suppeditat:
663 683 735 721 pro
768 671 998 719 eoniunyat:
1028 672 1278 720 coniungant,
1310 683 1383 721 pro
1410 683 1528 719 quam
1554 671 1649 710 mihi
1673 672 1790 722 posui

240 743 328 771 cum
358 733 507 771 amicis.
571 730 739 781 Sapiens
771 743 860 770 cum
893 731 1032 770 amicis
1065 731 1333 771 communicat
1364 732 1561 781 quantum
1593 732 1654 770 est
1684 732 1791 770 inter

239 792 456 831 humanum
489 803 614 843 genus
645 804 779 830 rerum
811 803 915 842 quae
946 792 1052 830 inter
1083 802 1126 831 se
1158 792 1409 843 coniungant
1439 792 1599 831 amicos.

359 845 472 892 911.
505 851 661 891 Nonius
692 865 729 902 p.
760 852 858 901 234,
885 852 939 890 26
975 848 1123 903 ‘Aptus
1161 851 1363 903 significat
1399 851 1581 903 adeptus.
1616 883 1624 890 .
1647 883 1654 890 .
1677 883 1684 890 .
1710 851 1790 891 Lu-

240 912 356 952 cilius
387 912 456 952 lib.
482 911 677 951 XXVIIH
709 909 788 951 “ut
814 943 821 951 .
844 943 851 951 .
874 943 881 951 .
908 925 986 951 non
1020 908 1201 963 aptus''.’
1262 909 1365 963 foret
1399 911 1558 951 addidit
1587 912 1619 951 I.
1640 912 1788 952 Dousa.

239 972 328 1012 Huc
353 973 552 1024 pertinere
579 973 721 1024 fragm.
741 972 880 1011 incert.
900 986 938 1011 u.
962 973 1075 1012 1169
1101 971 1323 1011 arbitratur
1340 972 1640 1012 Lachmimnus:
1666 986 1787 1024 quam

239 1033 518 1072 similitudinis
549 1033 747 1072 rationem
778 1046 857 1072 non
888 1033 1099 1084 perspicio.

360 1087 472 1134 912.
503 1093 658 1132 Nonius
690 1107 727 1144 p.
750 1094 848 1142 360,
876 1094 931 1132 24
966 1090 1151 1144 ‘Offerre,
1190 1093 1345 1139 adferre
1377 1087 1534 1147 (efferre
1567 1089 1788 1148 Guelferb.)
1821 1118 1824 1121 -

238 1153 417 1194 Lucilius
447 1153 515 1192 lib.
535 1153 731 1192 XXVIIII
770 1150 846 1192 “ut
881 1166 987 1193 nunc
1016 1154 1090 1194 hac
1119 1166 1163 1193 rc
1189 1185 1196 1192 .
1220 1186 1227 1192 .
1249 1184 1258 1192 .
1285 1150 1489 1193 offeras''.'
1552 1156 1596 1193 in
1633 1154 1790 1193 addidit

239 1213 530 1260 Quicheratius.
563 1235 617 1240 —
651 1225 760 1263 opem
785 1216 900 1262 atquc
925 1215 1131 1261 auxilium,
1162 1213 1434 1265 hendiadyoin
1458 1216 1505 1253 ut
1530 1227 1665 1266 saepe:
1696 1214 1789 1254 uide

238 1274 357 1313 indic.
389 1287 556 1327 gramm.
589 1287 618 1313 s.
651 1287 688 1313 u.
719 1274 994 1325 hendiadyoiw.
1028 1274 1108 1315 Cic.
1140 1274 1264 1314 diuin.
1297 1276 1341 1313 in
1379 1274 1522 1314 Caecil.
1558 1276 1602 1325 2,
1636 1276 1661 1313 4
1703 1272 1789 1326 ‘qui

239 1347 356 1386 opem
375 1347 401 1374 a
418 1347 482 1374 me
501 1336 623 1385 atque
649 1334 843 1374 auxilium
869 1331 1079 1386 petissent’
1106 1336 1150 1375 in
1175 1334 1286 1374 Verr.
1307 1335 1349 1374 II
1371 1336 1408 1385 3,
1431 1336 1455 1374 9
1485 1332 1645 1386 ‘quibus
1673 1349 1788 1386 opem

239 1395 512 1446 auxiliumque
549 1391 722 1434 ferretis'
763 1395 901 1434 quen.
928 1395 1023 1435 XIV
1052 1396 1136 1435 183
1177 1392 1363 1446 ‘quorum
1408 1409 1482 1447 ope
1526 1398 1566 1435 et
1610 1393 1788 1435 auxilio’.

239 1454 362 1499 Venit
392 1455 538 1495 mulier
568 1455 618 1495 ad
651 1457 871 1495 amatorem
904 1468 1006 1506 quae
1038 1456 1235 1495 auxilium
1267 1457 1390 1508 petat.

359 1509 472 1557 913.
509 1515 665 1556 Nonius
703 1530 741 1567 p.
769 1516 874 1566 364,
907 1518 931 1555 4
980 1513 1224 1556 ‘Periculum
1271 1518 1332 1556 est
1376 1517 1519 1556 salutis
1563 1517 1787 1556 discrimen.

240 1606 248 1614 .
271 1607 278 1615 .
301 1607 308 1614 .
333 1575 513 1615 Lucilius
550 1575 619 1615 lib.
639 1576 835 1615 XXVIIII
874 1573 1008 1616 “adde
1035 1607 1043 1614 .
1065 1607 1072 1616 .
1095 1608 1102 1617 .
1129 1578 1306 1626 periculo
1345 1590 1391 1616 ex
1430 1574 1630 1616 ordine”.’
1700 1591 1788 1617 meo

239 1636 427 1688 periculo,
468 1638 514 1675 ut
557 1635 687 1675 Plaut.
719 1636 820 1675 Rud.
853 1638 938 1676 432
986 1634 1137 1676 ‘nostro
1187 1636 1303 1676 illum
1347 1639 1512 1687 puteum
1556 1638 1704 1687 periclo
1750 1641 1789 1677 et

239 1696 490 1743 ferramentis
528 1693 715 1736 fodimus'
764 1697 876 1736 1393
918 1694 1081 1736 ‘mirum
1118 1698 1215 1752 quin
1253 1699 1366 1736 tuom
1409 1699 1471 1736 ius
1510 1710 1598 1737 meo
1639 1698 1787 1748 periclo

240 1768 311 1807 aps
354 1757 394 1796 te
438 1753 637 1807 expetam'
691 1755 778 1796 Cas.
806 1758 891 1796 293
932 1754 1068 1796 ‘Liber
1111 1758 1145 1797 si
1183 1757 1277 1807 sim,
1320 1770 1408 1796 meo
1452 1759 1601 1808 periclo
1633 1758 1788 1797 uiuam:

238 1829 343 1856 nunc
367 1817 464 1856 uiuo
494 1813 601 1867 tuo'3
634 1829 679 1855 cx
717 1817 855 1856 ordine
892 1818 1213 1870 coniungendum
1250 1830 1341 1857 cum
1378 1830 1509 1858 omnes
1550 1820 1596 1857 ut
1628 1817 1706 1857 Cic.
1739 1819 1788 1859 de

238 1877 314 1928 leg.
340 1888 434 1929 agr„
450 1877 470 1916 I
496 1878 522 1915 4
563 1873 719 1916 ‘uendit
762 1877 906 1917 Italiae
949 1879 1217 1929 possessiones
1262 1891 1308 1917 ex
1352 1878 1491 1918 ordine
1531 1875 1696 1919 omnes’.
1729 1901 1788 1906 —

239 1937 357 1983 alios,
400 1938 587 1988 reliquos.
656 1937 826 1977 Videtur
870 1950 954 1978 esse
997 1938 1233 1989 imperfecta
1276 1938 1493 1978 sententia:
1547 1938 1648 1978 adde
1686 1939 1788 1979 alios

239 2009 375 2036 omnes
418 2010 507 2038 meo
551 1999 714 2049 sumptu
757 1998 826 2049 qui
867 1999 1010 2038 uolunt
1053 1999 1191 2038 uiuere
1237 2001 1277 2038 et
1319 2012 1407 2039 meo
1458 2012 1560 2039 aere.
1635 1999 1788 2046 Quibus

238 2056 370 2097 uerbis
413 2058 483 2097 ille
528 2060 684 2098 amator
726 2060 936 2109 penuriam
980 2071 1171 2099 excusans
1214 2060 1422 2099 mul-ierem
1473 2072 1498 2098 a
1541 2073 1582 2099 se
1626 2061 1788 2111 aspellit

237 2119 457 2170 rogantem.

358 2172 472 2219 914.
503 2178 658 2219 Nonius
684 2193 722 2230 p.
744 2180 843 2229 330,
871 2181 922 2218 21
955 2176 1181 2229 ‘Insultare,
1206 2180 1438 2220 iniuriosius
1464 2180 1620 2233 aliquid
1645 2174 1786 2220 dicere.

238 2237 416 2278 Lucilius
447 2239 516 2277 lib.
548 2239 743 2278 XXVIIII
775 2236 960 2279 “insulta
995 2271 1001 2278 .
1031 2271 1037 2278 .
1067 2271 1074 2279 .
1108 2242 1142 2278 te
1168 2270 1175 2278 .
1198 2271 1206 2279 .
1230 2271 1236 2278 .
1257 2237 1382 2280 me'’.’
1445 2242 1492 2280 tu
1523 2241 1786 2280 Passeratius.

238 2297 494 2338 Vociferatur
536 2299 680 2338 mulier
729 2312 798 2349 spe
843 2300 970 2349 elusa,
1023 2302 1180 2339 amator
1224 2313 1311 2339 eam
1355 2302 1530 2352 castigat
1571 2314 1612 2340 se
1656 2302 1787 2352 ipsum

239 2357 476 2397 miserando.

334 2412 470 2459 ’915.
503 2418 658 2458 Nonius
697 2432 734 2469 p.
757 2420 832 2468 36,
859 2421 883 2458 5
919 2417 1204 2471 ‘Subplantare
1243 2420 1395 2460 dictum
1433 2422 1493 2460 est
1523 2421 1665 2472 pedem
1697 2422 1786 2461 sub-

239 2490 395 2527 ponere.
457 2478 636 2518 Lucilius
673 2479 869 2519 XXVIIII
902 2476 1192 2531 “subplantare
1231 2475 1512 2534 (supplantare
1545 2482 1583 2520 L
1614 2494 1665 2520 m.
1685 2483 1715 2521 2
1730 2481 1785 2536 G)

241 2538 355 2577 aiunt
403 2535 597 2590 graeci”.'
662 2538 829 2579 Addunt
883 2540 980 2580 olim
1036 2540 1220 2591 impressi
1276 2538 1561 2588 ’ὑποσκελίζειν
1611 2539 1787 2592 dicitur',

239 2596 378 2636 Iunius
411 2595 692 2647 ’ὑποσκελίζειν
725 2596 890 2639 dicunt'.
947 2600 1199 2640 Vocabulum
1229 2600 1419 2640 Latinum
1448 2601 1610 2641 uidetur
1634 2603 1787 2653 primus

240 2655 397 2696 finxisse
428 2657 606 2698 Lucilius
638 2659 744 2710 quod
775 2662 1011 2712 receperunt
1040 2662 1134 2712 post
1163 2674 1254 2701 eum
1286 2662 1446 2701 litterae
1471 2661 1652 2701 Latinae.
1703 2662 1787 2701 Nec

239 2718 300 2756 est
344 2717 450 2767 quod
493 2717 687 2765 Graecum
729 2720 832 2759 illud
872 2722 1070 2771 expectes:
1115 2734 1209 2761 uam
1252 2722 1388 2774 agitur
1431 2721 1479 2760 de
1522 2722 1786 2762 translatione

240 2776 354 2815 uerbi
386 2789 465 2827 qua
495 2778 557 2816 uti
587 2779 718 2818 solent
748 2778 890 2820 Graeci
915 2781 1043 2820 ueluti
1068 2781 1181 2820 Plat..
1198 2781 1374 2832 Euthyd.
1401 2795 1438 2832 p.
1461 2782 1546 2820 278
1561 2782 1595 2821 Β
1621 2781 1686 2821 διὰ
1714 2782 1786 2834 τὴν

240 2841 319 2875 τῶν
349 2832 558 2888 ὀνομάτων
591 2837 791 2891 διαφορὰν
823 2838 1089 2887 ὑποσκελίζων
1120 2839 1186 2880 καὶ
1219 2839 1460 2893 ἀνατρέπων.

361 2890 473 2937 916.
515 2897 670 2936 Nonius
701 2911 738 2948 p.
767 2900 871 2949 303,
906 2901 959 2938 13
1007 2897 1153 2950 Terre,
1198 2900 1364 2941 adferre.
1501 2901 1678 2946 Lucilius
1716 2902 1783 2940 lib.

241 2955 436 2996 XXVIIII
469 2953 688 3008 “colligere
715 2989 722 2996 .
746 2990 753 2996 .
775 2990 782 2997 .
809 2956 996 3005 feram’'.'
1055 2959 1264 2999 Sententia
1294 2963 1355 3000 est
1380 2961 1565 3007 obscura:
1597 2962 1785 3012 suppleas

241 3015 314 3054 hoc
340 3015 422 3064 fere
447 3016 564 3056 modo
593 3014 677 3055 ‘nec
704 3018 840 3057 studui
858 3020 1008 3066 uictum
1030 3033 1092 3059 me
1112 3020 1215 3059 hunc
1236 3021 1389 3060 alienae
1409 3021 1568 3060 mulieri
1587 3022 1786 3074 colligere,
