2060 3444
286 283 371 325 164
872 282 956 319 xm
980 297 1015 321 u.
1042 289 1244 322 438—440.
1284 303 1286 305 -

283 397 416 434 omnia
453 396 652 446 disyllabo
691 399 848 436 constat
879 398 1051 449 Vergilii
1087 399 1267 438 uersibus
1301 395 1416 453 (Aen.
1436 400 1494 438 VI
1521 401 1575 439 33
1609 413 1741 453 georg.
1767 400 1824 439 IV
1887 391 1889 393 ’

287 458 367 494 221
417 455 482 494 ubi
513 455 605 495 uide
636 453 911 511 interpretes),
942 458 1012 497 ubi
1043 460 1139 498 item
1171 461 1212 498 in
1245 461 1352 498 exitu
1383 473 1520 500 uersus
1552 462 1716 510 ponitur
1746 473 1825 510 qua

285 516 375 554 sede
398 528 535 555 uersus
555 516 754 555 Lucilium
775 519 973 568 synizesin
993 519 1115 557 sicuti
1135 520 1235 558 alios
1256 519 1461 559 admisisse
1481 522 1649 570 apparet
1668 534 1704 558 u.
1727 521 1824 559 328.

284 576 426 626 Itaque
458 576 758 615 Lachmannum
786 579 898 628 sequi
930 578 1071 617 melius
1098 592 1181 618 esse
1207 592 1312 618 nunc
1339 579 1522 618 arbitrati
1549 592 1702 619 sumus:
1734 580 1825 619 uide

284 636 402 674 indic.
430 649 595 687 gramm.
622 650 650 675 s.
671 650 708 675 u.
730 638 931 687 synizesis.
960 659 1014 664 —
1042 638 1273 677 Dominium
1301 640 1528 690 appellatur
1553 653 1629 678 non
1657 639 1825 690 quoduis

285 697 526 745 conuiuium,
571 696 640 735 sed
685 697 825 747 epulae
870 697 1079 737 sollemnes
1130 699 1334 737 hominum
1383 699 1577 738 nobilium
1627 699 1678 739 ad
1728 695 1826 750 quo's

286 768 498 795 conuersus
531 755 667 795 Cicero
699 757 810 795 Verr.
831 756 892 795 ΙΙΙ
920 759 943 796 9
973 755 1104 797 ‘huius
1138 760 1302 810 argento
1335 758 1511 798 dominia
1536 760 1682 808 uestra,
1709 759 1826 798 huius

285 817 409 868 signis
455 818 494 854 et
543 816 691 855 tabulis
735 817 865 856 forum
909 818 1193 868 comitiumque
1237 815 1413 857 ornari?'
1490 817 1588 858 Gell.
1620 818 1662 858 Π
1693 820 1767 869 24,
1799 821 1824 858 2

272 873 463 915 '‘senatus
501 876 703 915 decretum
741 879 856 916 uetus
977 879 1019 916 in
1064 891 1141 927 quo
1179 878 1366 917 iubentur
1402 879 1599 929 principes
1638 879 1828 928 ciuitatis,

285 938 355 987 qui
398 935 502 975 ludis
546 936 839 987 Megalensibus
883 939 1050 987 antiquo
1094 939 1176 976 ritu
1219 939 1471 987 mutitarent,
1515 939 1556 976 id
1597 940 1658 977 est
1687 940 1827 978 mutua

285 998 392 1035 inter
423 1008 506 1035 sese
532 996 709 1035 dominia
741 998 960 1047 agitarent,
998 999 1129 1036 iurare
1157 1030 1163 1036 .
1187 1029 1193 1036 .
1216 1029 1223 1036 .
1250 1011 1329 1037 non
1367 998 1538 1049 amplius
1575 1000 1615 1036 in
1649 999 1826 1050 singulas

286 1069 402 1096 cenas
439 1057 620 1106 sumptus
659 1069 699 1095 se
737 1069 820 1095 esse
861 1058 1036 1097 facturos
1070 1070 1190 1108 quam
1222 1060 1406 1096 centenos
1438 1059 1676 1108 uicenosque
1708 1055 1824 1097 aeris'

286 1130 317 1154 e.
339 1130 375 1166 q.
397 1129 425 1155 s.
481 1115 620 1166 Neque
648 1116 857 1155 obscurum
884 1118 944 1156 est
976 1130 1054 1167 quo
1080 1119 1231 1167 spectet
1256 1117 1402 1157 Lucilii
1427 1130 1582 1157 uersus:
1610 1115 1826 1168 ‘primum’,

285 1177 437 1226 inquit,
470 1172 565 1214 ‘non
585 1176 760 1227 singula,
793 1176 860 1215 sed
893 1178 1028 1215 omnia
1059 1178 1246 1216 conuiuia
1277 1177 1534 1228 collegiorum
1565 1180 1605 1216 et
1636 1177 1828 1217 sodalicia

286 1237 374 1286 ipsa
405 1232 567 1274 tollant’
607 1237 676 1286 qui
713 1236 911 1274 luxuriam
950 1238 990 1275 et
1027 1249 1206 1276 annonae
1244 1238 1453 1276 caritatem
1484 1237 1623 1276 tollere
1655 1236 1825 1276 student.

286 1295 390 1334 Nam
434 1295 528 1335 illae
566 1296 825 1347 collegiorum
869 1309 988 1335 cenae
1026 1309 1146 1336 causa
1189 1299 1229 1335 et
1273 1298 1384 1348 origo
1428 1299 1523 1336 sunt
1565 1297 1744 1336 luxuriae
1787 1301 1827 1335 et

287 1358 485 1405 sumptus:
524 1355 652 1394 Varro
690 1369 762 1394 rer.
789 1358 885 1395 rust.
913 1356 972 1394 ΙΙΙ
1001 1358 1044 1405 2,
1074 1358 1125 1395 16
1166 1353 1249 1396 ‘sed
1287 1357 1336 1395 ad
1373 1357 1477 1395 hunc
1514 1356 1649 1395 bolum
1680 1351 1742 1410 (id
1773 1359 1829 1395 est

287 1418 439 1455 lucrum
477 1427 522 1454 ex
560 1416 686 1454 turdis
722 1416 934 1454 diuemlitis
969 1411 1136 1469 factum)
1173 1419 1217 1454 ut
1256 1418 1483 1467 peruenias,
1514 1429 1613 1466 opus
1645 1417 1721 1454 erit
1751 1416 1827 1455 tibi

288 1478 359 1515 aut
390 1475 551 1525 epulum
584 1477 654 1513 aut
679 1475 904 1525 triumphus
936 1476 1117 1525 alicuius,
1148 1478 1194 1514 ut
1218 1478 1313 1514 tunc
1338 1475 1417 1515 fuit
1442 1475 1638 1526 Scipionis
1662 1476 1827 1525 Metelli,

288 1539 359 1574 aut
396 1535 654 1586 collegiorum
693 1547 829 1584 cenae,
874 1548 974 1585 quae
1015 1548 1118 1575 nunc
1155 1535 1464 1574 innumerabiles
1502 1535 1828 1574 excandefaciunt

288 1608 485 1634 annonam
524 1591 696 1633 macelli’
731 1607 761 1633 e.
783 1608 819 1645 q.
839 1608 868 1633 s.
931 1595 1086 1634 Reuera
1125 1592 1183 1634 ‘L.
1210 1595 1313 1635 Iulio
1347 1595 1387 1634 O.
1413 1595 1562 1634 Marcio
1601 1595 1827 1634 consulibus

288 1651 418 1710 (69οβ
425 1649 500 1708 64)
529 1686 536 1693 .
559 1686 566 1692 .
588 1686 596 1693 .
623 1657 782 1694 senatus
815 1655 995 1694 consulto
1022 1655 1190 1707 collegia
1216 1655 1375 1694 sublata
1394 1657 1487 1694 sunt
1512 1668 1613 1706 quae
1639 1654 1828 1694 aduersus

288 1714 575 1765 rempublicam
628 1714 867 1753 uidebantur
910 1727 993 1754 esse
1126 1718 1217 1765 post
1259 1712 1289 1766 †
1333 1728 1472 1754 nouem
1519 1715 1659 1754 deinde
1703 1727 1826 1754 annos

289 1788 408 1825 quam
447 1774 605 1813 sublata
643 1776 757 1813 erant
787 1774 830 1813 P.
853 1774 1014 1814 Clodius
1044 1777 1093 1814 tr.
1114 1775 1167 1825 pl.
1200 1775 1286 1826 lege
1324 1775 1408 1814 lata
1445 1775 1622 1814 restituit
1659 1774 1828 1825 collegia

290 1830 515 1888 (696s58)’
555 1836 716 1873 auctore
762 1834 900 1873 Ascon.
926 1835 968 1873 in
999 1835 1130 1873 Pison.
1156 1848 1193 1885 p.
1216 1836 1260 1884 6,
1288 1834 1445 1874 2OKS.
1508 1835 1625 1872 Anno
1659 1830 1825 1886 698s56

291 1893 468 1934 ‘senatus
500 1894 725 1932 consultum
757 1895 909 1933 factum
942 1896 1013 1942 est,
1040 1897 1085 1933 ut
1111 1894 1346 1933 sodalitates
1366 1894 1638 1944 decuriatique
1657 1893 1828 1933 discede-

289 1951 393 1993 rent’
427 1948 527 2007 (Cio.
548 1954 599 1992 ad
631 1952 765 1998 Quint.
792 1954 838 1991 fr.
865 1954 906 1992 ΙΙ
933 1955 971 2002 3,
999 1949 1056 2007 5).

409 2007 521 2053 440.
553 2013 708 2052 Nonius
733 2026 770 2063 p.
787 2014 884 2063 216,
908 2015 959 2052 17
984 2010 1142 2052 ‘Ostrea
1168 2043 1176 2052 .
1199 2045 1205 2051 .
1227 2046 1235 2054 .
1262 2013 1393 2052 neutri
1420 2044 1428 2052 .
1450 2044 1457 2052 .
1480 2044 1487 2051 .
1514 2013 1617 2052 idem
1643 2013 1828 2052 lib..XIII

291 2071 397 2113 “hoc
424 2104 432 2111 .
454 2103 461 2111 .
484 2104 492 2111 .
519 2069 713 2122 empta''.'
766 2072 881 2111 Anno
910 2074 1106 2126 639s115
1135 2073 1342 2123 conchylia
1367 2073 1418 2111 M.
1439 2073 1634 2111 Aemilius
1655 2072 1827 2112 Scaurus

291 2134 427 2172 consul
463 2133 638 2171 traditur
674 2132 867 2172 ademisse
899 2133 1004 2172 cenis
1035 2133 1122 2184 lege
1154 2146 1227 2172 sua
1259 2133 1522 2183 sumptuaria:
1562 2129 1697 2184 ‘glires
1730 2145 1827 2182 quos

291 2194 491 2232 censoriae
515 2193 623 2243 leges
649 2192 911 2243 princepsque
936 2193 988 2231 M.
1010 2193 1181 2233 Scaurus
1205 2193 1247 2231 in
1273 2193 1481 2232 consulatu
1506 2205 1585 2231 non
1611 2191 1690 2231 alio
1710 2191 1826 2230 modo

291 2254 396 2298 cenis
434 2252 613 2291 ademere
649 2249 753 2304 <ac>
790 2253 999 2303 conchylia
1036 2254 1107 2291 aut
1144 2265 1190 2291 ex
1227 2253 1308 2291 alio
1345 2251 1438 2291 orbe
1476 2254 1684 2292 connectas
1716 2248 1825 2290 aues’

291 2308 412 2366 (Plin.
439 2314 520 2351 nat.
540 2312 631 2351 hist.
652 2311 751 2350 VIII
773 2307 890 2366 223).
947 2312 1022 2352 Sed
1049 2313 1249 2351 consulem
1274 2312 1408 2351 omnia
1433 2313 1593 2353 omnino
1619 2311 1828 2362 conchylia

291 2372 436 2411 mensis
467 2371 649 2410 adhiberi
678 2372 852 2411 uetuisse
884 2373 991 2411 credi
1018 2373 1169 2422 nequit,
1201 2373 1296 2422 quia
1324 2372 1476 2424 legibus
1502 2372 1763 2422 sumptuariis
1789 2372 1828 2410 et

291 2432 423 2470 Italici
454 2431 692 2470 tenebantur
722 2427 914 2485 (Macrob.
934 2431 995 2470 III
1024 2433 1090 2480 17,
1118 2427 1162 2484 6)
1195 2434 1235 2470 et
1258 2432 1438 2470 homines
1464 2431 1515 2470 ad
1540 2444 1650 2470 oram
1675 2431 1826 2479 mariti-

293 2505 398 2530 mam
441 2491 668 2541 habitantes
712 2503 844 2530 arcere
888 2493 967 2531 isto
1011 2491 1098 2530 cibo
1141 2493 1326 2530 insanum
1374 2493 1471 2530 erat.
1544 2490 1624 2542 Agi
1667 2489 1828 2529 uidetur

291 2551 570 2590 tantummodo
608 2551 655 2589 de
692 2551 811 2590 nimis
848 2551 1032 2602 pretiosis
1074 2551 1215 2591 ostreis
1248 2552 1288 2590 et
1319 2550 1365 2588 de
1397 2550 1614 2600 conchyliis
1645 2551 1826 2588 luxuriae

292 2623 411 2650 causa
449 2611 499 2649 ad
537 2623 674 2650 cenam
711 2612 951 2661 comparatis
990 2612 1186 2650 extraneis
1225 2612 1265 2649 et
1294 2610 1571 2649 transmarinis
1602 2609 1721 2649 sicuti
1751 2609 1775 2648 1.
1797 2622 1826 2647 s.

292 2671 340 2710 de
372 2670 512 2709 auibus
544 2670 719 2709 eiusdem
749 2672 922 2722 generis:
954 2671 1051 2709 item
1076 2671 1215 2721 postea
1240 2683 1418 2709 censores
1443 2671 1649 2721 unguenta
1673 2670 1828 2707 exotica

208 2736 214 2740 ”
293 2733 333 2769 et
368 2732 467 2769 uina
499 2729 649 2768 Graeca
679 2742 908 2781 oppressere
940 2725 1061 2784 (Plin.
1087 2731 1113 2768 l.
1139 2742 1168 2769 s.
1188 2729 1287 2768 XIII
1313 2730 1368 2768 24
1400 2729 1495 2767 XIV
1522 2724 1608 2782 95).
1671 2728 1749 2766 Sed
1784 2728 1827 2766 in

294 2803 390 2829 cena
427 2790 497 2841 qui
535 2789 696 2829 milibus
733 2803 938 2828 nummum
977 2792 1109 2829 ostrea
1140 2790 1275 2840 empta
1305 2788 1435 2837 dabit,
1465 2789 1499 2827 is
1531 2789 1572 2827 et
1600 2788 1756 2826 Fannia
1787 2789 1827 2826 et

292 2849 448 2888 Licinia
490 2850 578 2901 lege
620 2851 779 2889 tenetur
822 2862 923 2899 quae
966 2862 1015 2888 ne
1057 2850 1168 2888 festis
1210 2847 1369 2898 quidem
1406 2847 1543 2887 diebus
1579 2847 1669 2898 plus
1707 2859 1827 2897 quam

294 2911 478 2948 centenos
510 2911 581 2947 aut
611 2909 781 2948 ducenos
813 2921 919 2948 asses
943 2908 1120 2960 impendi
1143 2910 1187 2947 in
1211 2921 1349 2947 cenam
1374 2920 1515 2957 passae
1540 2908 1622 2946 sint
1647 2901 1765 2960 (Gen.
1786 2905 1827 2943 II

296 2969 364 3017 24,
388 2969 424 3006 5.
449 2970 471 3006 7
493 2969 664 3007 Macrob.
685 2968 747 3007 III
770 2970 835 3017 17,
857 2964 913 3021 9).
964 2968 1023 3007 De
1043 2968 1170 3007 turbis
1189 2968 1277 3018 lege
1295 2967 1368 3006 illa
1387 2966 1559 3005 Aemilia
1578 2965 1826 3015 sumptuaria

294 3028 379 3066 lata
417 3040 519 3065 anno
559 3024 756 3074 639s115
790 3028 939 3066 Romae
977 3028 1092 3066 factis
1131 3027 1289 3065 uidetur
1328 3026 1401 3065 hoc
1432 3026 1534 3064 libro
1565 3026 1700 3064 actum
1731 3037 1814 3063 esse
