2060 3444
279 253 336 297 58
867 251 919 289 111
943 264 978 288 u.
1007 257 1073 289 121
1085 256 1205 290 ——123.

402 360 510 407 121.
554 366 736 406 Donatus
793 365 844 406 ad
892 366 1069 406 Terentii
1116 366 1397 407 Phormionem
1427 367 1447 406 Ι
1479 368 1518 418 3,
1545 369 1597 407 11
1651 363 1814 408 ‘Amore

280 426 458 466 abundas
489 426 679 477 Antipho.
729 425 944 466 Abundare
975 426 1122 466 dicitur
1154 427 1223 477 qui
1254 439 1434 467 successu
1458 440 1646 479 prospero
1672 428 1812 469 affluit.

279 486 456 526 Lucilius
498 485 601 526 libro
643 486 764 526 tertio
809 482 910 525 “ille
955 486 1057 526 alter
1101 481 1254 541 (autem
1294 481 1421 541 Roo)
1453 518 1461 526 .
1495 518 1503 526 .
1538 519 1545 526 .
1577 489 1729 538 septem
1770 489 1813 527 in
1870 516 1872 519 -

279 547 405 586 locum
434 547 496 585 his
519 547 659 595 pinnis
688 560 718 585 r.
740 559 774 585 a.
794 560 824 585 r.
837 543 930 595 p”.’
994 545 1218 586 Scholiasta
1251 546 1455 587 quenalis
1480 547 1543 586 ΠΙ
1570 548 1654 587 158
1695 545 1814 587 ‘inter

280 606 489 657 Pinnirapi
520 606 647 646 cultos
677 603 869 646 iuuenes'.
932 603 1031 645 ‘Aut
1060 606 1150 646 ideo
1181 607 1431 658 pinnirapos,
1469 607 1564 657 quia
1597 608 1740 658 pinnas
1770 608 1814 647 in

280 666 406 718 galeis
448 666 667 715 habebant,
710 668 756 705 ut
791 665 970 706 Lucilius
1010 663 1132 705 “cum
1175 668 1326 718 septem
1357 696 1366 705 .
1393 697 1401 705 .
1429 698 1437 706 .
1469 664 1570 706 se’'.'
1632 667 1814 707 Describi

278 728 393 777 patet
423 739 559 778 pugna
591 725 831 778 gladiatoria
862 727 981 765 sicuti
1011 726 1079 765 lib.
1105 726 1164 765 IV
1188 740 1224 765 u.
1255 727 1337 765 149
1351 738 1457 777 seqq.
1512 726 1626 766 Hanc
1658 740 1814 777 quoque

281 785 440 837 Capuae
473 787 725 826 commissam
756 798 839 825 esse
869 786 1064 836 probatur
1095 786 1150 826 eis
1183 799 1284 837 quae
1317 785 1459 826 Strabo
1483 785 1522 824 V
1551 800 1590 837 p.
1618 787 1703 826 250
1717 788 1813 826 extr.

279 846 327 885 de
360 845 574 896 Campanis
610 846 733 884 refert
768 843 830 885 ἐπὶ
869 851 1058 886 τοσοῦτον
1095 844 1169 899 γὰρ
1206 844 1476 898 ἐξετρύφησαν
1510 841 1594 889 ὥστ’
1635 843 1699 885 ἐπὶ
1735 845 1814 886 δεῖ-

278 919 382 946 πνον
414 904 581 946 ἐκάλουν
616 904 715 959 πρὸς
746 904 861 959 ζεύγη
894 905 1144 958 μονομάχων,
1182 903 1374 958 ὁρίζοντες
1405 904 1581 959 ἀριθμὸν
1612 904 1712 945 κατὰ
1741 903 1814 958 τὴν

259 970 358 1018 ,τῶν
388 962 695 1018 <συν>δείπνων
732 963 848 1012 ἀξίαν
881 960 985 1019 (Liu.
1012 965 1070 1004 IX
1096 967 1165 1016 40,
1193 967 1246 1005 17
1281 965 1350 1004 Sil.
1375 966 1433 1005 XI
1459 960 1672 1020 51—54):
1709 965 1815 1005 idem

280 1026 327 1065 de
352 1026 622 1065 Romanorum
647 1025 823 1065 moribus
847 1025 975 1064 tradit
998 1026 1189 1065 Nicolaus
1214 1026 1485 1065 Damascenus
1511 1038 1573 1076 ap.
1593 1026 1737 1065 Athen.
1756 1025 1815 1064 IV

279 1100 316 1137 p.
346 1086 429 1125 153
441 1086 484 1124 F.
534 1085 673 1124 Pinnis
705 1086 840 1137 galeas
872 1098 1013 1125 ornare
1045 1085 1286 1125 Samnitium
1317 1098 1467 1125 morem
1501 1085 1815 1125 uetustissimum

279 1158 363 1185 esse
381 1146 562 1196 picturae
580 1145 749 1184 tradunt
767 1146 950 1185 uetustae
963 1145 1099 1184 Paesti
1116 1147 1297 1197 repertae
1319 1140 1511 1199 (Monum.
1525 1145 1600 1184 del.
1613 1145 1815 1185 instvm

278 1205 358 1245 tab.
385 1205 479 1244 XXI
506 1199 550 1258 1)
582 1205 652 1244 ubi
682 1205 793 1244 ducis
831 1205 947 1257 galea
984 1206 1158 1256 quinque
1194 1205 1335 1256 pennis
1373 1206 1433 1245 est
1469 1207 1676 1256 exornata,
1713 1218 1815 1256 quae

279 1266 437 1316 pictura
473 1266 515 1304 in
551 1265 765 1304 ridiculum
803 1267 864 1304 est
899 1264 1057 1305 detorta
1092 1266 1134 1304 in
1171 1265 1334 1305 uasculo
1373 1265 1480 1316 apud
1518 1265 1814 1305 Tischbeinium

278 1325 404 1365 Vases
442 1326 487 1364 of
512 1325 723 1364 Hamilton
747 1325 789 1364 H
819 1325 900 1364 tab.
926 1325 1039 1364 LVII
1069 1325 1358 1365 Dieterichium
1391 1324 1616 1364 Pulcinella
1645 1339 1682 1376 p.
1711 1326 1814 1375 2393

278 1385 407 1424 tribus
438 1386 579 1435 pennis
609 1384 794 1436 praedita
834 1386 894 1424 est
930 1385 1046 1436 galea
1082 1386 1258 1425 militum
1291 1385 1532 1424 Samnitium
1567 1386 1610 1423 in
1646 1385 1815 1435 picturis
1874 1426 1878 1430 ,

279 1445 487 1485 Paestanis
507 1445 653 1484 Bullet.
674 1444 842 1484 archeol.
862 1445 965 1495 Nap.
984 1459 1021 1484 n.
1042 1457 1071 1484 s.
1090 1445 1149 1484 IV
1167 1445 1247 1484 tab.
1260 1445 1320 1484 IV
1322 1445 1438 1484 —VI
1463 1444 1678 1495 eodemque
1696 1444 1814 1484 modo

278 1505 549 1545 Romanorum
579 1503 756 1544 militum
786 1505 942 1556 galeam
979 1506 1163 1544 ornatam
1199 1505 1320 1545 fuisse
1357 1506 1497 1544 auctor
1534 1506 1595 1543 est
1625 1504 1814 1554 Polybius

278 1565 337 1604 VI
364 1566 432 1614 23,
461 1567 532 1613 123
571 1564 726 1604 duabus
762 1565 904 1615 pennis
941 1566 1085 1604 ornata
1121 1566 1181 1604 est
1216 1565 1358 1604 Martis
1396 1565 1513 1616 galea
1548 1565 1650 1604 teste
1680 1564 1813 1603 Valer.

278 1625 438 1664 Maxim.
464 1624 485 1663 I
511 1625 550 1674 8,
577 1625 601 1663 6
617 1626 714 1663 extr.
747 1625 787 1663 et
817 1624 981 1675 Enyalii
1011 1626 1054 1663 in
1084 1625 1247 1664 uasculo
1278 1623 1467 1664 Graeciae
1501 1625 1677 1664 exoticae
1708 1623 1815 1675 apud

278 1684 598 1724 Baumeisterum
623 1684 797 1723 Monum.
830 1685 983 1734 antiqu.
1015 1685 1128 1724 class.
1158 1685 1284 1734 1828,
1315 1684 1413 1723 item
1443 1683 1743 1723 uexillariorum
1772 1685 1815 1723 in

279 1746 436 1796 pictura
461 1744 659 1784 Paestana
683 1744 756 1784 illa
781 1744 966 1794 duorum3
991 1744 1175 1784 Herculis
1200 1744 1369 1784 furentis
1394 1744 1563 1794 denique
1587 1744 1630 1783 in
1648 1743 1815 1783 Assteae

278 1805 442 1844 uasculo
473 1804 581 1856 apud
612 1804 931 1844 Baumeisterum
956 1805 981 1843 l.
1007 1817 1036 1844 s.
1066 1806 1162 1843 732.
1225 1803 1408 1855 Quinque
1438 1804 1572 1855 pinnis
1603 1803 1721 1843 modo
1754 1804 1814 1843 ita

278 1864 569 1916 intellegendus
602 1864 656 1903 sit
686 1877 838 1914 uersus,
868 1864 1007 1916 galeae
1037 1864 1307 1915 gladiatorum
1331 1865 1494 1904 ornatae
1521 1876 1604 1904 esse
1629 1862 1816 1903 uidentur

281 1925 402 1964 etiam
432 1925 497 1963 hic
529 1924 635 1975 apud
667 1923 875 1963 Lucilium.
939 1923 1137 1963 Samnites
1169 1924 1328 1975 proprie
1358 1924 1417 1963 ita
1448 1925 1657 1963 exornatos
1693 1923 1815 1963 fuisse

279 1984 406 2023 tradit
435 1985 565 2023 Varro
597 1984 645 2023 de
670 1984 695 2022 l.
721 1983 765 2022 L.
791 1984 829 2022 V
857 1985 959 2023 142:
993 1981 1017 2022 ‘.
1040 2015 1047 2022 .
1069 2015 1076 2022 .
1102 1996 1269 2024 moerus.
1332 1983 1431 2022 Eius
1465 1995 1620 2023 summa
1656 1983 1814 2033 pinnae,

280 2044 330 2083 ab
362 2044 435 2093 his,
468 2056 567 2094 quas
598 2044 781 2096 insigniti
811 2043 959 2083 milites
990 2043 1033 2082 in
1058 2043 1182 2095 galeis
1207 2043 1351 2082 habere
1378 2043 1507 2082 solent
1531 2043 1571 2082 et
1594 2044 1637 2082 in
1661 2043 1813 2094 gladia-

278 2103 432 2144 toribus
465 2100 691 2143 Samnites'.
743 2098 854 2157 (P.1.
874 2103 1013 2143 Meieri
1045 2103 1093 2142 de
1124 2102 1353 2155 gladiatura
1383 2102 1564 2142 Romana
1592 2116 1630 2154 p.
1659 2102 1696 2141 8.
1726 2096 1812 2156 15.)

279 2164 416 2203 Monet
447 2162 678 2203 Gerlachius
709 2163 817 2213 apud
846 2162 1063 2214 Apuleium
1099 2163 1147 2202 de
1184 2163 1319 2215 magia
1355 2174 1440 2213 cap.
1469 2164 1552 2202 103
1567 2163 1662 2201 extr.
1700 2162 1815 2214 tangi

279 2236 438 2264 uersum
455 2222 603 2262 Lucilii
627 2224 689 2262 his
715 2222 846 2263 uerbis
873 2219 923 2262 ‘si
947 2222 1222 2274 philosophiae
1245 2223 1448 2273 honorem,
1473 2222 1543 2272 qui
1567 2222 1667 2261 mihi
1685 2222 1814 2261 salute

279 2297 369 2323 mea
399 2283 606 2334 antiquior
637 2284 714 2333 est,
751 2296 948 2334 nusquam
978 2283 1123 2332 minui,
1158 2283 1281 2322 immo
1312 2284 1452 2322 contra
1482 2281 1629 2332 ubique
1660 2282 1695 2321 si
1725 2294 1814 2321 cum

280 2345 432 2394 septem
469 2343 610 2394 pennis
648 2356 738 2382 eum
774 2340 913 2382 tenui’.
981 2342 1209 2393 Rapiuntur
1250 2343 1377 2394 igitur
1419 2342 1537 2381 alteri
1574 2340 1814 2381 Samnitium

279 2417 434 2455 pennae
464 2403 692 2453 nonnullae,
723 2403 825 2442 alter
854 2416 933 2442 non
965 2396 1105 2442 solum'
1126 2415 1217 2442 suas
1249 2403 1384 2441 seruat
1412 2402 1637 2451 incolumis,
1670 2401 1739 2441 sed
1768 2402 1814 2440 ut

279 2463 516 2514 pinnirapus
546 2464 688 2514 pennis
719 2462 925 2502 abundans
957 2464 1040 2502 exit
1070 2476 1090 2501 e
1121 2475 1274 2502 scaena.
1329 2460 1548 2500 Abundans
1577 2462 1704 2514 igitur
1733 2473 1814 2500 non

280 2524 341 2563 est
371 2523 517 2575 gaudio
549 2522 754 2562 abundans
787 2524 827 2562 et
857 2522 1076 2571 exsultans,
1119 2522 1187 2561 sed
1220 2521 1423 2561 abundans
1453 2522 1611 2572 pennis:
1654 2534 1748 2560 nam
1777 2521 1814 2560 si

281 2584 399 2622 alteri
422 2583 570 2633 rapuit,
594 2583 663 2622 ille
685 2583 816 2622 minus
835 2595 1054 2633 pennarum
1074 2583 1247 2633 gestans,
1273 2582 1337 2621 hic
1355 2581 1488 2632 plures
1508 2579 1598 2619 exit.
1631 2579 1813 2630 Quinque

279 2643 406 2695 igitur
435 2643 476 2681 et
506 2643 659 2681 uictum
690 2644 731 2682 et
759 2643 956 2682 uictorem
985 2654 1136 2693 pennas
1167 2642 1353 2692 primitus
1383 2640 1586 2689 habuisse,
1620 2640 1719 2679 duas
1750 2639 1814 2678 illi

281 2705 449 2753 ereptas,
473 2703 521 2741 ut
543 2701 673 2741 uictor
696 2702 906 2742 incolumis
933 2714 1022 2741 cum
1047 2703 1198 2753 septem
1221 2702 1362 2753 pennis
1387 2700 1526 2749 abiret,
1553 2699 1814 2751 probabiliter

281 2763 518 2812 statuemus3
556 2762 651 2801 conf
684 2761 762 2801 Cic.
788 2762 899 2800 Verr.
925 2762 988 2800 m
1015 2763 1039 2800 9
1086 2758 1175 2800 ‘hoc
1218 2762 1405 2811 cuiquam
1446 2759 1651 2798 ferendum
1693 2760 1812 2810 putas

281 2835 381 2871 esse,
417 2835 489 2862 nos
520 2823 579 2861 ita
610 2822 746 2861 uiuere
782 2823 825 2860 in
864 2822 1034 2872 pecunia
1069 2822 1182 2860 tenui
1214 2852 1221 2859 .
1250 2852 1256 2859 .
1285 2852 1292 2858 .
1323 2822 1445 2859 istum
1475 2819 1592 2859 rebus
1630 2818 1813 2858 omnibus

212 2877 218 2881 ’
280 2882 455 2932 undique
486 2882 633 2932 ereptis
664 2883 827 2933 impune
858 2881 1084 2921 eludentem
1114 2880 1383 2920 circumfluere
1414 2881 1535 2929 atque
1565 2878 1766 2918 abundare
1775 2874 1810 2916 ’θ’

403 2935 511 2980 123.
543 2941 693 2980 Paulus
730 2954 777 2980 ex
812 2941 931 2980 Festo
962 2955 1000 2992 p.
1029 2941 1163 2980 122M
1200 2937 1410 2979 ‘Minorem
1445 2939 1590 2978 Delum
1626 2937 1812 2977 Puteolos

279 3013 365 3040 esse
396 3000 598 3050 dixerunt,
635 3001 743 3051 quod
772 3001 893 3041 Delos
927 3000 1144 3051 aliquando
1181 3001 1398 3039 maximum
1435 2998 1656 3050 emporium
1691 2995 1813 3036 fuerit
