2060 3444
296 274 384 317 226
858 273 978 309 XXVI
1002 285 1038 309 u.
1065 277 1264 313 δοῖ-608.

297 401 335 437 p.
359 388 455 437 112,
484 388 550 426 10.
579 388 676 436 121,
705 388 758 425 12
784 386 914 425 Helm.
966 383 1101 425 ‘classi
1123 388 1393 437 propinquum
1416 387 1589 426 reditum
1615 401 1661 428 ac
1679 389 1835 428 domwm

295 449 452 486 itionem
484 443 585 485 dari'
619 447 767 498 legitur
799 446 877 485 Cic.
904 446 951 485 de
982 445 1106 485 diuin.
1132 446 1153 484 I
1180 447 1247 496 68,
1279 446 1463 486 similiter
1494 445 1603 487 Caes.
1629 447 1666 487 b.
1693 446 1794 488 Gall.
1813 448 1836 487 1

298 507 342 557 5,
375 507 400 545 3
444 503 503 544 ‘ut
548 506 709 545 domum
751 506 960 546 reditionis
1003 518 1072 557 spe
1116 505 1275 545 sublata
1317 508 1538 557 paratiores
1577 539 1585 546 .
1612 538 1620 546 .
1649 539 1656 547 .
1689 505 1832 548 essent'

295 566 444 618 Hygin.
476 566 556 605 fab.
592 567 675 605 118
714 579 752 617 p.
782 568 884 616 102,
919 567 975 605 20
1008 565 1198 606 Schmidt.
1244 563 1305 605 ‘ut
1353 566 1430 605 sibi
1478 567 1627 606 diceret
1676 568 1834 619 quando

296 626 457 665 domum
498 627 777 676 repetitionem
819 623 996 665 haberet'
1043 621 1149 679 (125
1187 639 1224 676 p.
1254 627 1358 676 106,
1392 621 1478 681 14).
1521 649 1579 655 —
1622 627 1835 678 imperium

295 686 472 725 minuere
503 685 634 725 Plaut.
659 687 771 724 Asin.
799 687 884 726 509
919 683 1086 725 ‘Hocine
1127 687 1187 724 est
1223 685 1415 736 pietatem
1446 688 1592 737 colere,
1622 689 1835 738 imperium

296 746 437 785 matris
468 743 693 785 minuereP'
751 746 948 797 Loquitur
977 758 1081 785 unus
1114 745 1161 784 de
1192 745 1371 796 Achiuis,
1403 746 1474 797 qui
1511 747 1629 786 sicuti
1658 747 1774 787 Hom.
1800 749 1834 787 Β

298 807 381 845 272
409 819 516 856 seqq.
548 806 676 845 Vlixis
722 807 865 845 merita
909 807 1128 844 enumeret:
1173 802 1232 845 ‘at
1273 806 1338 845 hic
1381 807 1487 845 solus
1528 819 1599 846 nos
1630 808 1836 846 reuocauit

296 866 347 905 ad
378 879 555 918 pugnam
587 868 628 905 et
657 866 858 916 honorem,
884 879 973 906 cum
1005 865 1165 904 domum
1190 865 1329 904 itionis
1359 866 1492 916 cupidi
1516 867 1603 918 regi
1635 867 1836 907 aduersati

296 923 466 965 sumus':
506 925 622 965 Ouid.
647 928 807 965 metam.
833 926 933 965 ΧΠΙ
960 926 1044 964 213
1088 922 1285 964 ‘consolor
1316 927 1453 976 socios,
1483 928 1530 965 ut
1559 927 1671 979 longi
1701 927 1837 966 taedia

273 1031 276 1033 ,
297 986 393 1025 belli
423 987 555 1025 mente
581 987 712 1025 ferant
736 986 897 1036 placida
923 1017 931 1024 .
953 1016 960 1024 .
982 1016 990 1024 .
1017 998 1105 1024 ecce
1134 985 1244 1024 Iouis
1268 986 1424 1025 monitu
1449 985 1636 1037 deceptus
1660 986 1835 1038 imagine

296 1047 425 1085 somni
460 1059 528 1084 rex
571 1046 683 1084 iubet
713 1046 862 1096 incepti
893 1058 1028 1085 curam
1069 1045 1270 1085 dimittere
1301 1045 1396 1084 belli
1423 1077 1430 1084 .
1452 1076 1460 1084 .
1482 1077 1489 1084 .
1516 1059 1595 1086 non
1627 1046 1732 1086 sinat
1761 1047 1836 1086 hoc

296 1106 400 1144 Aiax
439 1106 683 1156 delendaque
721 1106 915 1158 Pergama
952 1107 1108 1156 poscat,
1150 1105 1332 1156 quodque
1363 1107 1511 1156 potest,
1543 1108 1704 1158 pugnet.
1766 1119 1836 1146 cur

295 1179 376 1205 non
407 1167 631 1205 remoratur
661 1164 815 1205 ituros?
843 1197 850 1204 .
872 1196 879 1204 .
902 1197 909 1204 .
937 1165 1033 1216 quid
1065 1165 1171 1215 quod
1204 1167 1244 1204 et
1274 1167 1359 1216 ipse
1389 1165 1525 1217 fugit?
1560 1166 1645 1204 uidi
1675 1166 1835 1217 puduit-

297 1239 372 1276 que
410 1225 545 1265 uidere
583 1238 672 1264 cum
708 1227 756 1264 tu
792 1228 908 1277 terga
945 1225 1059 1264 dares
1089 1226 1377 1276 inhonestaque
1408 1226 1499 1264 uela
1530 1238 1702 1276 parares.
1765 1239 1836 1266 nec

296 1298 419 1336 mora,
453 1283 581 1335 “quid
613 1286 758 1335 facitis,
790 1299 891 1335 quae
922 1297 994 1324 uos
1026 1282 1270 1335 dementia'',
1302 1285 1396 1335 dixi,
1429 1282 1645 1337 “concitat,
1678 1299 1700 1326 ο
1726 1285 1835 1336 socii,

296 1347 455 1396 captam
506 1345 707 1389 dimittere
757 1343 946 1385 Troiam?
996 1345 1140 1395 quidue
1181 1345 1342 1384 domum
1384 1346 1497 1384 fertis
1546 1345 1715 1396 decimo,
1758 1346 1837 1385 nisi

297 1405 476 1455 dedecuS,
507 1402 679 1444 anno?''
711 1405 860 1444 talibus
892 1407 1012 1455 atque
1044 1405 1146 1455 aliis,
1176 1406 1219 1443 in
1252 1418 1352 1455 quae
1385 1405 1497 1444 dolor
1527 1405 1612 1455 ipse
1643 1406 1836 1445 disertum

295 1466 456 1514 fecerat,
488 1478 645 1504 auersos
671 1465 842 1517 profuga
867 1465 914 1504 de
940 1466 1064 1504 classe
1089 1464 1237 1503 reduxi.
1297 1463 1498 1504 Gonuocat
1521 1464 1683 1504 Atrides
1709 1466 1835 1504 socios

295 1527 449 1564 terrore
486 1527 696 1575 pauentes:
734 1537 804 1564 nec
835 1524 1138 1564 Telamoniades
1176 1525 1403 1564 etiamnunc
1439 1524 1591 1564 hiscere
1622 1526 1836 1576 quicquam

297 1585 427 1624 audet.
490 1586 535 1624 at
571 1597 691 1624 ausus
728 1586 815 1624 erat
850 1597 962 1637 reges
1002 1585 1195 1624 incessere
1226 1584 1342 1623 dictis
1384 1584 1584 1624 Thersites
1612 1615 1620 1623 .
1642 1616 1648 1623 .
1672 1616 1678 1624 .
1705 1586 1836 1637 erigor

298 1647 339 1684 et
374 1645 551 1695 trepidos
589 1646 695 1684 ciues
733 1645 919 1684 exhortor
954 1644 996 1682 in
1032 1645 1187 1683 hostem
1223 1644 1488 1694 amissamque
1525 1657 1615 1683 mea
1644 1645 1836 1684 uirtutem

297 1717 395 1744 uoce
431 1701 595 1755 repono'
637 1700 773 1759 (Hom.
804 1706 837 1743 Β
872 1705 954 1743 188
987 1716 1095 1754 seqq.
1130 1706 1210 1743 211
1247 1699 1392 1758 seqq.):
1437 1705 1532 1743 conf
1565 1704 1642 1744 Dio
1679 1704 1790 1744 Prus.
1816 1704 1836 1743 Ι

299 1779 336 1815 p.
360 1766 428 1816 21,
457 1766 570 1803 1—8
597 1764 749 1803 Arnim.

417 1820 529 1866 608.
560 1825 716 1864 Nonius
741 1838 778 1875 p.
802 1825 899 1874 138,
926 1825 980 1863 25
1010 1821 1360 1872 ‘Monstrificabila
1415 1824 1592 1863 Lucilius
1617 1824 1684 1863 lib.
1704 1824 1836 1863 XXVI

298 1882 434 1923 “nunc
466 1884 696 1936 ignobilitas
727 1885 789 1924 his
821 1886 965 1923 mirum
998 1897 1044 1923 ac
1073 1880 1400 1932 mortificabile”.'
1461 1883 1636 1923 Verbum
1666 1884 1835 1923 inusita-

296 1946 383 1983 tum
421 1946 461 1983 et
498 1945 574 1983 ioci
611 1957 731 1983 causa
767 1944 920 1994 fictum,
960 1957 1037 1994 quo
1075 1943 1240 1983 Pacuuii
1272 1939 1349 1998 (20
1369 1938 1423 1998 R)
1461 1944 1562 1982 illud
1593 1943 1836 1992 luctificabile

296 2004 454 2054 rideret,
486 2005 528 2042 in
560 2005 668 2042 exitu
696 2016 845 2054 uersus,
877 2016 957 2042 non
980 2005 1022 2043 in
1048 2003 1179 2042 medio
1204 2016 1321 2043 uersu
1347 2004 1523 2054 positum
1548 2004 1669 2043 fuisse
1693 2003 1835 2054 proba-

296 2064 376 2103 bile
407 2065 476 2102 est.
533 2064 658 2102 Varia
682 2077 827 2115 genera
851 2063 1068 2112 hominum,
1101 2076 1269 2112 quorum
1295 2063 1366 2102 alii
1391 2063 1480 2102 aliis
1506 2064 1617 2102 uitiis
1642 2063 1835 2113 laborent,

299 2123 521 2162 enumerari
559 2136 583 2161 a
619 2125 740 2174 poeta
769 2123 1019 2174 intellegitur
1048 2122 1180 2161 uerbis
1210 2134 1317 2161 nwnc
1345 2123 1427 2161 his:
1462 2125 1732 2161 memorantur
1761 2123 1835 2162 hoc

298 2195 414 2222 uersu
446 2183 659 2222 ambitiosi.
717 2181 821 2222 Conf
847 2183 1002 2221 Lucret.
1028 2183 1091 2220 ΙΠ
1118 2183 1172 2220 74
1201 2179 1413 2221 ‘consimili
1440 2183 1595 2220 ratione
1621 2182 1671 2221 ab
1697 2182 1834 2222 eodem

298 2255 416 2293 saepe
446 2243 589 2281 timore
619 2245 795 2282 macerat
831 2242 995 2281 inuidia.
1059 2244 1151 2281 ante
1189 2243 1322 2281 oculos
1359 2242 1473 2280 illum
1504 2254 1587 2281 esse
1618 2243 1833 2292 potentem,

297 2302 414 2341 illum
445 2303 654 2352 aspectan',
685 2303 792 2341 claro
824 2303 895 2353 qui
926 2302 1076 2341 incedit
1099 2302 1259 2353 honore,
1290 2302 1369 2352 ipsi
1395 2314 1435 2340 se
1459 2299 1699 2340 intenebris
1723 2302 1835 2341 uolui

298 2375 498 2412 caenoque
534 2359 766 2412 queruntur'
801 2361 879 2401 Cic.
900 2362 1014 2401 Tusc.
1034 2361 1071 2399 V
1099 2363 1181 2415 103
1217 2357 1433 2415 (Epicurea
1457 2362 1598 2413 fragm.
1621 2362 1703 2400 551
1726 2374 1832 2412 seqq.

298 2423 439 2473 fragm.
468 2422 551 2461 586
573 2422 670 2472 Vs.).
734 2422 945 2461 Structura
978 2421 1226 2461 Graecismus
1257 2423 1318 2460 est
1347 2422 1416 2460 ille
1449 2421 1496 2460 de
1534 2434 1612 2471 quo
1649 2421 1835 2460 dixerunt

298 2483 467 2532 interpp.
513 2482 564 2521 ad
600 2482 719 2534 Verg.
753 2483 875 2533 eclog.
900 2481 963 2520 III
996 2483 1052 2521 80
1107 2482 1350 2520 Riemannus
1400 2479 1610 2520 Goelzerus
1660 2479 1833 2520 Gramm.

299 2538 503 2592 compares
541 2544 708 2591 syntaxe
745 2540 770 2591 ξ
794 2543 866 2581 15:
910 2541 1020 2580 cuius
1063 2541 1175 2592 origo
1218 2541 1330 2579 nulla
1368 2554 1410 2579 re
1447 2542 1575 2592 magis
1614 2541 1836 2580 ostenditur

299 2614 419 2651 quam
469 2602 501 2640 si
552 2614 827 2652 comparamus
876 2601 1080 2640 Aristotel.
1119 2601 1218 2639 rhet.
1243 2600 1307 2638 ΙΠ
1344 2613 1428 2650 cap.
1454 2601 1481 2638 4
1518 2613 1556 2650 p.
1587 2600 1698 2639 1406
1718 2600 1744 2639 b
1775 2601 1832 2639 24

299 2660 491 2713 χρήσιμον
522 2658 564 2700 δὲ
595 2658 620 2712 ἡ
652 2659 770 2700 εἰκὼν
800 2659 867 2700 καὶ
897 2659 940 2699 ἐν
971 2659 1072 2716 λόγῳ
1105 2662 1145 2699 et
1169 2660 1220 2700 ad
1250 2660 1342 2698 Her.
1362 2660 1426 2698 [H
1453 2661 1520 2709 12,
1548 2661 1601 2699 22
1635 2656 1749 2699 ‘utile
1775 2661 1836 2699 est

300 2721 351 2759 ad
387 2720 672 2759 firmitudinem
703 2720 842 2759 sedata
881 2733 958 2758 uox
994 2721 1037 2758 in
1067 2716 1292 2771 principio’.
1354 2719 1477 2758 Poeta
1513 2720 1596 2758 iam
1619 2720 1835 2758 transierat

299 2780 351 2818 ad
379 2782 536 2820 saturae
561 2781 735 2819 indolem
761 2779 1058 2820 describendam
1082 2780 1274 2829 uariaque
1299 2779 1503 2818 hominum
1521 2779 1624 2818 uitia
1642 2779 1834 2830 exposuit,

221 2891 227 2895 ·
299 2841 340 2878 in
378 2840 521 2890 quibus
557 2841 728 2891 primam
766 2840 980 2879 auaritiam
1016 2841 1169 2890 posuit,
1206 2841 1293 2878 tum
1331 2838 1588 2878 ambitionem
1620 2840 1665 2877 ut
1693 2838 1832 2878 Horat.

300 2911 413 2938 serm.
438 2900 460 2938 I
485 2901 524 2950 4,
552 2901 605 2938 25
641 2897 838 2950 ‘quemuis
868 2899 999 2938 media
1031 2900 1132 2950 elige
1162 2899 1299 2938 turba:
1336 2900 1407 2937 aut
1437 2899 1486 2937 ob
1518 2899 1731 2937 auaritiam
1763 2899 1834 2937 aut

299 2960 444 2997 misera
488 2959 703 2998 ambitione
746 2959 921 2998 laborat:
964 2960 1025 2997 hic
1067 2961 1283 3009 nuptarum
1325 2959 1477 2997 insanit
1517 2957 1735 3007 amoribus,
1773 2958 1834 2996 hic

299 3031 528 3067 puerorum,
564 3020 668 3057 hunc
704 3020 814 3068 capit
850 3020 1007 3069 argenti
1043 3018 1245 3067 splendor,
1282 3019 1416 3067 stupet
1450 3017 1592 3056 Albius
1630 3029 1736 3067 aere,
1772 3018 1834 3055 laic
