2060 3444
836 297 903 334 ΧΠ
928 311 964 335 u.
991 300 1192 335 428—433.
1704 294 1785 340 161

358 406 470 452 428.
502 412 658 452 Nonius
690 426 727 463 p.
757 414 862 462 513,
890 414 914 452 2
962 409 1200 452 ‘Publicitus
1244 424 1317 462 pro
1364 412 1534 462 publice.
1607 411 1788 451 Lucilius

238 474 467 524 satyrarum
486 472 554 512 lib.
574 472 653 511 XII
678 469 803 511 “huic
822 472 976 512 homini
996 473 1181 523 questore
1203 503 1209 510 .
1232 503 1239 510 .
1261 502 1270 510 .
1291 484 1436 524 corago
1458 503 1464 510 .
1487 503 1495 511 .
1517 503 1525 510 .
1545 472 1642 510 mihi
1666 473 1788 522 atque

237 534 361 582 episco
392 527 433 587 (e
464 532 558 572 fisco
586 527 839 587 Guilelmius)
866 532 1058 584 praebeat
1083 529 1286 572 aurum''.’
1333 531 1481 582 crepat
1505 534 1622 582 pater
1646 534 1788 582 poetae

237 592 393 640 Luci-lio
430 593 600 645 prodigo
639 595 852 643 quaestore
890 594 1027 643 aliquo
1071 605 1171 643 opus
1215 605 1299 632 esse
1343 594 1464 642 atque
1509 604 1674 644 corago,
1718 593 1788 642 qui

237 653 395 704 publice
428 654 466 692 ei
497 655 702 704 sumptum
733 653 924 704 praebeat
955 655 995 692 et
1021 666 1173 692 aurum.
1224 653 1330 692 Huic
1360 653 1527 703 homini,
1559 653 1584 691 i.
1612 666 1643 691 e.
1677 652 1788 701 mihi,

238 716 283 752 ut
302 713 432 752 Plaut.
454 713 570 764 Epid.
595 715 676 753 141
708 711 817 753 ‘huic
842 714 995 753 homini
1021 715 1140 764 opust
1165 713 1436 765 quadraginta
1461 714 1581 752 minis
1607 712 1790 752 celeriter

238 773 391 823 calidis,
423 773 606 814 danistae
633 787 732 824 quas
758 775 946 824 resoluat,
978 776 1019 813 et
1043 770 1140 813 cito'
1167 773 1308 813 Horat.
1335 786 1450 813 serm.
1476 773 1496 812 I
1524 774 1562 823 9,
1584 774 1639 812 47
1669 770 1789 812 ‘hunc

237 834 439 874 hominem
476 834 600 874 ueHes
639 836 675 873 si
710 831 885 874 tradere'
925 829 1183 888 (Spengelius
1222 834 1273 873 ad
1312 833 1400 873 Ter.
1432 833 1557 872 Andr.
1586 827 1704 888 310).
1730 855 1789 862 —·

239 896 462 944 quaestore,
494 908 587 934 nam
618 896 653 934 is
686 896 840 934 aerario
869 896 1028 945 praeest
1053 895 1123 945 qui
1148 894 1368 933 mercedem
1394 894 1546 934 soluat:
1578 894 1789 933 Mommse-

239 968 313 993 nus
345 954 394 993 de
421 954 506 993 iure
531 955 638 1006 publ.
665 969 702 1005 p.
729 956 775 994 R.
801 950 860 994 II8
891 949 1048 1010 (1887)
1081 968 1119 1005 p.
1148 955 1245 993 553.
1267 976 1323 982 —
1344 967 1502 1007 corago,
1533 955 1663 994 lautia
1688 967 1790 1005 quae

239 1015 464 1065 hospitibus
501 1029 539 1066 p.
565 1015 611 1054 R.
646 1015 804 1065 publice
842 1015 1084 1066 praebentur
1120 1028 1192 1066 per
1235 1017 1487 1065 quaestorem
1530 1016 1791 1054 nominantur

238 1074 403 1128 χορήγια
446 1070 735 1129 (Sitzungsber.
774 1076 845 1117 der
875 1076 980 1115 Berl.
1013 1076 1141 1115 Akad.
1174 1075 1210 1114 d.
1237 1076 1299 1114 W.
1330 1076 1444 1115 1889
1477 1089 1515 1126 p.
1544 1070 1662 1129 964).
1724 1075 1788 1114 In-

238 1136 404 1186 scriptio
436 1135 623 1175 Mittheil.
657 1136 724 1175 des
758 1137 862 1176 arch.
895 1136 993 1175 Inst.
1026 1150 1074 1174 zu
1105 1135 1199 1175 Ath.
1226 1135 1320 1175 XIX
1349 1137 1463 1175 1894
1490 1150 1527 1187 p.
1556 1137 1610 1175 57
1641 1130 1791 1189 Ἑρμῆς

237 1194 321 1247 εἰμι
351 1195 488 1248 Τύχων
513 1194 557 1236 ἐκ
580 1195 780 1244 Χαλκίδος
805 1191 922 1244 οὗτος
946 1194 1096 1244 ἐκεῖνος
1121 1196 1337 1249 Ἀντίλοχος
1363 1192 1397 1248 μ’
1426 1195 1586 1248 ἐποίησε
1613 1196 1791 1244 πολίταις

238 1261 336 1295 πᾶσι
361 1254 532 1310 χορηγόν
559 1250 706 1310 (Insch.
727 1270 763 1296 v.
783 1257 961 1308 Magnes.
984 1252 1102 1311 203).
1148 1270 1169 1295 e
1188 1256 1294 1307 fisco,
1320 1270 1341 1296 e
1361 1257 1534 1296 corbulis
1554 1258 1790 1296 nummariis

239 1317 377 1366 quales
409 1317 522 1355 uides
547 1318 590 1355 in
617 1317 846 1369 anaglypho
872 1317 1001 1357 Musei
1027 1317 1291 1356 Treuerorum
1314 1317 1628 1369 Nouiomagensi
1655 1313 1789 1371 (Hett-

239 1389 359 1416 nerus
379 1377 532 1416 Fiihrer
551 1376 586 1417 d.
608 1377 644 1416 d.
665 1377 1077 1417 Provinzialmuseum
1095 1379 1138 1417 in
1158 1378 1283 1427 Trier,
1304 1378 1418 1416 Trier
1440 1378 1553 1416 1903
1575 1392 1613 1428 p.
1631 1373 1717 1431 16).
1734 1399 1788 1404 —

240 1436 428 1476 Imitatus
466 1450 549 1477 esse
586 1437 747 1477 uidetur
783 1438 888 1477 hunc
924 1439 1058 1477 locum
1095 1438 1287 1477 Horatius
1325 1451 1440 1477 serm.
1467 1438 1487 1476 I
1513 1439 1664 1487 4,105
1681 1451 1789 1488 seqq.

361 1492 473 1538 43.ss
506 1496 658 1536 Gellius
685 1497 740 1536 IX
770 1499 843 1548 14,
871 1500 894 1537 9
937 1495 1095 1537 ‘Fames
1133 1498 1233 1537 fami
1268 1529 1311 1537 ..
1340 1498 1431 1536 Μ.
1466 1499 1572 1537 6111111
1610 1497 1710 1537 Cato
1747 1499 1789 1536 in

241 1558 422 1596 oratione
467 1571 586 1607 quam
632 1558 680 1597 de
724 1558 829 1596 bello
874 1557 1199 1608 Carthaginiensi
1246 1530 1471 1630 composuit
1519 1559 1578 1597 ita
1628 1559 1791 1626 scripsit

244 1613 392 1690 “pueri
417 1619 539 1667 atque
565 1618 752 1657 mulieres
780 1618 1093 1657 extrudebantur
1118 1618 1217 1656 fami
1243 1630 1363 1656 061136
1368 1615 1407 1656 ”.
1452 1618 1662 1658 Lucilius
1652 1632 1694 1656 111
1714 1618 1791 1656 XII

244 1674 495 1729 “.rugosum
547 1675 752 1727 p.lenum’
760 1675 799 1716 ’.'
865 1677 1080 1728 Suppleas.
1118 1691 1307 1729 rugosum
1341 1680 1462 1728 atque
1495 1679 1594 1717 sami
1628 1678 1789 1729 plenum

242 1736 467 1776 distendere
505 1740 685 1777 uentrem
719 1733 869 1792 (Plaut.
897 1737 984 1777 Cas.
1015 1734 1131 1792 777).
1201 1739 1336 1789 Rugas
1375 1738 1593 1778 conducere
1638 1740 1790 1777 uentris

242 1797 310 1835 lib.
337 1797 411 1836 XV
436 1811 473 1836 u
502 1798 599 1837 501.

363 1852 475 1899 431.
501 1858 655 1897 Nonius
682 1871 720 1908 p.
743 1859 842 1907 512,
864 1860 920 1897 20
948 1855 1154 1898 ‘Firmiter
1178 1872 1250 1909 pro
1273 1859 1395 1898 firme.
1419 1891 1425 1897 .
1449 1891 1455 1897 .
1479 1891 1485 1897 .
1506 1859 1613 1898 idem
1631 1859 1699 1897 lib.
1714 1859 1791 1897 XII

245 1915 445 1975 “firmiter
473 1918 548 1957 hoc
570 1950 576 1957 .
600 1950 606 1956 .
630 1950 636 1957 .
657 1915 839 1957 fixum''.'
903 1919 995 1958 Non
1034 1921 1095 1958 est
1133 1919 1239 1969 quod
1270 1921 1500 1968 pariterque
1530 1921 1790 1969 temptemus:

244 1979 339 2016 conf
359 1978 478 2030 Verg.
504 1978 603 2018 Aen.
630 1978 687 2017 XI
714 1979 798 2018 673
834 1976 1019 2029 ‘quorum
1051 1980 1155 2018 alter
1185 1979 1361 2019 habenas
1395 1979 1546 2019 suffuso
1586 1981 1790 2019 reuolutus

243 2051 344 2088 equo
382 2038 477 2077 dum
515 2040 687 2090 colligit,
732 2040 835 2078 alter
871 2039 966 2078 dum
1010 2039 1118 2078 subit
1162 2042 1202 2079 et
1242 2040 1422 2079 dextram
1465 2040 1619 2079 labenti
1661 2040 1792 2079 tendit

243 2100 449 2149 inermem,
480 2100 720 2149 praecipites
752 2101 984 2150 pariterque
1016 2097 1166 2139 ruunt’.
1186 2121 1245 2126 -—
1265 2100 1425 2139 Homer.
1453 2100 1489 2139 A
1517 2101 1600 2139 297
1628 2097 1722 2139 ἄλλο
1749 2098 1792 2139 δέ

243 2172 302 2198 τοι
333 2156 439 2212 ἐρέω.
472 2157 522 2198 σὺ
554 2154 592 2198 δ’
629 2157 688 2198 ἐνὶ
727 2158 842 2213 φρεσὶ
873 2159 1013 2212 βάλλεο
1046 2166 1138 2215 σῆσι
1171 2174 1193 2198 0
1222 2162 1275 2199 27
1315 2158 1409 2199 ἄλλο
1449 2158 1491 2199 δέ
1528 2160 1591 2199 τοί
1625 2175 1660 2199 τι
1697 2158 1792 2208 ἔπος

243 2216 351 2271 ἐρέω,
383 2217 433 2258 σὺ
464 2215 507 2258 δὲ
539 2218 689 2258 σύνθεο
723 2221 845 2275 θυμῷ
877 2220 994 2272 Verg
1022 2220 1120 2259 Aen.
1146 2220 1208 2258 III
1235 2221 1319 2259 388
1361 2217 1422 2260 ‘tu
1459 2221 1622 2260 condita
1659 2223 1792 2259 mente

243 2275 410 2318 teneto’.
472 2278 558 2317 Alii
589 2279 845 2331 distinguunt
875 2281 967 2330 post
997 2281 1076 2319 hoc.

365 2332 477 2378 432.
509 2338 738 2379 Priscianus
764 2339 831 2378 GL
857 2340 899 2378 H
924 2354 961 2391 p.
990 2341 1093 2390 399,
1123 2340 1228 2379 121(
1268 2322 1472 2380 ‘Assentio
1509 2343 1551 2380 et
1595 2343 1792 2380 assentior

246 2398 438 2437 dissentio
458 2400 498 2437 et
517 2398 759 2439 dissentior
748 2413 789 2438 1n
809 2413 891 2439 una
910 2400 1126 2450 eademque
1145 2402 1406 2440 inueniuntur
1418 2401 1768 2453 significatione...

246 2458 424 2497 Lucilius
468 2459 510 2497 in
544 2458 623 2498 XII
668 2456 883 2500 “assensus
927 2473 1015 2499 sum
1056 2457 1224 2499 homini'
1231 2457 1270 2498 '.'
1347 2461 1518 2512 Epicum
1561 2433 1793 2500 charactera

246 2516 368 2556 habet
397 2530 534 2558 uersus
565 2520 612 2557 ut
642 2519 761 2571 Verg.
787 2520 885 2559 Aen.
911 2520 953 2559 II
982 2521 1066 2559 130
1100 2518 1336 2560 ‘Adsensere
1374 2518 1525 2560 omnes’
1556 2521 1661 2560 Pers
1688 2521 1708 2558 I
1735 2521 1790 2559 36

249 2574 485 2617 ‘Adsensere
515 2576 622 2618 uiri'.

368 2631 479 2679 433.
511 2638 723 2678 Diomedes
756 2638 822 2678 GL
849 2640 870 2678 I
894 2654 932 2690 p.
961 2641 1064 2690 365,
1092 2641 1169 2679 41<
1214 2638 1392 2680 ‘Decollo
1438 2641 1645 2681 decollaui
1717 2641 1791 2680 1100

248 2696 414 2736 uerbum
433 2698 540 2748 apud
557 2701 711 2738 ueteres
731 2699 887 2750 decipio
907 2700 1119 2751 significat,
1139 2703 1185 2739 ut
1205 2701 1311 2751 apud
1330 2700 1516 2740 Plautum
1533 2696 1668 2755 (Gapt.
1683 2695 1790 2755 496)

250 2754 363 2796 “una
387 2753 418 2809 †
443 2759 505 2797 est
547 2756 794 2798 decollauit’'
805 2789 815 2808 ,
858 2761 956 2798 item
998 2760 1176 2800 Lucilius
1221 2761 1454 2800 duodecimo
1501 2758 1676 2811 “quibus
1711 2792 1718 2799 .
1747 2792 1754 2799 .
1783 2792 1790 2799 .

249 2817 446 2856 decollaui
476 2815 651 2857 uictus’'.
680 2831 699 2853 *
728 2831 830 2868 quae
867 2819 1108 2870 significatio
1148 2821 1255 2871 apud
1284 2820 1550 2864 Fenestellam
1588 2822 1793 2865 inuenitur

249 2878 292 2915 in
330 2876 432 2916 libro
470 2878 737 2927 epitomarum
775 2879 946 2918 secundo
985 2875 1352 2929 “quemadmodum
1391 2879 1538 2919 Caesar
1581 2893 1604 2919 a
1647 2881 1791 2930 piratis

251 2938 390 2986 captus
423 2938 477 2976 sit
507 2939 630 2987 utque
662 2950 728 2977 eos
760 2939 845 2989 ipse
877 2940 1017 2988 postea
1048 2941 1199 2990 ceperit
1223 2941 1264 2978 et
1288 2937 1592 2979 decollauerit’'.
1638 2942 1791 2979 ueteres

251 2998 384 3035 autem
416 2998 544 3036 securi
575 3009 710 3037 caesos
741 2996 953 3038 dicebant’.
1003 2998 1154 3039 Locum
1185 3002 1226 3038 et
1255 3000 1488 3039 lacunosum
1519 3012 1603 3040 esse
1636 3002 1677 3039 et
1708 3013 1791 3039 cor-

251 3058 412 3106 ruptum
437 3056 572 3096 Plauti
597 3070 734 3097 uersus
761 3058 1008 3098 demonstrat
1033 3061 1241 3110 corruptus
1269 3061 1337 3110 qui
1364 3061 1419 3099 sie
1445 3062 1505 3099 est
1530 3060 1636 3111 apud
1659 3061 1790 3099 Plaut.

322 3130 435 3156 Lucilii
455 3131 518 3156 rell.
540 3131 584 3156 ed.
606 3131 713 3156 MAnx.
748 3132 786 3156 11.
1462 3130 1501 3162 11
