2060 3444
823 255 907 292 vm
932 267 968 292 u.
996 257 1197 292 299-303.
1703 254 1789 298 113

237 371 290 410 31
313 369 351 409 Κ
383 366 592 410 ‘Lentesco
634 383 659 408 a
690 370 812 409 uerbo
844 370 980 409 lentet.
1042 369 1221 409 Lucilius
1261 366 1420 408 “lentet
1457 365 1621 419 opus”.’
1687 367 1788 408 Con-

234 430 406 470 trarium
455 432 516 470 est
566 430 667 469 illud
711 430 883 482 Vergilii
929 443 1061 482 georg.
1088 429 1144 468 IV
1181 430 1264 468 169
1315 430 1537 468 hexametri
1582 429 1787 468 exordium

237 487 383 530 ‘feruet
413 503 525 540 opus,
557 490 821 541 redolentque
853 490 992 541 thymo
1023 489 1249 542 fragrantia
1280 486 1429 528 mella'.

357 545 469 590 300.
503 551 657 590 Νο111118
690 565 726 602 p.
748 552 854 601 427,
882 551 936 589 26
978 547 1150 589 ‘Priores
1189 551 1230 589 et
1265 550 1461 599 primores
1499 549 1603 588 hanc
1639 549 1789 588 habent

236 610 528 650 diuersitatem.
569 642 576 649 .
606 643 613 649 .
643 643 649 649 .
682 610 861 650 Lucilius
899 612 1126 661 satyrarum
1164 610 1232 648 lib.
1259 609 1360 648 VIII
1403 606 1685 660 “gallinaceus
1718 641 1726 648 .
1749 641 1756 648 .

169 698 177 708 .
235 671 531 710 onestemtelitus
563 671 711 723 digitos
748 672 942 722 primores
978 682 1078 719 quae
1109 671 1262 719 eriyunt
1293 663 1425 723 (erimt
1454 670 1552 708 olim
1583 665 1787 723 impressi)

234 727 446 782 unguis'’.’
518 730 633 777 Quod
675 731 733 769 in*
754 730 905 770 Aldina
948 731 1143 780 scriptum
1181 731 1243 769 est
1277 730 1436 769 sustulit
1471 731 1515 768 in
1555 730 1712 778 diyitos,
1744 729 1785 768 in

234 790 562 830 Lachmanniana
597 791 748 837 intulit,
790 793 827 830 is
863 791 1020 840 diyitos,
1062 790 1235 829 alterum
1273 789 1458 840 displicet
1493 790 1659 840 propter
1696 803 1783 840 per—

233 851 383 891 fectum
420 851 527 902 quod
565 853 721 903 pugnat
758 863 848 890 cum
886 851 999 900 eriyit
1035 851 1254 901 praesenti,
1299 849 1470 888 alterum
1511 849 1599 888 ideo
1638 850 1784 889 falsum

234 913 312 962 est,
352 911 460 961 quod
497 911 652 963 gallum
688 924 768 951 non
806 912 941 962 potest
971 910 1051 950 dici
1083 911 1235 962 erigere
1265 909 1415 961 digitos
1449 911 1489 948 et
1519 922 1686 961 ungues,
1717 910 1785 948 sed

234 983 275 1010 se
314 971 466 1023 erigere
503 973 545 1010 in
583 971 732 1023 digitos
770 973 810 1010 et
846 971 889 1010 in
926 971 1120 1022 primores
1161 982 1325 1022 ungues.
1389 970 1455 1009 Sic
1488 969 1637 1010 Seneca
1669 971 1784 1021 epist.

237 1033 341 1081 111,
375 1032 399 1070 3
447 1028 542 1071 ‘non
586 1032 767 1083 exsurgit
808 1032 851 1070 in
888 1031 1049 1082 plantas
1093 1043 1165 1070 nec
1214 1031 1381 1070 summis
1426 1029 1606 1069 ambulat
1645 1030 1785 1082 digitis

235 1104 373 1131 eorum
404 1104 526 1139 more,
559 1092 630 1142 qui
660 1091 867 1130 mendacio
899 1093 1097 1130 staturam
1129 1090 1326 1130 adiuuant
1356 1090 1636 1142 longioresque
1662 1103 1785 1141 quam

233 1153 328 1190 sunt
358 1151 488 1190 uideri
512 1148 683 1190 uolunt'.
746 1150 876 1197 Quare
903 1153 996 1190 ante
1025 1152 1165 1201 digitos
1196 1150 1354 1200 excidit,
1385 1151 1539 1201 opinor,
1570 1151 1634 1189 in:
1663 1163 1783 1201 porro

233 1211 351 1250 facile
390 1224 410 1251 e
448 1212 596 1251 litteris
634 1212 761 1251 telitus
800 1211 949 1251 efficias
986 1212 1107 1251 altius
1145 1223 1236 1250 eum
1276 1210 1482 1262 Vergilius
1512 1210 1612 1250 Aen.
1632 1210 1670 1249 V
1697 1211 1782 1249 426

232 1271 343 1311 dicat
376 1268 575 1311 ‘constitit
606 1271 647 1310 in
673 1271 822 1323 digitos
849 1272 1048 1323 extemplo
1074 1273 1251 1311 arrectus
1277 1267 1461 1322 uterque’
1489 1283 1623 1323 georg.
1643 1270 1706 1309 III
1728 1271 1782 1310 75

234 1328 440 1371 ‘continuo
472 1332 626 1382 pecoris
658 1332 840 1383 generosi
871 1332 1007 1383 pullus
1038 1332 1081 1370 in
1123 1333 1231 1371 aruis
1265 1331 1388 1371 altius
1421 1327 1661 1382 ingreditur'
1697 1331 1782 1370 553

234 1388 373 1443 ‘caput
421 1392 543 1431 altius
595 1388 736 1442 effert’,
782 1389 949 1444 ‘erigere
1002 1388 1098 1431 alte'
1153 1391 1311 1431 Lucret.
1340 1390 1398 1429 IV
1432 1392 1530 1430 404.
1611 1391 1785 1431 Honeste

232 1452 338 1491 810111
369 1452 479 1503 apud
509 1452 697 1491 Plautum
727 1452 828 1491 Rud.
850 1453 935 1491 463
971 1449 1050 1491 (0111
1087 1452 1144 1491 810
1182 1452 1275 1491 11010
1307 1453 1348 1490 10
1379 1451 1482 1490 ferre
1513 1451 1699 1500 honeste,
1736 1453 1784 1490 ut

231 1524 305 1563 ego
348 1511 451 1563 fero,
501 1514 547 1551 ut
595 1513 754 1563 placeas
803 1509 930 1551 mihi'.
998 1513 1198 1552 Primores
1233 1511 1389 1550 Nonius
1427 1511 1452 1549 1.
1479 1523 1508 1550 s.
1535 1523 1564 1550 s.
1608 1511 1783 1562 explicat

234 1568 427 1611 ‘summae
465 1585 646 1623 quaeque
684 1569 777 1622 res',
817 1572 924 1623 quod
960 1572 1205 1611 uocabulum
1241 1572 1418 1622 pertinet
1448 1569 1526 1610 ἀπὸ
1559 1576 1699 1611 κοινοῦ
1731 1571 1782 1609 ad

234 1631 384 1683 digitos
429 1634 469 1671 et
512 1632 564 1671 ad
605 1645 770 1684 ungues.
838 1632 895 1672 At
934 1631 1033 1671 Cato
1071 1631 1120 1670 de
1158 1632 1246 1684 agri
1284 1632 1378 1671 cult.
1405 1643 1490 1681 cap.
1521 1632 1594 1681 19,
1621 1632 1645 1670 2
1689 1644 1781 1670 cum

233 1691 386 1731 scribat
419 1689 606 1743 ‘digitum
635 1692 822 1742 pollicem
854 1692 1074 1731 laxamenti
1104 1688 1242 1731 facito’
1273 1693 1341 1741 20,
1368 1692 1392 1730 2
1422 1688 1600 1730 (01101038
1631 1691 1781 1730 solidas

232 1752 336 1791 latas
374 1751 546 1804 digitum
582 1752 770 1803 pollicem
805 1749 945 1791 facito'
981 1753 1056 1801 21,
1082 1753 1106 1790 2
1142 1749 1240 1791 (1310
1278 1751 1425 1803 digitos
1464 1750 1652 1802 primoris
1683 1751 1779 1800 IIII,

233 1811 314 1851 alte
359 1811 507 1863 digitos
549 1813 736 1863 primoris
770 1809 861 1863 III’,
905 1814 1075 1863 apparet
1116 1824 1232 1862 posse
1277 1813 1399 1851 ctiam
1443 1811 1627 1863 intellegi
1670 1811 1778 1862 apud

232 1871 433 1911 Lucilium
469 1872 518 1911 de
555 1872 684 1911 tribus
721 1872 962 1923 primoribus
994 1872 1196 1923 unguibus
1228 1871 1345 1923 galli,
1378 1871 1524 1922 quibus
1556 1872 1780 1910 contrarius

233 1934 294 1971 est
335 1932 532 1982 posterior
574 1945 677 1972 unus
722 1932 790 1983 qui
834 1934 894 1971 est
936 1932 1093 1983 pollicis
1131 1931 1271 1971 instar.
1340 1931 1489 1983 Agitur
1526 1931 1574 1970 de
1610 1932 1779 1971 muliere

233 2004 335 2042 quae
367 1992 538 2042 superba
569 1992 719 2032 incedit
750 1993 859 2053 gallo
889 1993 1036 2032 uictori
1067 1993 1211 2031 similis
1243 1992 1291 2031 de
1324 2004 1403 2042 quo
1434 1991 1591 2030 Aelian.
1618 1991 1666 2030 de
1696 1994 1778 2030 nat.

233 2051 352 2091 anim.
378 2051 437 2090 IV
468 2053 524 2092 29
573 2051 676 2124 μάιχῃ
727 2050 770 2092 δὲ
818 2050 1043 2106 ἀλεκτρυὼν
1086 2049 1152 2091 καὶ
1195 2054 1243 2109 τῇ
1286 2050 1387 2105 πρὸς
1429 2049 1550 2091 ἄλλον
1593 2048 1778 2104 ἡττηθεὶς

231 2109 382 2167 ἀγωνία
420 2111 495 2152 οὐκ
531 2109 583 2152 ἂν
620 2108 752 2152 ασειε.
805 2144 812 2151 .
838 2111 1036 2167 κρατήσας
1073 2109 1116 2152 δὲ
1152 2110 1301 2166 γαῦρός
1337 2110 1418 2152 ἐστι
1454 2109 1522 2151 καὶ
1558 2109 1785 2165 ὑψαυχενεῖ

231 2170 300 2211 καὶ
330 2170 591 2228 κυδρουμένῳ
622 2170 734 2212 ἔοικε

352 2226 463 2272 302.
494 2232 650 2272 Nonius
681 2246 728 2272 ex
759 2233 1022 2284 grammatico
1053 2245 1092 2283 p.
1113 2233 1182 2282 81,
1210 2233 1234 2271 5
1270 2229 1393 2272 ‘Buas
1431 2233 1638 2282 potionem
1656 2232 1777 2305 posi-

231 2293 318 2330 tum
362 2292 632 2342 paruulorum.
700 2292 830 2332 Varro
873 2291 971 2332 Cato
1014 2293 1080 2331 uel
1123 2292 1170 2331 de
1214 2292 1351 2331 liberis
1395 2290 1610 2331 educandis
1656 2288 1778 2330 “cum

232 2351 363 2391 cibum
395 2364 442 2391 30
471 2353 677 2402 potionem
707 2352 806 2391 buas
831 2365 878 2392 ac
909 2365 1064 2403 pappas
1094 2354 1252 2402 uocent,
1284 2354 1324 2390 et
1353 2353 1524 2390 matrem
1548 2358 1777 2402 mammam,

231 2413 389 2461 patrem
419 2409 592 2451 tatam''.
654 2412 833 2452 Lucilius
871 2412 939 2451 lib.
959 2412 1061 2451 VIII
1092 2424 1184 2451 cum
1222 2412 1450 2451 uinulentas
1483 2411 1640 2461 diceret,
1673 2413 1776 2450 uini-

232 2471 332 2510 buas
381 2469 635 2524 designauit?
717 2472 966 2512 Vocabulum
1017 2471 1218 2519 οἰνοπότις
1266 2470 1511 2511 Graecorum
1566 2471 1776 2510 transtulit

232 2531 422 2571 Lucilius.
484 2531 748 2571 Vinulentam
778 2532 986 2571 mulierem
1017 2532 1282 2583 descripserat
1312 2531 1380 2570 lib.
1400 2531 1460 2570 VI
1484 2545 1522 2569 u.
1550 2532 1635 2570 238
1669 2531 1775 2581 (111οᾱ

233 2590 390 2643 egregie
433 2591 530 2631 fecit
572 2594 712 2631 auctor
750 2591 923 2631 Graecus
963 2592 1099 2631 Plauti
1138 2591 1386 2631 Curculionis
1424 2605 1462 2629 u.
1497 2592 1550 2630 96
1585 2603 1692 2641 seqq.
1735 2594 1776 2630 et

233 2651 377 2690 artifex
402 2652 507 2703 signi
533 2651 639 2702 quod
665 2652 779 2703 Scyri
803 2653 955 2692 factum
980 2654 1042 2691 est
1065 2652 1211 2690 Lucilii
1236 2652 1318 2691 fere
1337 2653 1516 2701 tempore
1536 2650 1775 2701 lepidissimi

234 2712 305 2761 qui
345 2723 469 2750 anum
510 2711 627 2751 finxit
668 2712 880 2763 lagoenam
917 2713 1003 2750 arte
1041 2712 1349 2762 circumplexam
1387 2710 1552 2762 Ephem.
1579 2711 1772 2749 archaeol.

237 2772 348 2810 1891
388 2771 470 2810 tab
502 2772 537 2809 X
575 2766 631 2825 (p.
662 2772 744 2810 145
763 2766 905 2845 seqq.)
956 2784 1047 2810 cum
1098 2772 1358 2838 inscriptione
1407 2771 1482 2810 hac
1529 2776 1654 2823 γραῦς
1703 2769 1774 2821 ἥδε

233 2829 447 2883 οἰνοφόρος
477 2828 722 2883 κεχαρημένη
753 2824 829 2870 ὦδε
859 2829 1044 2882 καθηται.

353 2885 464 2931 303.
494 2890 651 2929 Νο111118
676 2904 714 2941 p.
735 2891 834 2941 260,
861 2892 914 2930 27
944 2887 1204 2942 ‘Conponere,
1229 2890 1480 2941 coniungere
1513 2889 1772 2929 ..Lucilius

232 2953 463 3000 satyrarum
505 2950 573 2989 lib.
599 2950 699 2989 VIII
741 2947 768 2964 ((
773 2963 864 2990 01110
908 2950 1024 3001 poclo
1068 2950 1196 2999 eodem
1239 2950 1353 2988 obuio
1396 2950 1616 3000 amplector
1658 2950 1772 2989 labra

232 3010 383 3049 labellis
419 3022 599 3061 conpono
632 3042 639 3048 .
668 3042 676 3049 .
704 3041 712 3049 .
743 3023 833 3049 cum
871 3011 956 3059 ipso
993 3011 1072 3049 loco
1102 3006 1304 3058 pomas''.'
1374 3009 1484 3048 Idem
1523 3023 1560 3060 p.
1582 3010 1686 3059 308,
1716 3012 1768 3049 17

305 3083 503 3128 liucinii-en.
523 3084 567 3110 ed.
588 3083 698 3110 Maux.
735 3084 776 3113 11,
1462 3079 1484 3111 8
