2060 3444
875 301 909 342 11
934 317 969 343 u.
997 304 1149 343 *ιε-46.
1726 298 1785 347 35

242 421 291 462 A.
311 420 354 461 P.
379 418 458 461 XII
485 422 523 472 3,
551 421 588 461 5.
624 422 722 472 242,
751 424 793 461 1:
830 422 946 472 paria
986 420 1064 460 duo
1102 419 1389 460 uocabulorum
1426 417 1574 459 eisdem
1610 417 1785 470 incipere

243 483 374 523 uoluit
402 483 523 534 poeta
553 482 711 522 litteris.
764 482 971 532 Capitatus
996 483 1190 521 nouatum
1215 493 1298 520 esse
1323 480 1483 519 uidetur
1508 479 1559 519 ad
1585 478 1787 530 exemplar

243 541 387 583 Graeci
415 540 652 593 κεφαλωτός.
1083 537 1085 539 ’

365 597 441 644 73.
472 602 627 643 Nonius
658 616 695 653 p.
726 603 822 652 187,
851 603 903 641 19
937 615 982 641 ex
1014 601 1275 654 grammatico
1303 597 1463 652 ‘Vulga‚
1495 599 1696 651 capacitas
1721 600 1787 638 uel

244 662 354 703 sinus
385 675 476 702 cum
506 663 685 702 laxitate.
747 661 926 702 Lucilius
958 661 1026 702 lib.
1051 661 1094 700 H
1126 658 1199 700 “in
1237 661 1400 710 uulyam
1437 662 1648 711 penetrare
1685 659 1786 711 pilo·

244 719 373 763 sam''.
408 754 415 761 .
450 754 457 761 .
492 720 514 761 .’
590 722 650 762 De
694 722 819 775 bulga
861 722 956 762 conf
995 720 1047 760 ad
1088 720 1157 760 lib.
1188 720 1321 759 XXVI
1349 734 1386 759 u.
1414 720 1519 770 623,
1563 721 1624 759 est
1666 717 1787 766 ἀσκός

243 782 474 822 Archilochi
505 780 579 834 (72
594 777 668 836 B);
693 783 868 832 pilosam
897 783 942 821 ut
968 779 1053 820 CIL
1078 780 1137 820 IV
1172 781 1287 820 1830
1313 780 1401 820 add.
1433 794 1471 830 p.
1500 781 1584 819 312
1612 779 1787 818 Bueche-

243 843 349 883 lerus
382 841 481 882 OLE
508 842 528 881 I
558 856 596 894 p.
627 843 723 892 109,
751 843 849 893 230,
879 843 1102 892 penetrare,
1134 842 1180 880 ut
1210 839 1369 880 Lucret.
1395 840 1454 879 IV
1484 841 1608 879 1111,

368 898 444 943 74.
477 901 723 942 Glossarium
755 902 829 942 cod
860 902 1049 942 Vaticani
1082 900 1181 940 CGL
1207 901 1265 939 IV
1296 914 1334 951 p.
1360 899 1499 939 XVIH
1529 900 1628 939 Mus.
1663 899 1786 938 Rhen.

245 962 314 1003 XL
343 963 456 1002 1885
490 976 527 1015 p.
556 963 640 1003 326
670 959 885 1013 ‘pedicumz
917 962 1067 1001 uicium
1092 961 1300 1001 mollitiae.
1343 959 1521 1000 Lucilius
1552 960 1595 998 in
1620 959 1662 999 II
1693 959 1787 999 sati-

243 1036 381 1063 rarum
413 1020 629 1074 “pedicum
659 1024 742 1062 iam
773 1023 958 1074 excoquit
989 1019 1165 1061 omne''.'
1217 1022 1375 1071 uitium,
1406 1022 1432 1060 i.
1459 1034 1490 1060 e.
1523 1019 1684 1060 morbus
1710 1032 1786 1059 ser·

243 1096 360 1123 mone
391 1083 562 1135 uulgari.
624 1081 879 1122 Probabilius
911 1084 971 1122 est
1001 1083 1166 1133 propter
1196 1081 1418 1122 bucolicam
1454 1093 1660 1120 caesuram
1696 1080 1789 1119 huic

243 1143 377 1186 uersui
414 1143 549 1183 deesse
585 1144 742 1194 partem
778 1143 1108 1194 semiquinariam
1145 1155 1267 1193 quam
1303 1139 1402 1181 κατὰ
1438 1140 1570 1195 τρίτον
1606 1142 1789 1194 τροχαῖον

243 1203 410 1244 heroum
439 1203 560 1244 fuisse
585 1202 818 1243 dissectumt
850 1202 953 1242 unde
980 1214 999 1241 e
1025 1202 1204 1242 litteram
1228 1202 1465 1253 productam
1491 1202 1612 1240 fuisse
1639 1202 1788 1240 statue-

244 1275 333 1303 mus
363 1264 406 1303 in
437 1263 632 1303 uocabulo
656 1263 852 1312 pedicwm.
916 1262 1031 1309 Quod
1067 1263 1266 1314 pertinere
1299 1261 1474 1301 arbitror
1505 1261 1555 1301 ad
1589 1260 1710 1312 pedes
1747 1260 1790 1299 id

245 1324 306 1364 est
336 1325 525 1376 φθεῖρας,
556 1336 634 1374 quo
666 1322 913 1376 significetur
943 1323 1104 1362 morbus
1136 1322 1390 1374 peducularis
1423 1334 1545 1372 quam
1575 1321 1789 1372 pthiriasin

243 1383 366 1435 uulgo
409 1383 548 1423 dicunt
585 1382 733 1423 Graece
772 1377 903 1438 (Seru.
937 1383 988 1423 ad
1013 1383 1131 1435 Verg.
1159 1381 1300 1435 Georg.
1326 1382 1390 1422 Π]
1417 1376 1535 1437 564).
1611 1380 1697 1428 Quo
1741 1381 1790 1420 de

245 1444 380 1496 agitur
410 1443 518 1496 apud
541 1443 805 1484 Plutarchum
829 1443 940 1483 Alex.
967 1456 1052 1495 cap.
1082 1443 1136 1482 55
1153 1444 1263 1493 extr,
1294 1443 1365 1482 ubi
1391 1442 1677 1482 Callisthenem
1707 1444 1788 1480 tra-

244 1504 354 1543 ditur
383 1501 609 1544 ἆποθανεῖν
639 1501 871 1557 ὑπέρπαχυν
901 1502 1117 1557 γενόμενον
1153 1501 1219 1542 καὶ
1257 1501 1569 1556 φθειριάσαντα,
1606 1501 1790 1553 pluribus

243 1565 287 1603 in
325 1565 412 1603 uita
450 1563 586 1604 Sullae
623 1577 709 1615 cap.
737 1565 791 1603 36
831 1565 944 1604 cuius
982 1563 1172 1603 mollities
1209 1563 1271 1602 his
1310 1562 1442 1602 uerbis
1480 1563 1689 1602 enarratur
1730 1559 1790 1601 Οὐ

245 1622 326 1676 μὴν
356 1621 454 1663 ἀλλὰ
483 1622 550 1663 καὶ
581 1623 730 1676 ταύτην
754 1622 853 1677 ἔχων
884 1622 948 1663 ἐπὶ
979 1629 1050 1675 τῆς
1075 1622 1203 1670 οἰκίας
1227 1628 1357 1675 συνῆν
1382 1622 1516 1675 μίμοις
1539 1620 1698 1675 γυναιξὶ
1722 1619 1789 1661 καὶ

248 1683 539 1737 κιθαριστρίαις
568 1682 636 1723 καὶ
665 1685 899 1736 θυμελικοῖς
929 1681 1163 1737 ἀνθρώποις
1195 1681 1259 1722 ἐπὶ
1296 1682 1494 1735 στιβάδων
1534 1677 1601 1734 ἀφ’
1643 1679 1791 1735 ἡμέρας

246 1742 456 1795 συμπίνων
482 1774 490 1782 .
519 1775 525 1782 .
554 1775 561 1782 .
584 1740 709 1784 Ὅθεν
740 1741 807 1783 καὶ
838 1742 912 1795 τὴν
942 1742 1063 1783 νόσον
1094 1737 1158 1783 ἀπ’
1194 1741 1321 1790 αἰτίας
1354 1740 1529 1796 ἐλαφρᾶς
1565 1739 1791 1795 ἀρξαμένην

245 1801 435 1857 ἐξέθρεψε
462 1836 469 1843 .
498 1834 506 1842 .
533 1834 541 1843 .
567 1799 635 1855 ὑφ’
669 1797 719 1855 ἧς
749 1802 815 1843 καὶ
845 1802 919 1855 τὴν
950 1802 1075 1858 σάρκα
1101 1802 1396 1855 διαφθαρεῖσαν
1421 1801 1478 1851 εἰς
1503 1804 1677 1855 φθεῖρας
1701 1816 1790 1854 μετ-

227 1861 358 1916 ·έβαλε
394 1869 526 1903 πᾶσαν
559 1895 567 1902 .
601 1894 609 1903 .
643 1894 651 1902 .
694 1861 769 1903 Διὸ
807 1862 994 1912 πολλάκις
1031 1868 1101 1916 τῆς
1144 1859 1293 1916 ἡμέρας
1337 1861 1394 1911 εἰς
1436 1861 1545 1916 ὕδωρ
1589 1859 1791 1915 ἐνέβαινεν

247 1921 443 1971 ἐκκλύζων
480 1922 523 1963 τὸ
561 1929 673 1975 σῶμα
710 1921 777 1963 καὶ
814 1921 1177 1978 ἀπορρυπτόμενος.
1240 1922 1391 1969 Quibus
1427 1922 1562 1962 uerbis
1601 1922 1792 1973 explicari

248 1985 341 2034 apte
370 1982 474 2022 illud
506 1985 678 2032 eoecoquit
714 1984 917 2023 existimo:
955 1983 1051 2023 conf
1078 1983 1196 2034 Verg.
1230 1981 1372 2035 Georg.
1397 1983 1418 2022 Ι
1445 1983 1499 2022 88
1541 1980 1637 2022 ‘illis
1675 1995 1790 2022 omne

246 2056 318 2095 per
346 2043 482 2095 ignem
510 2043 748 2094 excoquitur
771 2040 931 2082 uitium’
960 2043 1066 2094 quod
1091 2043 1278 2082 imitatur
1303 2041 1471 2082 Ouidius
1497 2043 1588 2082 fast.
1613 2042 1672 2081 IV
1694 2043 1791 2082 786.

246 2103 352 2142 Nam
383 2102 432 2142 de
462 2103 605 2144 balneo
637 2105 772 2156 agitur
803 2116 882 2154 quo
913 2104 1077 2143 lauatur
1106 2104 1226 2142 homo
1259 2103 1420 2154 quidem
1446 2104 1629 2153 impurus
1655 2104 1725 2153 qui
1749 2104 1791 2142 in

246 2162 349 2202 libro
373 2163 416 2203 Π
446 2162 593 2203 Lucilii
620 2163 838 2215 ridebatur,
869 2165 988 2203 sicuti
1014 2163 1236 2203 Columella
1260 2164 1429 2215 praefat.
1461 2177 1498 2214 p.
1529 2164 1581 2202 17
1616 2163 1673 2202 ed.
1701 2163 1790 2213 Bip.

246 2222 386 2263 scribit
423 2223 608 2263 similiter
644 2224 875 2264 cruditatem
913 2224 1123 2263 Laconicis
1166 2225 1422 2273 excoquimus.
1492 2222 1642 2269 Quodsi
1684 2226 1790 2263 recte

247 2283 610 2324 demonstrauimus
639 2284 743 2323 libro
767 2283 810 2323 Π
835 2285 1063 2324 saturarum
1087 2283 1249 2323 Albucii
1275 2284 1518 2323 accusatoris
1544 2286 1584 2323 et
1610 2282 1654 2329 Q.
1668 2283 1792 2322 Mucii

249 2343 465 2383 Scaeuolae
501 2344 676 2396 Auguris
714 2344 1023 2395 repetundarum
1066 2345 1124 2383 rei
1167 2344 1448 2383 altercationes
1492 2343 1601 2394 apud
1643 2343 1792 2383 iudices

248 2404 433 2443 narratas
469 2404 610 2452 fuisse,
653 2403 745 2443 uide
781 2417 830 2443 ne
867 2404 961 2443 huic
998 2403 1220 2456 sententiae
1257 2403 1497 2455 suffragetur
1533 2403 1644 2443 istud
1685 2404 1791 2455 frag-

248 2465 429 2503 mentum
471 2466 712 2515 comparatis
760 2465 817 2504 eis
867 2477 968 2514 quae
1018 2463 1126 2515 apud
1168 2463 1429 2503 Plutarchum
1466 2464 1491 2503 1.
1530 2476 1559 2503 s.
1604 2463 1793 2516 leguntur

249 2520 416 2576 Λέγεται
459 2520 502 2563 δὲ
544 2529 624 2563 τῶν
664 2522 736 2576 μὲν
778 2523 886 2563 πάνυ
923 2526 1103 2563 παλαιῶν
1136 2519 1330 2563 ’Ἀκαστον
1374 2522 1666 2576 φθειριάσαντα
1698 2555 1706 2562 .
1742 2555 1748 2561 .

249 2585 492 2636 τελευτῆσαι,
538 2589 616 2623 τῶν
660 2581 704 2623 δὲ
752 2581 926 2637 ὑστέρων
970 2579 1168 2635 Ἀλκμᾶνα
1201 2614 1210 2622 .
1237 2614 1244 2622 .
1272 2613 1280 2621 .
1312 2581 1379 2622 καὶ
1422 2581 1678 2635 Καλλισθένη
1711 2614 1719 2622 .
1747 2614 1755 2622 .
1783 2614 1790 2622 .

250 2640 304 2682 ἔτι
332 2640 379 2683 δὲ
410 2642 603 2683 Μούκιον
632 2642 703 2684 τὸν
732 2642 912 2695 νομικόν.
975 2642 1121 2683 Omnes
1152 2643 1234 2682 fere
1265 2643 1417 2682 Mucios
1449 2642 1641 2695 νομικοὺς
1669 2643 1790 2683 fuisse

250 2704 314 2742 sat
349 2705 523 2743 constat:
561 2703 629 2744 sed
665 2703 713 2742 de
744 2703 920 2755 Auguris
956 2703 1188 2743 ualetudine
1225 2703 1481 2754 pessumdata
1517 2703 1655 2742 multis
1695 2703 1792 2742 locis

250 2763 372 2802 refert
403 2762 540 2803 Cicero
571 2764 642 2814 qui
665 2763 847 2812 perditus
875 2764 1026 2809 morbo,
1064 2775 1229 2803 mwncus
1260 2762 1417 2803 dicatur
1447 2776 1520 2814 pro
1553 2762 1650 2802 Bab.
1683 2763 1789 2814 perd.

254 2823 292 2872 7,
319 2824 371 2862 21
398 2823 559 2872 perdita
589 2823 814 2863 ualetudine
838 2822 1011 2874 Philipp.
1037 2823 1137 2862 Vm
1165 2825 1232 2873 10,
1260 2825 1328 2873 31,
1361 2825 1471 2862 cuius
1500 2825 1541 2862 et
1565 2823 1727 2863 morbus
1752 2826 1792 2862 et

251 2882 349 2921 iuris
380 2882 594 2933 prudentia
622 2884 867 2922 memoratur
895 2882 944 2922 de
969 2895 1024 2922 or.
1049 2883 1070 2922 I
1097 2884 1183 2922 200
1210 2878 1281 2936 (ad
1306 2883 1391 2922 Att.
1417 2883 1476 2922 IV
1505 2884 1571 2933 16,
1593 2878 1650 2938 3).
1695 2884 1792 2923 Iure

244 2942 418 2991 peritum
450 2942 618 2993 denique
649 2944 690 2982 et
718 2942 920 2982 hominem
949 2943 1192 2992 impuratum
1222 2942 1381 2982 irrisum
1413 2943 1534 2982 fuisse
1566 2943 1670 2982 libro
1694 2943 1736 2982 H
1770 2956 1790 2982 e

250 3001 434 3053 reliquiis
465 3001 564 3042 satis
596 3004 780 3054 apparet:
812 3003 907 3043 conf
933 3015 1000 3042 uu.
1029 3003 1096 3042 57.
1124 3003 1190 3041 66.
1219 3003 1286 3042 81.

374 3056 450 3103 75.
481 3061 583 3101 Non.
621 3075 658 3112 p.
688 3063 754 3114 11,
782 3063 807 3102 8
847 3059 1061 3102 ‘Lurcones
1105 3062 1203 3102 dicti
1246 3064 1339 3102 sunt
1383 3076 1406 3102 a
1446 3062 1664 3105 lurchando
1697 3093 1706 3101 .
1740 3093 1748 3101 .
1782 3093 1791 3102 .

1488 3130 1504 3148 ¹·

1458 3133 1479 3166 3
