2060 3444
272 275 361 316 414
762 274 891 308 incert.
920 273 995 308 sed.
1022 285 1056 308 u.
1087 276 1332 308 1300—1304.

273 387 495 440 πρεσβύτην
532 386 598 426 καὶ
629 384 782 438 ἀμειδῆ.
843 383 1051 439 ἀγέλαστος
1096 387 1305 436 antiquum
1352 386 1589 425 uocabulum
1632 386 1812 425 Atticum

275 443 438 500 (Hymn.
466 446 549 485 Cer.
573 448 657 485 200
684 446 866 496 Aeschyl.
887 447 1028 497 fragm.
1054 447 1138 485 290
1152 440 1208 499 N)
1234 445 1472 484 Plutarchus
1498 445 1660 484 adhibet
1688 444 1811 484 Cicer.

275 520 357 557 cap.
379 506 589 544 XXXVIII
612 506 712 544 med.

399 560 537 606 1301.
569 565 661 604 uide
693 565 742 603 ad
775 565 842 603 lib.
862 565 899 602 V
924 578 961 603 u.
991 566 1087 603 213.

397 620 538 664 1302.
577 625 751 664 Isidorus
790 625 887 676 orig.
914 623 1029 662 XVII
1058 626 1100 674 7,
1128 625 1182 663 27
1225 620 1422 664 ‘Suberies
1467 624 1600 674 arbor,
1643 636 1690 662 ex
1733 637 1820 674 qua

274 685 544 725 ualidissimas
586 686 718 724 cortex
755 685 978 724 natatorius
1019 684 1251 723 extrahitur.
1321 686 1361 722 et
1397 683 1486 722 ideo
1528 684 1731 735 appellata
1766 696 1812 724 eo

274 742 484 797 (nomine)
517 744 620 795 quod
652 745 804 784 fructus
837 746 920 784 eius
952 756 1042 782 sues
1074 743 1212 783 edunt:
1245 755 1455 794 porcorum
1487 744 1591 782 enim
1622 745 1813 783 alimenta

259 807 368 844 ⁴sunt
407 818 485 844 non
529 805 751 854 hominum,
795 806 835 843 et
877 804 985 842 dicta
1028 803 1202 844 suberies
1244 803 1358 853 quasi
1396 800 1603 843 subedies’.
1672 803 1813 842 Festus

276 879 312 914 p.
337 865 433 914 294,
462 865 514 903 15
550 861 706 889 ‘—————
732 877 778 902 ex
810 877 889 914 qua
928 865 1060 902 cortex
1252 863 1428 902 Lucilius
1454 885 1525 889 —---
1548 885 1596 888 ----
1620 864 1654 901 ti
1685 863 1812 902 hiber-

276 936 376 962 nacu
403 921 570 962 --w—J.
646 923 767 969 Quem
821 923 951 963 locum
994 923 1081 962 iure
1124 923 1233 962 Festi
1277 922 1446 961 editores
1491 923 1725 973 supplerunt
1767 935 1813 961 ex

276 983 419 1023 Isidori
458 983 589 1022 uerbis
621 996 649 1022 s.
676 996 704 1022 s.
760 983 902 1033 Itaque
938 982 1086 1022 Lucilii
1123 994 1259 1022 uersus
1304 982 1533 1021 continebat
1576 981 1813 1022 uocabulum

275 1043 445 1082 suberies
483 1042 587 1093 quod
625 1043 722 1082 alibi
759 1055 838 1082 non
879 1043 1098 1092 inuenitur,
1137 1043 1353 1081 formatum
1391 1042 1521 1081 fuerat
1559 1055 1583 1081 a
1612 1043 1732 1093 poeta
1764 1041 1814 1081 ad

277 1103 576 1142 similitudinem
601 1103 844 1142 substantiui
867 1103 1059 1142 materies.
1116 1102 1327 1141 Praeterea
1353 1104 1540 1152 quartum
1567 1104 1605 1141 et
1630 1102 1814 1152 quintum

275 1163 414 1212 pedem
445 1162 661 1201 hexametri
694 1163 926 1212 oppleuerat
955 1162 1209 1202 hibernacula
1240 1162 1478 1201 uocabulum
1505 1174 1632 1212 neque
1659 1161 1814 1200 dubita-

276 1222 401 1261 uerim
439 1222 535 1272 quin
572 1222 720 1260 milites
751 1222 922 1261 Romani
953 1221 1023 1260 illa
1067 1223 1231 1260 materie
1263 1221 1324 1260 usi
1368 1221 1666 1261 exaedificarint
1709 1220 1815 1272 apud

278 1283 436 1331 poetam
473 1281 730 1320 hibernacula
768 1293 841 1320 sua
878 1293 955 1331 quo
987 1280 1181 1320 uocabulo
1222 1281 1352 1319 solent
1383 1293 1496 1320 casae
1527 1282 1638 1331 ipsae
1670 1281 1813 1331 quibus

276 1342 489 1380 utebantur
526 1342 566 1379 in
604 1340 779 1380 hibernis
819 1340 1023 1391 appellari.
1080 1340 1219 1390 Neque
1247 1353 1366 1390 porro
1404 1340 1567 1378 dubium
1609 1342 1685 1379 erit
1715 1341 1814 1390 quin

276 1402 317 1439 in
358 1400 555 1451 Hispania
597 1402 705 1439 terra
750 1413 798 1439 ea
837 1401 998 1451 regione
1043 1413 1122 1450 qua
1162 1400 1382 1438 Numantia
1425 1402 1464 1439 et
1508 1399 1693 1439 Palantia
1736 1400 1814 1439 sita

276 1462 390 1499 erant
420 1460 567 1511 oppida
597 1460 670 1498 illa
701 1460 956 1499 hibernacula
988 1460 1137 1498 fuerint
1174 1460 1317 1510 posita.
1378 1459 1481 1498 Nam
1515 1461 1743 1498 etiamnunc
1775 1461 1815 1498 et

275 1522 316 1558 in
348 1520 558 1558 Lusitania
589 1522 628 1559 et
659 1521 702 1559 in
732 1519 1018 1559 Estremadura
1049 1521 1251 1570 superiore
1283 1519 1457 1558 suberies
1493 1519 1611 1558 arbor
1641 1520 1815 1570 plurima

277 1579 468 1618 nascitur:
496 1581 604 1618 nasci
629 1592 716 1618 eam
742 1580 783 1617 in
804 1579 1000 1629 Hispania
1026 1592 1105 1629 qua
1130 1580 1171 1617 in
1197 1580 1304 1618 terra
1323 1579 1517 1630 hodieque
1537 1579 1815 1618 celeberrimae

277 1641 468 1678 corticum
511 1642 606 1678 sunt
648 1639 821 1678 fabricae
860 1652 905 1678 ex
944 1639 1101 1678 silentio
1139 1638 1262 1677 Plinii
1300 1639 1465 1690 colligas
1503 1639 1572 1689 qui
1609 1640 1690 1677 nat.
1722 1638 1814 1678 hist.

277 1699 371 1737 XVI
398 1701 452 1737 34
486 1699 532 1737 de
559 1699 697 1737 subere
724 1696 832 1738 ‘usus
858 1700 943 1737 eius
971 1730 977 1737 .
1001 1730 1008 1739 .
1031 1729 1038 1736 .
1065 1698 1252 1737 cadorum
1278 1698 1578 1747 obturamentis‚
1609 1700 1815 1748 praeterea

276 1760 319 1796 in
355 1758 518 1797 hiberno
563 1758 798 1798 feminarum
839 1758 1017 1797 calceatu
1044 1789 1051 1796 .
1074 1789 1111 1796 ..
1143 1760 1236 1798 sunt
1273 1760 1312 1797 et
1352 1759 1421 1808 qui
1458 1759 1648 1796 feminam
1685 1757 1814 1796 ilicem

277 1820 438 1867 uocent,
476 1820 614 1868 atque,
651 1818 718 1857 ubi
757 1831 835 1856 non
874 1818 1051 1857 nascitur
1087 1818 1182 1867 ilex,
1220 1831 1290 1868 pro
1331 1830 1376 1856 ea
1407 1817 1545 1856 subere
1578 1819 1744 1856 utantur
1773 1819 1815 1856 in

279 1878 540 1928 carpentariis
571 1878 782 1927 praecipue
814 1877 993 1927 fabricis,
1030 1879 1076 1916 ut
1112 1878 1217 1916 circa
1248 1877 1353 1915 Elim
1391 1878 1431 1916 et
1468 1877 1814 1916 Lacedaemonem.

278 1950 348 1976 nec
385 1938 426 1975 in
463 1937 585 1976 Italia
621 1939 709 1976 tota
746 1938 924 1976 nascitur
961 1939 1033 1975 aut
1068 1937 1110 1975 in
1149 1935 1283 1975 Gallia
1319 1934 1506 1975 omnino':
1548 1937 1642 1976 conf
1668 1936 1816 1976 Hehnii

278 1997 423 2035 librum
468 1997 515 2036 de
559 1997 707 2046 plantis
751 1998 791 2035 et
833 1996 970 2035 bestiis
1013 1996 1238 2036 domesticis
1280 1995 1374 2035 edit.
1406 1995 1465 2034 VI
1499 1997 1612 2035 1894
1650 2010 1688 2047 p.
1718 1997 1815 2035 559.

280 2056 447 2106 Scripsit
471 2058 590 2106 poeta
619 2056 694 2094 hoc
718 2056 800 2094 fere
825 2055 941 2094 modo
963 2053 1168 2106 ‘siluisque
1190 2056 1425 2105 propinquis
1445 2055 1639 2094 suberiem
1658 2056 1812 2107 largam

278 2116 386 2153 nacti
416 2115 673 2154 hibernacula
704 2112 884 2165 ponunt’.
1441 2152 1443 2154 .

402 2169 541 2214 1303.
567 2175 715 2213 Paulus
740 2188 777 2225 p.
800 2176 897 2224 276,
920 2175 972 2213 13
1002 2171 1230 2213 ‘Remillum
1256 2174 1402 2213 dicitur
1426 2176 1541 2225 quasi
1562 2170 1809 2225 repandum'.

280 2235 419 2272 Festus
448 2247 484 2284 p.
507 2236 604 2283 277,
632 2236 687 2273 20
714 2231 786 2272 ‘Re
979 2234 1157 2274 Lucilius
1185 2231 1315 2273 “suda
1376 2257 1397 2260 ν
1413 2257 1479 2260 -
1505 2230 1746 2284 remilinm''‚
1771 2236 1811 2272 et

280 2290 496 2345 Afra<nius
540 2289 646 2348 (423
661 2288 713 2346 R)
847 2291 1082 2345 co>xeudice
1137 2307 1302 2345 pergam
1350 2290 1622 2346 <remillo>”.'
1704 2293 1813 2332 Suda

279 2356 488 2391 uentorum
537 2355 631 2393 sunt
678 2353 841 2392 flamina
891 2349 977 2407 (lib.
1003 2354 1133 2392 XXIX
1163 2367 1201 2392 u.
1229 2348 1334 2407 871)
1384 2354 1448 2392 uel
1494 2355 1711 2404 tempestas
1754 2354 1814 2392 ita

280 2413 522 2463 appellatur:
548 2414 740 2452 remillum
759 2413 864 2463 quod
882 2414 1102 2462 repandum
1121 2413 1318 2453 adiectiuo
1338 2416 1497 2452 enarrat
1516 2413 1814 2465 grammaticus,

280 2474 398 2511 sicuti
427 2473 646 2521 repandum
672 2468 743 2511 lib.
763 2472 799 2509 V
824 2487 861 2511 u.
890 2474 994 2521 212,
1027 2475 1067 2511 et
1096 2473 1289 2512 remillum
1319 2473 1361 2511 in
1389 2485 1508 2511 uersu
1539 2485 1567 2512 s.
1588 2486 1616 2512 s.
1643 2473 1815 2521 Afranii,

279 2533 376 2571 item
417 2533 460 2570 in
502 2532 575 2571 hoc
618 2545 738 2571 uersu
781 2533 832 2571 ad
872 2545 1014 2582 corpus
1059 2533 1232 2571 hominis
1280 2532 1343 2571 uel
1388 2532 1573 2571 animalis
1617 2531 1815 2583 pertinere

280 2592 468 2630 conicias:
520 2589 647 2644 ‘tergo
698 2592 886 2641 delphina
934 2589 1114 2631 recuruo'
1161 2590 1276 2630 Ouid.
1309 2592 1398 2631 fast.
1429 2591 1472 2630 H
1505 2592 1600 2630 113.
1673 2591 1816 2641 Itaque

241 2677 247 2680 -
280 2652 401 2690 talem
445 2652 526 2690 fere
570 2664 728 2690 uersum
771 2652 1007 2691 constituas:
1053 2648 1246 2701 ‘sudaque
1289 2650 1467 2701 delphini
1510 2653 1665 2702 tergum
1704 2651 1816 2689 fouet

282 2724 379 2749 aura
409 2708 636 2749 remillum’.

404 2765 543 2810 1304.
576 2770 705 2809 Varro
736 2770 783 2809 de
807 2770 947 2822 lingua
972 2769 1118 2809 Latina
1142 2770 1244 2809 libro
1269 2770 1348 2809 VH
1374 2771 1427 2809 47
1458 2767 1593 2820 ‘Apud
1618 2769 1815 2808 Lucilium

314 2861 320 2867 .
343 2861 349 2868 .
377 2832 417 2868 et
449 2827 634 2869 “sumere
664 2832 705 2869 te
738 2832 859 2880 atque
891 2826 1057 2868 amian’'
1086 2829 1255 2879 piscium
1279 2829 1441 2869 nomina
1467 2832 1570 2879 sunt,
1601 2841 1815 2879 eorumque

280 2892 321 2927 in
354 2888 533 2928 Graecia·
551 2887 690 2941 origo'.
747 2889 857 2928 Paul.
883 2889 987 2929 Fest.
1014 2890 1106 2939 epit.
1133 2903 1174 2939 p.
1193 2891 1261 2938 21,
1289 2891 1312 2928 9
1342 2886 1489 2928 ‘amian
1519 2901 1641 2941 genus
1666 2885 1814 2939 piscis'.

280 2950 426 2999 Agitur
477 2949 524 2987 de
576 2950 683 2988 amia
734 2949 878 2987 Athen.
916 2949 995 2987 VII
1043 2962 1080 2999 p.
1115 2950 1197 2987 277
1226 2948 1257 2986 F
1297 2962 1403 2998 seqq.
1446 2948 1580 2987 Sotad.
1622 2947 1737 2986 OAF
1773 2947 1815 2986 H

282 3021 318 3057 p.
341 3009 438 3062 448,
459 3009 512 3046 26
529 3008 574 3046 Κ,
626 3008 982 3047 Penthemimerem
1000 3011 1106 3047 recte
1124 3007 1314 3047 traditam
1335 3020 1414 3047 non
1434 3010 1494 3047 est
1512 3019 1582 3046 cur
1599 3009 1815 3046 mutemus:
