2060 3444
811 291 896 331 XIV
922 307 957 331 u.
984 296 1186 332 473-4'14.
1701 290 1782 336 177

354 401 466 450 473.
498 409 653 450 Nonius
685 423 732 449 ex
763 411 1026 462 grammatico
1057 423 1095 461 p.
1118 410 1216 459 220,
1244 410 1300 449 20
1327 405 1541 458 ‘Prosecta,
1566 409 1659 448 exta
1683 420 1786 460 quae

234 471 315 509 aris
367 469 516 509 dantur
565 483 611 509 ex
660 470 770 510 fibris
819 470 1016 521 pecudum
1065 470 1255 518 dissecta,
1305 470 1400 509 sunt
1442 470 1598 521 generis
1642 469 1786 507 neutri.

236 562 243 570 .
266 563 273 569 .
296 562 303 569 .
324 529 516 570 feminino
542 529 729 578 Lucilius¹
746 530 814 569 lib.
841 530 961 569 XIIII
1001 527 1169 569 “cenam
1195 530 1336 580 inquin
1368 523 1446 583 (ita
1472 529 1529 567 L:
1560 530 1695 579 inquit
1728 525 1785 581 G)

237 623 244 630 .
267 622 273 629 .
297 624 304 630 .
319 593 540 640 prosectam
571 587 741 630 ullam”.
798 591 927 630 Varro
953 589 1080 642 ertiffi·
1107 590 1337 628 diuinarum
1370 589 1437 627 lib.
1459 589 1516 627 XI
1543 586 1786 639 “prosiciem

236 653 419 690 extorum
457 651 522 690 uel
558 652 602 690 in
639 664 817 691 mensam
855 648 1110 702 porricere”.'
1177 649 1341 700 Oenam,
1385 650 1590 700 inquisne,
1634 649 1787 688 nullam

236 724 363 762 neque
389 710 483 750 diuo
508 713 720 763 prosiciem
746 712 872 751 ullam
897 711 982 750 fieri
1002 711 1178 751 fremunt
1197 709 1362 750 omnes?
1411 710 1532 749 Recte
1553 723 1574 749 e
1595 709 1787 748 Varronis

234 771 369 811 uerbis
399 773 611 821 prosieiem
649 773 830 812 restituit
867 771 1057 824 Scaliger.
1119 771 1225 810 Nam
1259 773 1438 820 prosecta
1469 769 1577 821 quod
1608 770 1788 809 seruauit

236 831 503 872 Baehrensius
534 833 631 872 ferri
662 833 727 872 hic
757 834 910 884 nequit,
941 834 982 871 et
1008 831 1116 883 quod
1143 831 1410 882 spondeiazon
1435 830 1601 870 offendit
1626 833 1667 869 et
1692 830 1789 881 quia

236 892 393 932 Nonius
443 893 599 944 generis
649 894 781 932 neutri
825 895 865 931 et
913 892 1126 943 pluraliter
1169 891 1248 931 dici
1291 891 1402 931 istud
1446 892 1620 930 testatur
1662 891 1788 930 Macri

237 953 418 1004 exemplo
451 953 574 993 allato
609 950 794 992 ‘Vulcani
826 954 935 992 tosta
966 966 1116 1004 uapore
1149 965 1239 991 cum
1269 953 1392 1003 uirgis
1416 953 1600 1002 prosecta
1625 948 1787 990 ferunt'.

239 1013 410 1063 Appian.
448 1013 550 1053 Iber.
590 1013 644 1052 85
690 1011 822 1053 ἐλθὼν
875 1011 918 1053 δὲ
960 1012 1160 1067 ἐμπόρους
1208 1027 1247 1052 τε
1287 1011 1440 1059 πάντας
1491 1010 1681 1063 ἐξήλαυνε
1722 1009 1789 1051 καὶ

239 1071 394 1127 ἑταίρας
419 1071 485 1112 καὶ
511 1072 669 1126 μάντεις
693 1071 760 1113 καὶ
785 1073 927 1125 θύτας,
954 1068 1014 1121 οἷς
1039 1072 1106 1113 διὰ
1131 1071 1200 1121 τὰς
1225 1072 1471 1126 δυσπραξίας
1496 1072 1539 1112 οἱ
1559 1077 1789 1125 στρατιῶται

237 1133 428 1187 περιδεεῖς
458 1132 660 1187 γεγονότες
691 1132 858 1187 ἐχρῶντο
891 1140 1080 1187 συνεχῶς·
1114 1132 1153 1182 ἕς
1183 1148 1222 1173 τε
1254 1133 1297 1173 τὸ
1324 1131 1465 1185 μέλλον
1496 1130 1637 1172 ἀπεῖπε
1663 1130 1789 1184 μηδὲν

238 1191 476 1247 ἐσφέρεσθαι
514 1199 594 1233 τῶν
631 1199 848 1247 περισσῶν,
886 1192 986 1246 μηδὲ
1027 1194 1169 1248 ἷερεΐον
1201 1192 1241 1241 ἐς
1278 1193 1467 1246 μαντείαν
1507 1190 1788 1245 πεποιημένον.

238 1254 386 1306 Agitur
435 1253 483 1293 de
533 1253 727 1294 eiusmodi
776 1255 910 1294 hostia
964 1255 1124 1305 qualem
1175 1254 1360 1293 immolat
1409 1254 1498 1292 leno
1550 1253 1599 1292 ad
1650 1253 1790 1292 futura

238 1314 512 1366 cognoscenda
542 1314 672 1354 Plaut.
700 1314 818 1355 Poen.
845 1316 930 1354 453
966 1312 1049 1354 ‘sex
1079 1315 1290 1354 immolani
1321 1327 1444 1366 agnos
1483 1344 1490 1352 .
1518 1345 1525 1353 .
1555 1345 1562 1352 .
1600 1315 1790 1363 quoniam

239 1374 356 1414 litare
393 1387 556 1426 nequeo,
595 1374 677 1414 abii
707 1375 812 1414 illim
844 1375 936 1415 ilico
968 1376 1114 1425 iratus,
1152 1376 1266 1414 uotui
1298 1378 1386 1414 exta
1410 1371 1667 1423 prosiearier'
1703 1374 1788 1412 463

241 1431 451 1487 ‘condigne
489 1435 704 1487 haruspex,
746 1449 824 1474 non
861 1435 979 1475 homo
1017 1436 1197 1486 trioboli,
1239 1434 1423 1474 omnibus
1459 1436 1502 1473 in
1540 1435 1641 1473 extis
1680 1434 1791 1472 aibat

239 1494 425 1546 portendi
465 1495 563 1534 mihi
601 1496 752 1535 malum
785 1496 1053 1546 damnumque
1085 1498 1126 1535 et
1156 1495 1250 1534 deos
1282 1508 1366 1534 esse
1397 1495 1522 1534 iratos
1554 1490 1669 1533 mihi'
1703 1494 1789 1532 468

242 1552 326 1595 ‘sed
365 1568 534 1606 quaeso,
578 1556 646 1594 ubi
689 1569 782 1595 nam
826 1556 911 1595 illic
951 1556 1102 1595 restitit
1140 1556 1256 1594 miles
1299 1554 1417 1594 modo
1451 1586 1489 1593 ..
1510 1585 1518 1593 .
1561 1567 1679 1605 quem
1717 1567 1790 1605 ego

241 1617 385 1655 uocaui
416 1615 467 1654 ad
497 1613 760 1666 prandiumP’
826 1610 946 1670 (Rud.
971 1618 1068 1656 130.
1104 1611 1219 1669 142).
1282 1615 1369 1654 Hoc
1407 1614 1619 1665 prandium
1652 1627 1791 1654 cenam

242 1675 422 1725 appellat
441 1675 623 1714 Lucilius
638 1670 957 1730 (Marquardtius
977 1676 1246 1715 Mommsenus
1267 1676 1413 1714 enchir.
1435 1675 1588 1725 antiqu.
1610 1688 1647 1725 p.
1668 1675 1714 1713 R.
1733 1674 1791 1712 VI

246 1731 400 1787 [1885]
434 1749 472 1786 p.
497 1731 612 1790 183).
647 1757 701 1763 -
734 1736 893 1786 Inquin,
926 1738 972 1775 ut
1002 1737 1156 1788 pergin,
1187 1736 1282 1786 scin,
1315 1735 1448 1775 audin.

363 1789 476 1834 474.
508 1795 663 1835 Nonius
701 1809 747 1834 ex
791 1796 947 1835 Lucilio
991 1810 1029 1848 p.
1066 1797 1169 1842 184,
1199 1797 1267 1835 17·
1297 1793 1455 1835 ‘Viscus
1499 1796 1675 1846 positum
1719 1807 1791 1846 pro

244 1856 393 1895 uiscere
426 1851 597 1910 (uiscera
637 1853 949 1911 Lachmannus).
1017 1856 1225 1896 Lucretius
1262 1856 1331 1896 lib.
1357 1856 1379 1895 I
1404 1851 1532 1910 (837)
1573 1855 1792 1896 uisceribus

243 1917 374 1955 uiscus
411 1917 527 1968 gigni
563 1929 823 1968 sanguenque
854 1917 981 1956 creari
1007 1948 1015 1956 .
1037 1948 1045 1956 .
1067 1948 1075 1956 .
1102 1916 1280 1956 Lucilius
1317 1918 1546 1967 satyrarum
1577 1916 1646 1955 lib.
1672 1915 1792 1954 XIIII

245 1972 368 2015 “idne
412 1977 520 2026 aeqri
562 1978 624 2016 est
753 1974 918 2029 largi''.'
982 1977 1095 2017 Idem
1138 1991 1185 2016 ex
1229 1978 1493 2029 grammatico
1531 1990 1569 2027 p.
1596 1977 1702 2026 470,
1736 1977 1791 2014 24

245 2033 384 2088 ‘Largi
414 2049 486 2087 pro
518 2037 678 2088 largire.
740 2037 919 2077 Lucilius
939 2042 942 2044 “
959 2037 1027 2079 lib.
1047 2038 1168 2076 XIIII
1201 2034 1341 2088 “quod
1371 2037 1502 2076 uiscus
1531 2068 1537 2075 .
1560 2068 1597 2075 ..
1625 2033 1790 2088 largi''.'

244 2095 525 2136 Gratissimum
550 2097 730 2136 fecerunt
755 2099 795 2136 et
819 2098 973 2138 Nonius
999 2098 1108 2148 quod
1132 2111 1171 2136 u.
1200 2098 1285 2137 475
1318 2097 1380 2136 bis
1407 2098 1547 2137 attulit
1572 2099 1613 2136 et
1637 2096 1793 2136 librarii

245 2156 351 2207 quod
395 2157 508 2196 nulla
549 2158 592 2195 in
630 2170 676 2196 eo
713 2158 934 2208 scripturae
972 2160 1083 2197 extat
1120 2158 1406 2209 discrepantia:
1451 2157 1554 2196 unde
1598 2170 1669 2197 suo
1707 2158 1793 2202 iure

244 2216 509 2256 Buechelerus
548 2217 697 2256 archiu.
723 2218 797 2257 lex.
823 2217 912 2257 Lat.
937 2218 1001 2257 111
1028 2219 1141 2257 1886
1184 2226 1222 2269 p.
1247 2219 1330 2257 145
1364 2218 1562 2267 mquidem
1592 2230 1665 2269 pro
1697 2230 1793 2256 ana-

245 2278 384 2327 paesto
427 2278 604 2327 positum
641 2290 724 2317 esse
763 2278 907 2317 statuit
944 2278 1064 2318 sicuti
1102 2278 1225 2330 uulgo
1262 2278 1455 2327 siwidem
1489 2278 1586 2328 poni
1623 2279 1792 2317 constat.

245 2337 302 2375 At
344 2338 542 2376 sententia
579 2349 768 2376 uersuum
811 2338 911 2378 satis
956 2340 1017 2378 est
1054 2338 1231 2378 obscura.
1307 2336 1489 2377 Contulit
1527 2338 1794 2377 Buechelerus

246 2397 271 2434 1.
292 2408 321 2435 s.
343 2396 449 2436 Pers.
468 2396 528 2435 VI
554 2398 609 2436 48
644 2394 732 2437 ‘Dis
763 2398 900 2450 igitur,
931 2400 1127 2451 genioque
1168 2398 1279 2438 ducis
1312 2400 1471 2437 centum
1503 2399 1619 2448 paria
1649 2397 1699 2437 ob
1731 2410 1793 2437 res

247 2457 404 2508 egregie
443 2458 574 2508 gestas
611 2457 755 2497 induco
782 2489 819 2496 ..
842 2488 850 2497 .
883 2459 1015 2498 oleum
1047 2461 1318 2507 artocreasque
1355 2458 1515 2509 popello
1553 2454 1719 2509 largior'
1754 2459 1794 2497 et

248 2516 296 2555 de
327 2516 432 2556 ludis
465 2517 531 2568 agi
563 2519 787 2568 suspicatus
816 2519 888 2569 est,
920 2518 1064 2570 quibus
1089 2519 1407 2568 uiscerationem,
1433 2519 1458 2556 1.
1480 2531 1512 2556 e.
1538 2518 1794 2569 largitionem

248 2577 364 2626 panis
395 2578 436 2616 et
466 2578 596 2617 carnis
626 2579 845 2618 coercuerit
876 2577 1030 2629 Scipio,
1067 2580 1139 2630 qui
1174 2579 1249 2619 hoc
1286 2578 1402 2618 modo
1433 2578 1655 2630 interroget
1686 2574 1793 2616 ‘idne

249 2648 366 2687 aegre
409 2638 469 2676 est
510 2637 658 2689 magis,
702 2650 755 2677 an
796 2638 901 2688 quod
937 2651 1040 2690 pane
1079 2640 1120 2678 et
1156 2640 1307 2678 uiscere
1344 2635 1508 2690 priuoP’
1566 2637 1795 2689 Respondet

250 2696 354 2735 alter
379 2693 508 2742 ‘Quod
532 2698 664 2738 uiscus
691 2699 886 2750 singulari
910 2711 1073 2738 numero
1099 2698 1277 2748 dederas,
1302 2700 1378 2738 hoc
1403 2700 1464 2738 est
1483 2711 1612 2750 aegre,
1638 2699 1794 2737 uiscera

250 2756 461 2806 pluraliter
491 2754 621 2809 largi'.
679 2757 768 2804 Qua
798 2758 840 2796 in
870 2759 1201 2809 interpretatione
1227 2758 1329 2798 illud
1354 2760 1486 2798 minus
1511 2759 1656 2809 placet,
1688 2758 1795 2808 quod

251 2815 385 2866 Scipio
416 2815 534 2855 modo
565 2816 668 2855 dixit
698 2829 781 2856 sese
818 2819 980 2858 omnino
1010 2818 1171 2869 priuare
1204 2819 1312 2858 omni
1343 2818 1510 2867 uiscere,
1541 2817 1659 2857 modo
1692 2818 1795 2856 alter

251 2875 464 2927 respondet
499 2876 615 2915 illum
652 2877 784 2916 uiscus
822 2877 986 2917 dedisse.
1047 2878 1190 2928 Itaque
1221 2878 1270 2917 de
1301 2878 1451 2918 uiscere
1482 2876 1722 2917 comedendo
1754 2877 1794 2915 id

252 2937 313 2974 est
354 2934 402 2974 de
444 2935 613 2986 prandio
657 2936 721 2976 uel
765 2949 863 2976 cena
898 2932 1048 2992 (Plaut.
1081 2937 1164 2976 Mil.
1201 2938 1283 2976 712
1323 2938 1524 2988 Amphitr.
1553 2932 1659 2990 968)
1702 2939 1796 2988 post

253 2994 489 3035 sacrificium
520 2996 587 3035 uel
617 2998 709 3036 exta
738 2997 781 3035 in
812 2998 891 3036 aris
923 2998 1105 3047 prosecta
1135 2998 1244 3036 faeta
1275 2992 1387 3051 (uide
1418 3010 1521 3048 quae
1546 2997 1718 3037 diximus
1744 2996 1794 3036 ad

253 3068 289 3093 u.
311 3050 417 3109 473)
456 3057 589 3106 potius
627 3057 695 3108 agi
730 3056 988 3107 probabilius.
1059 3056 1167 3096 Seru.
1195 3057 1247 3096 ad
1283 3057 1380 3096 Aen.
1411 3057 1468 3096 VI
1501 3058 1586 3096 253
1626 3054 1796 3097 ‘uiscera

325 3128 439 3155 nucius
458 3129 704 3156 :areauna
743 3131 782 3156 11.
1464 3129 1506 3158 12
