2060 3444
826 291 893 327 VII
919 304 954 327 u.
982 293 1183 326 284-2‘86.
1694 289 1776 332 107

230 407 324 448 dial.
362 408 516 447 meretr.
537 407 575 444 V
602 400 667 460 4),
706 407 774 458 qui
814 406 985 445 multum
1024 405 1200 457 suspirat
1237 406 1276 444 et
1314 405 1448 444 anima
1490 404 1626 444 crebra
1663 418 1778 444 nares

229 469 366 508 mouet
408 469 448 507 et
491 466 646 507 diducit
688 469 735 506 ut
779 480 882 518 equa
924 467 1125 518 pruriens:
1169 466 1265 505 conf
1296 465 1412 504 Lucr.
1438 464 1497 504 IV
1526 466 1638 505 1192
1681 462 1780 504 ‘Nec

229 527 375 568 mulier
417 540 571 579 semper
613 527 705 567 ficto
744 527 921 578 suspirat
958 539 1092 567 amore
1129 525 1240 574 Quae
1277 526 1484 576 complexa
1520 525 1598 565 uiri
1636 538 1779 577 corpus

232 601 323 629 cum
367 600 530 639 corpore
575 584 734 640 iungit’.
803 587 930 627 Versu
976 588 1109 626 autem
1155 587 1227 637 qui
1268 586 1374 625 hunc
1418 585 1659 636 sequebatur
1695 587 1780 625 sine

234 648 354 689 dubio
385 648 483 688 haec
514 649 597 687 fere
629 647 737 688 dicta
769 650 901 688 erant:
939 647 1151 698 delphinus
1183 648 1231 685 ut
1262 646 1359 685 olim
1391 659 1411 684 e
1443 647 1546 685 mari
1577 646 1779 697 proiectus

233 709 275 748 in
306 708 425 749 litore
458 709 622 748 anhelat
652 708 772 748 sicuti
804 707 880 747 ΑΡ
903 708 962 747 ΧΙ
989 708 1042 747 52
1078 706 1253 763 Παιδείῳ
1284 706 1555 759 Θρασύβουλε,
1587 717 1778 759 σαγηνευ-

231 767 319 817 θεὶς
345 764 408 808 ὑπ’
438 767 550 820 ἔρωτι
574 766 864 820 ἀσθμαίνεις
891 765 1059 819 δελφὶς
1085 766 1144 814 ὥς
1170 782 1239 815 τις
1265 761 1327 806 ἐπ’
1357 765 1584 819 αἰγιαλοῦ
1606 765 1780 818 κύματος

232 829 414 901 ἷμείρων.
447 827 647 882 δρέπανον
678 827 721 868 δέ
751 839 814 868 σοι
839 825 932 868 οὐδὲ
957 826 1000 868 τὸ
1027 825 1210 881 Περσέως
1235 824 1352 879 ἀρκεῖ
1370 824 1593 878 ἀποτμῆξαι
1618 826 1780 866 δίκτυον

233 904 264 944 ῳ
296 887 450 930 δέδεσαι
483 911 539 916 —
574 889 675 929 alias
707 889 811 927 enim
849 888 1028 940 delphini
1059 888 1274 939 suspiritus
1305 887 1407 926 nihil
1438 886 1588 926 habent
1611 888 1780 938 insigne.

233 950 458 1001 Delphinus
482 951 524 988 in
552 949 665 989 arida
690 950 899 1001 praeterea
925 949 1206 1000 argumentum
1224 949 1347 987 trium
1367 949 1428 987 est
1447 948 1781 999 epigrammatum

233 1009 310 1049 ΑΡ
334 1009 414 1049 VII
442 1011 538 1049 214.
568 1010 666 1049 215.
694 1011 793 1059 216,
817 1009 1003 1060 δελφῖνος
1028 1006 1071 1048 ἕν
1090 1005 1301 1063 χέρσωβία
1320 1007 1534 1047 Plutarcho
1556 1002 1780 1061 (Demosth.

234 1083 319 1121 cap.
336 1064 381 1123 3)
408 1072 570 1110 auctore
602 1069 757 1108 dixerat
787 1070 861 1109 Ion
892 1070 1070 1121 tragicus
1103 1063 1179 1123 (58
1206 1063 1276 1122 N).
1333 1067 1440 1120 Apte
1464 1067 1692 1108 illustratur
1717 1068 1781 1107 hic

232 1130 380 1170 Lucilii
412 1144 449 1169 u.
476 1130 742 1181 descriptione
775 1130 939 1169 Tatiani
970 1129 1021 1168 ad
1047 1128 1112 1169 Gr.
1141 1141 1225 1180 cap.
1254 1130 1308 1167 22
1341 1142 1379 1179 p.
1409 1129 1482 1178 25,
1510 1129 1535 1167 8
1568 1127 1780 1168 Schwartz.

232 1190 522 1245 ῥιναυλοῦσι
547 1187 619 1242 μὲν
644 1188 717 1243 γὰρ
737 1188 803 1229 καὶ
822 1191 984 1229 λαλοῦσι
1003 1187 1049 1228 τὰ
1068 1188 1221 1242 αἰσχρά,
1246 1194 1452 1228 κινοῦνται
1478 1186 1520 1228 δὲ
1540 1187 1715 1240 κινήσεις
1734 1186 1781 1236 ἃς

233 1249 308 1290 οὐκ
339 1248 470 1303 ἐχρῆν,
508 1248 575 1290 καὶ
606 1249 699 1298 τοὺς
731 1248 839 1298 ὅπως
871 1249 936 1290 δεῖ
961 1249 1156 1303 μοιχεύειν
1188 1247 1251 1289 ἐπὶ
1282 1254 1352 1301 τῆς
1388 1254 1540 1301 σκηνῆς
1572 1248 1781 1300 σοφιστεύ-

235 1325 353 1358 οντας
390 1310 435 1350 αἱ
471 1308 687 1363 θυγατέρες
725 1309 839 1362 ὑμῶν
878 1308 945 1350 καὶ
976 1310 1018 1350 οἵ
1044 1309 1184 1358 παῖδες
1215 1312 1417 1364 θεωροῦσι
1448 1311 1490 1349 et
1521 1308 1642 1349 Clem.
1668 1309 1781 1348 Alex.

232 1371 400 1423 paedag.
426 1370 489 1410 III
515 1372 560 1421 4,
588 1371 642 1411 29
683 1368 983 1423 παρεισρὲουσιν
1022 1367 1064 1410 δὲ
1096 1368 1214 1410 ἔνδον
1245 1369 1437 1410 κιναίδων
1469 1367 1575 1422 ὄχλοι
1600 1400 1609 1409 .
1631 1401 1639 1408 .
1660 1401 1668 1409 .
1696 1384 1781 1421 μοι-

235 1431 341 1484 χείας
390 1430 591 1483 διάκονοι,
645 1431 877 1484 κιχλίζοντες
932 1429 998 1470 καὶ
1053 1430 1338 1483 ψιθυρίζοντες
1386 1428 1453 1469 καὶ
1495 1428 1538 1470 τὸ
1588 1428 1783 1482 πορνικὸν

233 1489 383 1544 ἀνέδην
415 1490 470 1539 εἰς
495 1489 699 1545 ἀσέλγειαν
726 1489 802 1531 διὰ
829 1490 974 1544 ῥινῶν
999 1488 1363 1542 ε’πιψοφοῦντες
1389 1487 1782 1542 ἕπικιναίδισμα,

234 1549 466 1599 ἀκολάστοις
503 1550 651 1605 ῥήμασι
688 1549 754 1591 καὶ
793 1550 959 1604 σχήμασι
1001 1549 1155 1605 τέρπειν
1185 1550 1422 1604 πειρώμενοι
1452 1548 1519 1590 καὶ
1550 1549 1606 1598 εἰς
1636 1548 1783 1603 γέλωτα

235 1610 517 1664 ἐκκαλούμενοι
559 1611 748 1665 πορνείας
789 1610 1034 1664 πρόδρομον·
1079 1610 1158 1651 ἔστι
1203 1606 1240 1650 δ’
1270 1609 1332 1650 ὅτε
1375 1608 1442 1650 καὶ
1479 1609 1784 1661 ὑπεκκαιόμενοι

237 1670 303 1711 διὰ
339 1670 413 1723 τὴν
443 1677 641 1724 τυχοῦσαν
680 1668 802 1725 ὀργὴν
839 1669 926 1722 ἤτοι
964 1669 1106 1724 πόρνοι
1146 1668 1258 1711 αὐτοὶ
1289 1667 1316 1722 ἢ
1347 1668 1413 1709 καὶ
1444 1670 1636 1710 κιναίδων
1668 1667 1784 1723 ὄχλον

236 1731 294 1780 εἰς
324 1729 493 1785 ὄλεθρον
533 1730 766 1783 ἐζηλωκότες
806 1729 1116 1784 ἐπικροτοῦσι
1147 1733 1201 1787 τῇ
1233 1729 1331 1783 ρ”ινὶ
1363 1729 1611 1783 βατράχων
1643 1730 1784 1783 δίκην

239 1791 424 1844 καθάπερ
455 1789 612 1831 ἕνοικον
642 1794 724 1839 τοῖς
755 1796 947 1844 μυκτῆρσι
979 1789 1053 1843 τὴν
1084 1789 1204 1844 χολὴν
1229 1788 1470 1842 κεκτημένοι.
1526 1791 1587 1829 De
1619 1790 1783 1831 naribus

237 1864 458 1903 anonymus
496 1852 667 1902 scriptor
702 1853 745 1891 in
782 1852 982 1892 Foersteri
1020 1851 1419 1903 Physiognomonicis
1458 1850 1717 1902 scriptoribus
1743 1851 1784 1890 Π

237 1926 275 1963 p.
306 1913 409 1962 227,
449 1914 501 1951 21
548 1911 793 1965 εὐρυρώθων
835 1909 1055 1964 ἅνθρωπος
1100 1908 1269 1964 ὀκνηρὸς
1315 1914 1392 1950 κτλ.
1425 1940 1435 1950 .
1457 1941 1466 1950 .
1487 1941 1496 1950 .
1528 1910 1565 1951 εἰ
1600 1908 1643 1951 δὲ
1679 1909 1783 1964 γυνὴ

238 1966 338 2012 τοῦτ’
378 1970 467 2025 ἔχει,
500 1970 630 2024 πόρνη
667 1969 772 2012 ἐστὶν
811 1970 942 2024 ἔξοχος
974 1969 1040 2011 καὶ
1070 1969 1265 2024 κλέπτρια.
1329 1970 1428 2011 Cum
1460 1971 1784 2011 antecedentibus

240 2033 326 2072 arte
357 2032 612 2089 coniunctum
643 2032 767 2072 fuisse
799 2033 904 2072 hunc
935 2045 1098 2072 uersum
1128 2031 1335 2083 probabile
1367 2033 1437 2071 est.
1494 2031 1554 2070 De
1587 2033 1784 2083 scriptura

237 2093 398 2133 amimad
438 2093 676 2132 conferenda
719 2092 866 2144 εξαμου
911 2094 1104 2144 scriptum
1140 2105 1213 2143 pro
1245 2090 1288 2132 ἐκ
1326 2091 1469 2143 Σάμου
1507 2092 1548 2130 in
1585 2091 1784 2142 Lysandri

238 2153 527 2205 epigrammate
571 2152 737 2203 Delphis
780 2154 945 2192 inuento
992 2147 1148 2206 (Jahrb.
1181 2152 1217 2191 d.
1250 2152 1367 2192 Arch.
1400 2152 1498 2191 Inst.
1523 2152 1640 2191 XVII
1669 2154 1782 2192 1902

237 2212 434 2265 Anzeiger
470 2226 507 2263 p.
533 2207 606 2266 18)
645 2211 802 2265 ἐξυρίας
838 2225 913 2263 pro
951 2210 994 2252 ἐκ
1032 2212 1186 2265 Συρίας
1224 2225 1286 2263 ap.
1319 2212 1473 2252 Philod.
1505 2210 1593 2265 περὶ
1632 2223 1722 2264 σημ.
1749 2227 1784 2251 κ.

238 2272 420 2324 σημειώσ.
447 2286 484 2323 p.
506 2274 545 2322 4,
574 2273 628 2312 18
656 2272 796 2324 Gomp.
824 2267 1075 2327 (Hoffmanni
1102 2272 1200 2323 Syll.
1220 2273 1336 2312 inscr.
1358 2271 1422 2311 Gr.
1446 2273 1545 2322 329,
1574 2274 1595 2311 1
1625 2272 1783 2312 Ditten-

240 2332 394 2385 bergeri
426 2333 484 2372 ed.
510 2332 552 2371 II
579 2333 677 2383 930,
705 2327 793 2387 62).
855 2333 915 2372 De
946 2334 1039 2372 olim
1069 2333 1162 2372 uide
1188 2333 1244 2384 >ad
1270 2333 1336 2372 lib.
1357 2332 1419 2371 III
1444 2346 1481 2371 u.
1505 2333 1601 2372 146.

361 2387 471 2434 285.
503 2392 660 2432 Nonius
697 2405 745 2432 ex
782 2393 1044 2445 grammatico
1082 2407 1119 2443 p.
1142 2394 1246 2443 450,
1276 2395 1329 2432 12
1370 2389 1562 2431 ‘Gannire
1604 2406 1693 2432 cum
1732 2394 1786 2432 sit

239 2452 399 2504 proprie
437 2465 596 2502 canum,
635 2484 643 2491 .
677 2483 685 2491 .
720 2484 726 2491 .
760 2453 882 2492 etiam
917 2453 1134 2493 humanam
1170 2465 1308 2492 uocem
1346 2453 1531 2492 nonnulli
1573 2454 1785 2504 gannitum

240 2514 498 2552 uocauerunt.
625 2513 804 2553 Lucilius
836 2513 904 2552 lib.
924 2513 1004 2552 VH
1037 2510 1208 2553 “eodem
1241 2513 1397 2562 pactolo
1428 2509 1634 2565 gannis''.'
1690 2513 1785 2552 Imi-

240 2574 350 2612 tatus
375 2574 436 2612 est
460 2573 628 2612 fortasse
652 2573 856 2613 quenalis
875 2573 934 2612 VI
962 2574 1017 2613 64
1045 2570 1195 2624 ‘Apula
1220 2574 1373 2625 gannit,
1405 2573 1507 2612 sicut
1532 2572 1574 2612 in
1600 2573 1784 2624 amplexu

241 2632 372 2672 subito
406 2634 446 2672 et
475 2632 701 2672 miserabile
734 2629 925 2685 longum’.

363 2688 474 2733 286.
505 2693 661 2732 Nonius
687 2707 724 2744 p.
749 2695 846 2743 102,
874 2694 927 2732 22
957 2690 1194 2745 ‘Exculpere
1219 2695 1280 2733 est
1305 2695 1550 2744 extorquere.
1585 2724 1592 2731 .
1614 2723 1622 2731 .
1646 2724 1651 2731 .
1678 2692 1785 2732 idem

242 2752 300 2791 uti
343 2747 442 2806 (VII
481 2753 692 2798 Vsenerus,
737 2752 821 2792 IIII
851 2749 1154 2807 Lachmannus)
1199 2750 1398 2793 ‘esurienti
1532 2749 1785 2803 praedam’'.’

242 2811 349 2862 Apte
393 2812 643 2863 comparauit
684 2812 910 2852 Fridericus
953 2813 1112 2852 Neueus
1161 2812 1210 2852 de
1254 2814 1392 2852 formis
1435 2813 1461 2851 1.
1486 2812 1531 2851 L.
1563 2807 1602 2851 1⁸
1632 2826 1670 2863 p.
1699 2813 1785 2852 300

243 2871 346 2910 Plin.
372 2874 454 2911 nat.
479 2872 571 2911 hist.
592 2871 670 2910 VH
699 2873 752 2911 15
788 2869 922 2923 ‘idque
952 2874 1125 2912 maxime
1164 2873 1330 2911 humani
1360 2873 1485 2911 ieiuni
1517 2869 1611 2912 oris'
1645 2872 1784 2912 Horat.

245 2932 359 2982 epist.
385 2931 427 2970 H
454 2933 492 2981 2,
519 2933 574 2971 29
610 2929 768 2972 ‘ieiunis
800 2932 984 2972 dentibus
1022 2929 1125 2972 acer’
1160 2931 1264 2972 Ouid
1295 2933 1455 2972 metam.
1481 2932 1539 2971 XI
1567 2933 1650 2972 123
1686 2929 1785 2972 ‘siue

245 2991 366 3042 dapes
392 2991 511 3031 auido
538 2991 760 3031 conuellere
786 2992 903 3031 dente
928 2989 1133 3043 parabat':
1166 3005 1289 3043 quare
1320 3005 1421 3044 opus
1446 3006 1523 3032 non
1552 2993 1628 3031 erit
1659 3006 1785 3042 neque

245 3050 427 3091 datiuum
476 3052 518 3090 in
569 3065 589 3091 e
631 3052 809 3095 litteram
853 3052 959 3092 exire
1005 3054 1228 3103 correptam
1272 3054 1449 3094 statuere
1492 3066 1619 3103 neque
1663 3052 1785 3092 uerba
