2060 3444
763 262 863 298 xxx
889 274 924 298 u.
954 264 1201 298 1031—1035.
1688 261 1771 304 331

228 370 306 431 (ita
325 376 357 416 L
377 390 429 415 m.
452 379 495 415 1:
515 376 665 415 aiacem
683 374 715 414 L
734 389 786 415 m.
808 377 832 414 2
854 369 970 430 G)’'.'
1021 375 1190 426 Myscon
1208 388 1351 415 nomen
1373 375 1498 415 Siculi
1518 389 1581 426 ap.
1597 375 1774 427 Thucyd.

229 436 328 476 VIII
348 437 418 486 85,
438 437 463 476 3
484 435 662 486 Xenoph.
681 435 787 475 Hell.
807 435 827 474 I
851 437 887 486 1,
908 436 976 475 29.
1020 435 1248 476 Lectionem
1271 435 1437 475 eandem
1463 448 1587 486 quam
1609 435 1777 486 praebet

228 497 382 537 Nonius
413 496 618 536 Musconis
648 490 812 535 Verrius
850 495 1108 547 praebuerat,
1152 496 1258 547 quod
1298 497 1471 536 testatur
1515 496 1775 547 apographon

228 556 419 598 Politiani
444 558 546 596 teste
571 556 782 596 Huelseno.
824 555 994 595 Versum
1020 569 1104 596 esse
1130 558 1244 607 patet
1269 556 1491 597 aduersarii
1516 556 1776 596 detrectantis

228 617 366 669 poesin
403 616 672 656 Lucilianam:
710 612 824 667 ‘quid
867 614 1088 668 magnum',
1131 617 1282 667 inquit,
1338 613 1557 656 ‘furunculi
1612 630 1775 656 manum

229 678 435 718 sinistram
459 676 702 727 perscribere
720 689 837 728 posse
858 677 1039 717 uersibus
1049 674 1083 716 ’θ’
1110 677 1251 717 Horat.
1272 690 1386 717 serm.
1406 677 1448 716 Π
1470 679 1508 726 1,
1529 678 1581 716 21
1608 673 1776 727 ‘quanto

228 737 376 777 rectius
430 737 506 777 hoc
562 750 685 788 quam
739 737 849 776 tristi
898 737 1053 777 laedere
1103 750 1222 777 uersu
1277 737 1546 777 Pantolabum
1598 749 1777 776 scurram

228 798 604 848 Nomentanumque
634 794 849 848 nepotem'.
911 793 1080 838 Muscon
1111 810 1255 837 nomen
1286 797 1389 837 furis
1421 797 1544 849 uulgo
1575 797 1663 837 noti
1698 798 1777 836 fuit

230 858 350 898 sicuti
381 855 569 905 Μύελλος
601 859 642 896 et
674 857 941 907 Παταικίσκος
972 870 1035 909 ap.
1061 858 1235 897 Herond.
1261 857 1319 898 IV
1348 859 1415 898 63.

354 912 496 958 1032.
539 917 694 957 Nonius
736 931 775 968 p.
803 918 908 968 240,
935 920 959 958 3
1006 915 1233 969 ‘Accipere,
1282 918 1432 958 audire.
1472 948 1481 957 .
1515 948 1522 957 .
1557 948 1565 957 .
1596 917 1776 957 Lucilius

231 978 299 1018 lib.
325 978 434 1017 XXX
467 974 573 1017 “hoc
600 1008 608 1016 .
630 1009 638 1016 .
659 1009 668 1016 .
692 974 837 1018 rem''.'

354 1032 497 1079 1033.
529 1038 684 1078 Nonius
715 1052 754 1090 p.
782 1039 880 1089 350,
909 1041 962 1078 12
1004 1034 1197 1089 ‘Macula‚
1237 1038 1457 1090 turpitudo.
1492 1069 1500 1078 .
1527 1069 1535 1078 .
1564 1070 1571 1077 .
1599 1038 1777 1078 Lucilius

230 1098 299 1137 lib.
325 1098 435 1137 XXX
468 1095 619 1149 “quem
646 1129 654 1136 .
676 1130 683 1136 .
706 1130 714 1137 .
739 1094 996 1150 notasque''.'
1052 1099 1164 1138 Idem
1194 1113 1232 1150 p.
1261 1100 1360 1149 354,
1387 1100 1444 1139 20
1476 1095 1600 1138 ‘Nota
1631 1099 1778 1138 dicitur

230 1159 432 1210 probrum.
475 1158 653 1198 Lucilius
678 1156 747 1198 lib.
767 1159 877 1198 XXX
903 1155 1057 1209 “quem
1084 1191 1091 1198 .
1114 1190 1120 1197 .
1144 1189 1151 1197 .
1178 1155 1432 1210 notasque''.’
1478 1160 1538 1198 De
1563 1158 1778 1198 iteratione

231 1218 345 1258 uerbi
375 1219 473 1258 scire
504 1219 600 1258 conf
628 1219 678 1258 ad
709 1218 777 1258 lib.
802 1219 824 1259 Ι
848 1233 885 1258 u.
915 1220 982 1260 33.
1044 1219 1217 1259 Horrere
1248 1221 1288 1259 te
1323 1220 1492 1271 apparet
1530 1233 1621 1259 eum
1659 1232 1778 1270 quem

231 1279 307 1319 scis
338 1279 437 1318 scire
468 1279 572 1318 uitia
602 1280 676 1318 tua
706 1281 748 1318 et
779 1280 948 1319 crimina
980 1279 1111 1330 qualis
1143 1281 1204 1320 est
1233 1281 1354 1331 poeta
1385 1282 1557 1319 saturae.

354 1332 496 1380 1034.
527 1339 682 1378 Nonius
719 1353 756 1391 p.
786 1340 884 1389 335,
912 1341 968 1380 30
1007 1336 1212 1380 ‘Lustrare
1251 1340 1420 1380 dicimus
1459 1341 1499 1379 et
1530 1340 1717 1390 scortari,
1755 1353 1779 1378 a

230 1399 380 1439 lustris.
414 1429 422 1437 .
445 1431 452 1438 .
474 1430 482 1438 .
507 1398 686 1438 Lucilius
712 1399 780 1439 lib.
807 1400 916 1439 XXX
950 1397 1102 1451 “quem
1132 1403 1291 1450 sumptu
1322 1401 1421 1440 facis
1452 1401 1496 1440 in
1521 1401 1672 1450 lustris,
1703 1400 1778 1439 cir-

231 1473 321 1500 cum
353 1459 502 1511 oppida
533 1456 770 1499 lustrans”.'
820 1460 912 1500 Non
944 1462 1006 1500 est
1037 1460 1142 1511 quod
1173 1460 1292 1500 fidem
1316 1461 1448 1500 Nonio
1474 1460 1516 1499 in
1543 1460 1777 1511 explicando

230 1520 306 1559 hoc
335 1532 456 1559 uersu
487 1519 736 1572 denegemus.
787 1520 937 1572 Tangit
967 1521 1170 1560 hominem
1202 1522 1270 1571 qui
1296 1534 1382 1560 rem
1407 1521 1648 1560 familiarem
1673 1520 1778 1559 male

230 1579 424 1631 perdebat
453 1581 497 1619 in
522 1579 783 1630 lupanaribus
809 1593 911 1631 quae
936 1581 1062 1620 lustra
1086 1580 1268 1620 nominat
1292 1580 1484 1620 Lucilius.
1536 1580 1613 1620 Sed
1638 1579 1778 1620 dubito

232 1654 328 1679 num
370 1639 642 1692 intellegenda
685 1641 768 1679 sint
809 1640 933 1680 uerba
978 1637 1140 1683 ‘circum
1188 1641 1333 1690 oppida
1382 1637 1572 1680 lustrams'
1623 1641 1684 1680 ita
1733 1642 1780 1679 ut

232 1701 408 1739 lustrans
444 1700 620 1750 positum
657 1701 711 1740 sit
747 1713 820 1751 pro
857 1702 1062 1740 scortomdo
1099 1701 1189 1740 ideo
1228 1701 1334 1752 quod
1373 1713 1490 1753 aegre
1527 1700 1779 1753 intellegitur

233 1759 332 1811 quid
363 1761 418 1799 sit
448 1761 594 1799 circum
623 1760 770 1810 oppida
799 1762 975 1801 scortari.
1032 1761 1174 1812 Itaque
1205 1761 1333 1801 lustra
1369 1761 1648 1802 tantummodo
1681 1760 1778 1812 quid

233 1821 288 1860 sit
312 1822 474 1860 enarrat
497 1820 665 1870 Nonius,
696 1821 872 1863 bustrans
897 1821 1050 1860 dictum
1076 1834 1159 1861 esse
1185 1822 1304 1862 sicuti
1330 1822 1435 1862 atria
1460 1822 1603 1861 lustrat
1625 1820 1776 1873 Vergil.

233 1879 332 1919 Aen.
357 1879 399 1918 H
426 1881 510 1919 528
537 1879 616 1919 XII
641 1881 727 1920 474
760 1883 1070 1922 consentaneum
1108 1883 1185 1931 est,
1223 1894 1469 1933 quamquam
1505 1894 1554 1920 ne
1592 1883 1653 1921 ita
1690 1882 1777 1932 qui-

235 1940 325 1979 dem
356 1941 524 1991 apparet
554 1940 652 1991 quid
683 1941 761 1980 sibi
792 1942 892 1981 uelit
923 1941 1106 1982 decoctor
1137 1943 1207 1993 qui
1239 1942 1464 1994 oppidatim
1495 1954 1574 1981 non
1612 1942 1778 1981 uicatim

234 2001 433 2040 scortatur
458 2001 542 2040 siue
573 2000 834 2054 περιπολίζων
865 2001 952 2040 adit
981 2002 1205 2053 lupanaria.
1256 2001 1387 2049 Quare
1417 2004 1562 2042 circum
1594 2002 1776 2041 fallacem

233 2061 350 2099 illum
380 2060 571 2112 intellego
604 2073 722 2112 quem
748 2062 927 2112 appellat
950 2062 1144 2102 Horatius
1170 2075 1284 2103 serm.
1309 2063 1331 2102 I
1358 2063 1396 2112 6,
1424 2063 1508 2102 113
1537 2059 1604 2101 ‘ad
1629 2063 1778 2103 circum

233 2121 362 2161 iussas
392 2122 574 2171 prostare
605 2118 775 2172 puellas'
809 2121 1011 2162 quenalis
1037 2124 1235 2162 memorat
1259 2122 1321 2162 III
1349 2123 1403 2162 65
1429 2122 1500 2162 ubi
1525 2122 1616 2162 uide
1641 2120 1777 2161 Fried-

233 2180 411 2220 laenderi
461 2181 594 2220 adnot.
644 2181 792 2231 oppida
840 2194 1015 2222 carceres
1066 2184 1177 2222 sunt:
1232 2183 1434 2222 Naeuium
1483 2178 1616 2236 (ORF
1642 2182 1690 2221 ed
1716 2181 1778 2220 ΙΙΙ

233 2254 271 2291 p.
300 2241 355 2280 28
381 2235 490 2295 IIR)
522 2242 709 2290 oppedum
739 2241 886 2282 dixisse
919 2254 1095 2283 carceres
1127 2244 1224 2282 circi
1247 2242 1378 2283 Varro
1409 2244 1575 2294 exponit
1605 2242 1653 2282 de
1681 2242 1777 2294 ling.

235 2299 322 2339 Lat.
348 2300 386 2338 V
415 2300 512 2340 153.

359 2354 502 2401 1035.
533 2360 688 2402 Nonius
720 2375 758 2413 p.
787 2362 885 2412 125,
912 2363 935 2402 6
977 2359 1164 2402 ‘Incilare
1201 2364 1263 2402 est
1298 2364 1504 2413 increpare
1541 2363 1606 2402 uel
1643 2363 1777 2412 inpro-

235 2420 340 2459 bare.
375 2451 382 2458 .
405 2451 412 2459 .
435 2452 442 2459 .
467 2419 646 2460 Lucilius
666 2421 735 2461 lib.
753 2422 864 2461 XXX
891 2419 1028 2463 “nunc
1054 2455 1060 2462 .
1083 2455 1090 2462 .
1114 2455 1120 2461 .
1147 2419 1386 2463 uicissim”.’
1433 2422 1594 2462 Glossas
1615 2422 1666 2462 ad
1685 2422 1722 2461 h.
1741 2435 1778 2460 u.

236 2481 481 2530 pertinentes
519 2481 683 2534 collegit
720 2480 906 2522 Goetzius
946 2484 990 2522 in
1033 2483 1258 2535 glossarum
1299 2483 1487 2523 thesauro
1520 2495 1549 2522 s.
1582 2496 1618 2521 u.
1650 2482 1777 2521 incilo.

236 2539 369 2579 Verba
399 2542 494 2580 sunt
525 2541 746 2581 aduersarii
777 2543 847 2594 qui
871 2542 1070 2582 Lucilium
1105 2543 1344 2594 alloquatur.
1394 2543 1517 2583 laedis
1545 2543 1706 2594 proprie
1731 2541 1779 2580 de

236 2601 397 2639 saturae
439 2602 551 2651 poesi
593 2601 744 2641 dictum
787 2603 833 2642 ut
877 2602 1017 2643 Horat.
1044 2616 1158 2643 serm.
1183 2603 1205 2642 I
1231 2604 1270 2653 4,
1298 2604 1351 2642 78
1398 2600 1569 2643 ‘laedere
1613 2598 1777 2654 gaudes'

237 2658 278 2698 II
305 2662 342 2710 1,
370 2662 421 2699 21
465 2657 589 2701 ‘tristi
631 2661 787 2702 laedere
831 2675 950 2702 uersu
991 2660 1274 2703 Pantolabum'
1310 2664 1364 2702 67
1410 2662 1458 2702 de
1495 2662 1651 2702 Lucilio
1694 2659 1780 2700 ‘aut

237 2719 345 2758 laeso
389 2719 550 2759 doluere
586 2719 749 2762 Metello
792 2722 1035 2774 famosisque
1075 2723 1190 2774 Lupo
1234 2725 1419 2774 cooperto
1464 2718 1687 2762 uersibus?
1722 2742 1779 2748 —

238 2779 424 2824 milam,
467 2777 734 2831 ἐναλλόμενος.
801 2782 849 2820 In
879 2782 1074 2822 Varronis
1110 2783 1333 2834 Menippeis
1371 2784 1512 2822 Marce
1548 2782 1780 2821 uocatiuum

239 2837 568 2888 deprehendimus
596 2840 663 2879 60.
693 2841 789 2880 175.
817 2842 901 2881 505
917 2842 963 2891 B,
995 2842 1065 2881 ubi
1089 2842 1342 2881 aduersarius
1368 2842 1590 2891 alloquitur
1613 2842 1780 2891 scripto-

239 2910 340 2946 rem,
386 2897 525 2947 Qm'mte
560 2898 706 2939 blande
743 2901 950 2951 appellant
993 2901 1147 2941 sodales
1185 2901 1400 2940 Horatium
1437 2914 1551 2940 serm.
1577 2900 1619 2939 Π
1647 2901 1684 2949 6,
1713 2901 1781 2948 37,

241 2956 416 3009 gaudent
440 2959 699 3007 praenomine
723 2960 862 2999 molles
889 2961 1101 2999 auriculae.
1123 2982 1181 2987 —
1199 2972 1316 3006 mmo,
1341 2962 1526 3010 quoniam
1550 2961 1594 2999 in
1619 2959 1780 2999 exordio

240 3029 378 3056 uersus
404 3016 526 3056 habet
550 3016 729 3069 Propert.
754 3019 797 3058 H
824 3021 862 3069 9,
883 3020 951 3059 37.
999 3020 1171 3061 Versum
1195 3021 1383 3061 coniunxi
1407 3032 1497 3061 cum
1522 3033 1559 3060 u.
1586 3020 1782 3073 sequenti,
