<?xml version="1.0" encoding="UTF-8"?>
<!DOCTYPE html PUBLIC "-//W3C//DTD XHTML 1.0 Transitional//EN"
    "http://www.w3.org/TR/xhtml1/DTD/xhtml1-transitional.dtd">
<html xmlns="http://www.w3.org/1999/xhtml" xml:lang="en" lang="en">
 <head>
  <title>
</title>
<meta http-equiv="Content-Type" content="text/html;charset=utf-8" />
  <meta name='ocr-system' content='tesseract 3.04.00' />
  <meta name='ocr-capabilities' content='ocr_page ocr_carea ocr_par ocr_line ocrx_word'/>
</head>
<body>
  <div class='ocr_page' id='page_1' title='image "./carminumreliquia02luciuoft_0024.png"; bbox 0 0 2060 3444; ppageno 0'>
   <div class='ocr_carea' id='block_1_1' title="bbox 317 291 1521 328">
    <p class='ocr_par' dir='ltr' id='par_1_1' title="bbox 317 291 1521 328">
     <span class='ocr_line' id='line_1_1' title="bbox 317 291 1521 328; baseline -0.002 -1"><span class='ocrx_word' id='word_1_1' title='bbox 317 293 402 328; x_wconf 87' lang='lat' dir='ltr'>XVI</span> <span class='ocrx_word' id='word_1_2' title='bbox 642 292 1029 326; x_wconf 77' lang='lat' dir='ltr'>SUPPLEMENTUM</span> <span class='ocrx_word' id='word_1_3' title='bbox 1055 291 1237 325; x_wconf 69' lang='lat' dir='ltr'><strong>OAPITIS</strong></span> <span class='ocrx_word' id='word_1_4' title='bbox 1262 292 1328 324; x_wconf 77' lang='lat' dir='ltr'>DE</span> <span class='ocrx_word' id='word_1_5' title='bbox 1354 291 1521 325; x_wconf 86' lang='lat' dir='ltr'>NONIO.</span> 
     </span>
    </p>
   </div>
   <div class='ocr_carea' id='block_1_2' title="bbox 333 399 488 435">
    <p class='ocr_par' dir='ltr' id='par_1_2' title="bbox 333 399 488 435">
     <span class='ocr_line' id='line_1_2' title="bbox 333 399 488 435; baseline -0.006 -1"><span class='ocrx_word' id='word_1_6' title='bbox 333 399 488 435; x_wconf 85' lang='lat' dir='ltr'>Merceri</span> 
     </span>
    </p>
   </div>
   <div class='ocr_carea' id='block_1_3' title="bbox 365 422 747 492">
    <p class='ocr_par' dir='ltr' id='par_1_3' title="bbox 365 422 747 492">
     <span class='ocr_line' id='line_1_3' title="bbox 365 422 747 492; baseline 0 -35"><span class='ocrx_word' id='word_1_7' title='bbox 365 458 451 492; x_wconf 37' lang='lat' dir='ltr'>Pag-</span> <span class='ocrx_word' id='word_1_8' title='bbox 610 422 747 457; x_wconf 75' lang='lat' dir='ltr'>lemma</span> 
     </span>
    </p>
   </div>
   <div class='ocr_carea' id='block_1_4' title="bbox 321 1007 774 1108">
    <p class='ocr_par' dir='ltr' id='par_1_4' title="bbox 321 1007 774 1108">
     <span class='ocr_line' id='line_1_4' title="bbox 321 1007 774 1108; baseline 0 -59"><span class='ocrx_word' id='word_1_9' title='bbox 321 1014 417 1061; x_wconf 82' lang='lat'>219,</span> <span class='ocrx_word' id='word_1_10' title='bbox 470 1012 493 1049; x_wconf 82' lang='lat'>6</span> <span class='ocrx_word' id='word_1_11' title='bbox 535 1007 610 1064; x_wconf 87' lang='lat'>59)</span> <span class='ocrx_word' id='word_1_12' title='bbox 640 1011 774 1108; x_wconf 47' lang='lat' dir='ltr'>:Effl-</span> 
     </span>
    </p>
   </div>
   <div class='ocr_carea' id='block_1_5' title="bbox 322 1376 768 1479">
    <p class='ocr_par' dir='ltr' id='par_1_5' title="bbox 322 1376 768 1479">
     <span class='ocr_line' id='line_1_5' title="bbox 322 1376 768 1431; baseline -0.002 -11"><span class='ocrx_word' id='word_1_13' title='bbox 322 1385 418 1431; x_wconf 82' lang='grc'>219,</span> <span class='ocrx_word' id='word_1_14' title='bbox 440 1383 494 1420; x_wconf 82' lang='grc'>28</span> <span class='ocrx_word' id='word_1_15' title='bbox 537 1376 612 1431; x_wconf 77' lang='lat'>60)</span> <span class='ocrx_word' id='word_1_16' title='bbox 645 1381 689 1404; x_wconf 72' lang='lat'>*¹*</span> <span class='ocrx_word' id='word_1_17' title='bbox 705 1394 768 1431; x_wconf 79' lang='lat' dir='ltr'>pe-</span> 
     </span>
     <span class='ocr_line' id='line_1_6' title="bbox 642 1453 715 1479; baseline -0.014 0"><span class='ocrx_word' id='word_1_18' title='bbox 642 1453 715 1479; x_wconf 86' lang='lat' dir='ltr'>nus</span> 
     </span>
    </p>
   </div>
   <div class='ocr_carea' id='block_1_6' title="bbox 323 1742 769 1842">
    <p class='ocr_par' dir='ltr' id='par_1_6' title="bbox 323 1742 769 1842">
     <span class='ocr_line' id='line_1_7' title="bbox 323 1742 769 1797; baseline -0.004 -13"><span class='ocrx_word' id='word_1_19' title='bbox 323 1748 420 1796; x_wconf 91' lang='lat'>220,</span> <span class='ocrx_word' id='word_1_20' title='bbox 443 1748 497 1785; x_wconf 87' lang='lat'>20</span> <span class='ocrx_word' id='word_1_21' title='bbox 537 1742 612 1797; x_wconf 84' lang='grc'>61)</span> <span class='ocrx_word' id='word_1_22' title='bbox 645 1745 769 1794; x_wconf 65' lang='lat' dir='ltr'>*pro-</span> 
     </span>
     <span class='ocr_line' id='line_1_8' title="bbox 643 1807 750 1842; baseline 0.009 -1"><span class='ocrx_word' id='word_1_23' title='bbox 643 1807 750 1842; x_wconf 84' lang='lat' dir='ltr'>secta</span> 
     </span>
    </p>
   </div>
   <div class='ocr_carea' id='block_1_7' title="bbox 325 1999 807 2102">
    <p class='ocr_par' dir='ltr' id='par_1_7' title="bbox 325 1999 807 2102">
     <span class='ocr_line' id='line_1_9' title="bbox 399 1999 418 2023; baseline 0 0"><span class='ocrx_word' id='word_1_24' title='bbox 399 1999 418 2023; x_wconf 82' lang='lat' dir='ltr'>S</span> 
     </span>
     <span class='ocr_line' id='line_1_10' title="bbox 325 2041 807 2102; baseline -0.006 -14"><span class='ocrx_word' id='word_1_25' title='bbox 325 2052 422 2099; x_wconf 82' lang='grc'>223,</span> <span class='ocrx_word' id='word_1_26' title='bbox 444 2041 496 2089; x_wconf 81' lang='grc'>27</span> <span class='ocrx_word' id='word_1_27' title='bbox 539 2045 614 2102; x_wconf 81' lang='grc'>62)</span> <span class='ocrx_word' id='word_1_28' title='bbox 647 2048 807 2086; x_wconf 77' lang='lat' dir='ltr'>sibilum</span> 
     </span>
    </p>
   </div>
   <div class='ocr_carea' id='block_1_8' title="bbox 326 2170 814 2227">
    <p class='ocr_par' dir='ltr' id='par_1_8' title="bbox 326 2170 814 2227">
     <span class='ocr_line' id='line_1_11' title="bbox 326 2170 814 2227; baseline -0.004 -14"><span class='ocrx_word' id='word_1_29' title='bbox 326 2176 422 2223; x_wconf 84' lang='lat'>224,</span> <span class='ocrx_word' id='word_1_30' title='bbox 474 2177 496 2213; x_wconf 88' lang='grc'>3</span> <span class='ocrx_word' id='word_1_31' title='bbox 539 2170 615 2227; x_wconf 84' lang='grc'>63)</span> <span class='ocrx_word' id='word_1_32' title='bbox 647 2174 814 2223; x_wconf 66' lang='lat' dir='ltr'>*¹⁵¹spari</span> 
     </span>
    </p>
   </div>
   <div class='ocr_carea' id='block_1_9' title="bbox 326 2367 786 2472">
    <p class='ocr_par' dir='ltr' id='par_1_9' title="bbox 326 2367 786 2472">
     <span class='ocr_line' id='line_1_12' title="bbox 401 2367 424 2393; baseline 0 0"><span class='ocrx_word' id='word_1_33' title='bbox 401 2367 424 2393; x_wconf 74' lang='grc' dir='ltr'><strong>Τ</strong></span> 
     </span>
     <span class='ocr_line' id='line_1_13' title="bbox 326 2415 786 2472; baseline -0.004 -14"><span class='ocrx_word' id='word_1_34' title='bbox 326 2421 423 2468; x_wconf 86' lang='grc'>229,</span> <span class='ocrx_word' id='word_1_35' title='bbox 475 2422 498 2457; x_wconf 88' lang='grc'>2</span> <span class='ocrx_word' id='word_1_36' title='bbox 541 2415 616 2472; x_wconf 85' lang='grc'>64)</span> <span class='ocrx_word' id='word_1_37' title='bbox 648 2420 786 2468; x_wconf 75' lang='lat' dir='ltr'>torpor</span> 
     </span>
    </p>
   </div>
   <div class='ocr_carea' id='block_1_10' title="bbox 328 2658 956 2716">
    <p class='ocr_par' dir='ltr' id='par_1_10' title="bbox 328 2658 956 2716">
     <span class='ocr_line' id='line_1_14' title="bbox 328 2658 956 2716; baseline -0.003 -14"><span class='ocrx_word' id='word_1_38' title='bbox 328 2666 424 2712; x_wconf 85' lang='lat'>231,</span> <span class='ocrx_word' id='word_1_39' title='bbox 446 2664 501 2700; x_wconf 80' lang='lat'>30</span> <span class='ocrx_word' id='word_1_40' title='bbox 541 2658 616 2716; x_wconf 82' lang='lat'>65)</span> <span class='ocrx_word' id='word_1_41' title='bbox 648 2662 815 2701; x_wconf 48' lang='lat' dir='ltr'>*munes</span> <span class='ocrx_word' id='word_1_42' title='bbox 861 2660 885 2700; x_wconf 89' lang='lat'>‘.</span> <span class='ocrx_word' id='word_1_43' title='bbox 914 2693 920 2700; x_wconf 98' lang='lat'>.</span> <span class='ocrx_word' id='word_1_44' title='bbox 950 2693 956 2700; x_wconf 91' lang='lat'>.</span> 
     </span>
    </p>
   </div>
   <div class='ocr_carea' id='block_1_11' title="bbox 327 2915 812 3064">
    <p class='ocr_par' dir='ltr' id='par_1_11' title="bbox 327 2915 812 3064">
     <span class='ocr_line' id='line_1_15' title="bbox 327 2915 496 2947; baseline 0 -6"><span class='ocrx_word' id='word_1_45' title='bbox 327 2916 398 2947; x_wconf 70' lang='lat' dir='ltr'>Cap.</span> <span class='ocrx_word' id='word_1_46' title='bbox 412 2916 457 2942; x_wconf 84' lang='lat' dir='ltr'>1v</span> <span class='ocrx_word' id='word_1_47' title='bbox 475 2915 496 2941; x_wconf 90' lang='lat' dir='ltr'>C</span> 
     </span>
     <span class='ocr_line' id='line_1_16' title="bbox 330 2962 812 3020; baseline -0.004 -14"><span class='ocrx_word' id='word_1_48' title='bbox 330 2969 426 3016; x_wconf 88' lang='grc'>266,</span> <span class='ocrx_word' id='word_1_49' title='bbox 448 2969 501 3006; x_wconf 90' lang='grc'>26</span> <span class='ocrx_word' id='word_1_50' title='bbox 543 2962 619 3020; x_wconf 89' lang='grc'>66)</span> <span class='ocrx_word' id='word_1_51' title='bbox 654 2979 812 3005; x_wconf 89' lang='lat' dir='ltr'>conmo-</span> 
     </span>
     <span class='ocr_line' id='line_1_17' title="bbox 648 3026 741 3064; baseline 0 0"><span class='ocrx_word' id='word_1_52' title='bbox 648 3026 741 3064; x_wconf 90' lang='lat' dir='ltr'>dum</span> 
     </span>
    </p>
   </div>
   <div class='ocr_carea' id='block_1_12' title="bbox 911 517 1852 988">
    <p class='ocr_par' dir='ltr' id='par_1_12' title="bbox 911 517 1852 988">
     <span class='ocr_line' id='line_1_18' title="bbox 911 517 1852 572; baseline 0.001 -12"><span class='ocrx_word' id='word_1_53' title='bbox 911 534 1013 571; x_wconf 90' lang='lat' dir='ltr'>cum,</span> <span class='ocrx_word' id='word_1_54' title='bbox 1056 522 1203 560; x_wconf 85' lang='lat' dir='ltr'>uallem</span> <span class='ocrx_word' id='word_1_55' title='bbox 1246 517 1382 560; x_wconf 88' lang='lat' dir='ltr'>feci&#39;&#39;.&#39;</span> <span class='ocrx_word' id='word_1_56' title='bbox 1458 521 1590 560; x_wconf 85' lang='lat' dir='ltr'>Verba</span> <span class='ocrx_word' id='word_1_57' title='bbox 1633 534 1756 572; x_wconf 89' lang='lat' dir='ltr'>usque</span> <span class='ocrx_word' id='word_1_58' title='bbox 1801 521 1852 562; x_wconf 84' lang='lat' dir='ltr'>ad</span> 
     </span>
     <span class='ocr_line' id='line_1_19' title="bbox 913 578 1851 630; baseline 0 -11"><span class='ocrx_word' id='word_1_59' title='bbox 913 579 1101 620; x_wconf 76' lang='lat' dir='ltr'><strong>‘Titinius</strong></span> <span class='ocrx_word' id='word_1_60' title='bbox 1139 578 1294 620; x_wconf 85' lang='lat' dir='ltr'>neutro&#39;</span> <span class='ocrx_word' id='word_1_61' title='bbox 1333 582 1470 630; x_wconf 83' lang='lat' dir='ltr'>inepta</span> <span class='ocrx_word' id='word_1_62' title='bbox 1507 582 1617 619; x_wconf 87' lang='lat' dir='ltr'>sunt:</span> <span class='ocrx_word' id='word_1_63' title='bbox 1655 584 1716 620; x_wconf 84' lang='lat' dir='ltr'>est</span> <span class='ocrx_word' id='word_1_64' title='bbox 1747 582 1851 619; x_wconf 87' lang='lat' dir='ltr'>enim</span> 
     </span>
     <span class='ocr_line' id='line_1_20' title="bbox 913 640 1851 690; baseline 0 -12"><span class='ocrx_word' id='word_1_65' title='bbox 913 641 1018 690; x_wconf 80' lang='lat' dir='ltr'>apud</span> <span class='ocrx_word' id='word_1_66' title='bbox 1044 641 1244 679; x_wconf 80' lang='lat' dir='ltr'>Lucilium</span> <span class='ocrx_word' id='word_1_67' title='bbox 1277 641 1300 678; x_wconf 94' lang='lat' dir='ltr'>l.</span> <span class='ocrx_word' id='word_1_68' title='bbox 1321 640 1382 678; x_wconf 89' lang='lat' dir='ltr'>III</span> <span class='ocrx_word' id='word_1_69' title='bbox 1413 641 1567 690; x_wconf 85' lang='lat' dir='ltr'>postica</span> <span class='ocrx_word' id='word_1_70' title='bbox 1598 640 1851 689; x_wconf 87' lang='lat' dir='ltr'>adiectiuum,</span> 
     </span>
     <span class='ocr_line' id='line_1_21' title="bbox 912 699 1852 750; baseline 0 -12"><span class='ocrx_word' id='word_1_71' title='bbox 912 702 1008 738; x_wconf 83' lang='lat' dir='ltr'>item</span> <span class='ocrx_word' id='word_1_72' title='bbox 1050 701 1156 750; x_wconf 89' lang='lat' dir='ltr'>apud</span> <span class='ocrx_word' id='word_1_73' title='bbox 1198 700 1428 738; x_wconf 78' lang='lat' dir='ltr'>Varronem.</span> <span class='ocrx_word' id='word_1_74' title='bbox 1503 699 1598 738; x_wconf 80' lang='lat' dir='ltr'>Inde</span> <span class='ocrx_word' id='word_1_75' title='bbox 1643 713 1666 738; x_wconf 85' lang='lat' dir='ltr'>a</span> <span class='ocrx_word' id='word_1_76' title='bbox 1709 700 1852 738; x_wconf 77' lang='lat' dir='ltr'>Titinii</span> 
     </span>
     <span class='ocr_line' id='line_1_22' title="bbox 913 759 1852 810; baseline 0 -12"><span class='ocrx_word' id='word_1_77' title='bbox 913 759 1044 798; x_wconf 86' lang='lat' dir='ltr'>uerbis</span> <span class='ocrx_word' id='word_1_78' title='bbox 1088 760 1226 799; x_wconf 89' lang='lat' dir='ltr'>doctus</span> <span class='ocrx_word' id='word_1_79' title='bbox 1270 760 1449 810; x_wconf 87' lang='lat' dir='ltr'>loquitur</span> <span class='ocrx_word' id='word_1_80' title='bbox 1486 761 1769 809; x_wconf 77' lang='lat' dir='ltr'>grammaticus</span> <span class='ocrx_word' id='word_1_81' title='bbox 1812 762 1852 798; x_wconf 85' lang='lat' dir='ltr'>et</span> 
     </span>
     <span class='ocr_line' id='line_1_23' title="bbox 912 818 1851 870; baseline 0 -13"><span class='ocrx_word' id='word_1_82' title='bbox 912 821 1018 858; x_wconf 79' lang='lat' dir='ltr'>recte</span> <span class='ocrx_word' id='word_1_83' title='bbox 1056 821 1096 857; x_wconf 84' lang='lat' dir='ltr'>et</span> <span class='ocrx_word' id='word_1_84' title='bbox 1132 820 1235 870; x_wconf 87' lang='lat' dir='ltr'>apte.</span> <span class='ocrx_word' id='word_1_85' title='bbox 1296 819 1373 857; x_wconf 91' lang='lat' dir='ltr'>Hic</span> <span class='ocrx_word' id='word_1_86' title='bbox 1410 820 1502 868; x_wconf 89' lang='lat' dir='ltr'>apte</span> <span class='ocrx_word' id='word_1_87' title='bbox 1539 818 1685 857; x_wconf 84' lang='lat' dir='ltr'>Lucilii</span> <span class='ocrx_word' id='word_1_88' title='bbox 1720 820 1851 858; x_wconf 89' lang='lat' dir='ltr'>locum</span> 
     </span>
     <span class='ocr_line' id='line_1_24' title="bbox 914 878 1851 929; baseline 0 -12"><span class='ocrx_word' id='word_1_89' title='bbox 914 891 933 916; x_wconf 85' lang='lat' dir='ltr'>e</span> <span class='ocrx_word' id='word_1_90' title='bbox 953 879 1021 917; x_wconf 87' lang='lat' dir='ltr'>lib.</span> <span class='ocrx_word' id='word_1_91' title='bbox 1035 879 1134 917; x_wconf 90' lang='lat' dir='ltr'><strong>VIII</strong></span> <span class='ocrx_word' id='word_1_92' title='bbox 1153 879 1356 928; x_wconf 86' lang='lat' dir='ltr'>attulerat,</span> <span class='ocrx_word' id='word_1_93' title='bbox 1375 879 1548 928; x_wconf 82' lang='lat' dir='ltr'>priorem</span> <span class='ocrx_word' id='word_1_94' title='bbox 1567 878 1690 917; x_wconf 90' lang='lat' dir='ltr'>Nonii</span> <span class='ocrx_word' id='word_1_95' title='bbox 1709 891 1851 929; x_wconf 83' lang='lat' dir='ltr'>operae</span> 
     </span>
     <span class='ocr_line' id='line_1_25' title="bbox 913 937 1851 988; baseline 0 -11"><span class='ocrx_word' id='word_1_96' title='bbox 913 940 1046 988; x_wconf 85' lang='lat' dir='ltr'>inepte</span> <span class='ocrx_word' id='word_1_97' title='bbox 1067 952 1087 977; x_wconf 92' lang='lat' dir='ltr'>e</span> <span class='ocrx_word' id='word_1_98' title='bbox 1106 938 1260 977; x_wconf 92' lang='lat' dir='ltr'>Lucilio</span> <span class='ocrx_word' id='word_1_99' title='bbox 1280 939 1367 988; x_wconf 88' lang='lat' dir='ltr'>ipso</span> <span class='ocrx_word' id='word_1_100' title='bbox 1397 943 1659 988; x_wconf 86' lang='lat' dir='ltr'>sumpserunt.</span> <span class='ocrx_word' id='word_1_101' title='bbox 1698 937 1799 977; x_wconf 87' lang='lat' dir='ltr'>Vide</span> <span class='ocrx_word' id='word_1_102' title='bbox 1815 941 1851 977; x_wconf 90' lang='grc'>9.</span> 
     </span>
    </p>
   </div>
   <div class='ocr_carea' id='block_1_13' title="bbox 856 1007 1851 1061">
    <p class='ocr_par' dir='ltr' id='par_1_13' title="bbox 856 1007 1851 1061">
     <span class='ocr_line' id='line_1_26' title="bbox 856 1007 1851 1061; baseline 0 -13"><span class='ocrx_word' id='word_1_103' title='bbox 856 1007 1078 1048; x_wconf 83' lang='lat' dir='ltr'>‘Feminino</span> <span class='ocrx_word' id='word_1_104' title='bbox 1115 1010 1316 1061; x_wconf 80' lang='lat' dir='ltr'>Vergilius</span> <span class='ocrx_word' id='word_1_105' title='bbox 1360 1011 1401 1047; x_wconf 90' lang='lat' dir='ltr'>in</span> <span class='ocrx_word' id='word_1_106' title='bbox 1443 1009 1633 1047; x_wconf 89' lang='lat' dir='ltr'>bucolicis</span> <span class='ocrx_word' id='word_1_107' title='bbox 1668 1041 1674 1047; x_wconf 97' lang='lat'>.</span> <span class='ocrx_word' id='word_1_108' title='bbox 1706 1040 1742 1047; x_wconf 94' lang='lat'>..</span> <span class='ocrx_word' id='word_1_109' title='bbox 1769 1009 1851 1048; x_wconf 64' lang='lat' dir='ltr'>Ma-&gt;</span> 
     </span>
    </p>
   </div>
   <div class='ocr_carea' id='block_1_14' title="bbox 914 1064 1852 1358">
    <p class='ocr_par' dir='ltr' id='par_1_14' title="bbox 914 1064 1852 1358">
     <span class='ocr_line' id='line_1_27' title="bbox 914 1064 1851 1122; baseline 0 -15"><span class='ocrx_word' id='word_1_110' title='bbox 914 1070 1065 1108; x_wconf 86' lang='lat' dir='ltr'>sculino</span> <span class='ocrx_word' id='word_1_111' title='bbox 1115 1069 1292 1108; x_wconf 81' lang='lat' dir='ltr'>Lucilius</span> <span class='ocrx_word' id='word_1_112' title='bbox 1342 1068 1408 1107; x_wconf 88' lang='lat' dir='ltr'>lib.</span> <span class='ocrx_word' id='word_1_113' title='bbox 1446 1068 1565 1107; x_wconf 86' lang='lat' dir='ltr'><strong>XIIII</strong></span> <span class='ocrx_word' id='word_1_114' title='bbox 1607 1064 1734 1122; x_wconf 84' lang='lat'>(453)</span> <span class='ocrx_word' id='word_1_115' title='bbox 1773 1100 1781 1108; x_wconf 92' lang='lat'>.</span> <span class='ocrx_word' id='word_1_116' title='bbox 1810 1101 1815 1107; x_wconf 93' lang='lat'>.</span> <span class='ocrx_word' id='word_1_117' title='bbox 1845 1100 1851 1107; x_wconf 88' lang='lat'>.</span> 
     </span>
     <span class='ocr_line' id='line_1_28' title="bbox 915 1127 1851 1178; baseline -0.001 -11"><span class='ocrx_word' id='word_1_118' title='bbox 915 1130 1080 1168; x_wconf 82' lang='lat' dir='ltr'>Plautus</span> <span class='ocrx_word' id='word_1_119' title='bbox 1117 1128 1380 1168; x_wconf 79' lang='lat' dir='ltr'>Bacchidibus</span> <span class='ocrx_word' id='word_1_120' title='bbox 1408 1160 1415 1168; x_wconf 92' lang='lat'>.</span> <span class='ocrx_word' id='word_1_121' title='bbox 1438 1159 1443 1166; x_wconf 91' lang='lat'>.</span> <span class='ocrx_word' id='word_1_122' title='bbox 1468 1159 1474 1166; x_wconf 94' lang='lat'>.</span> <span class='ocrx_word' id='word_1_123' title='bbox 1501 1127 1743 1178; x_wconf 86' lang='lat' dir='ltr'>Pomponius</span> <span class='ocrx_word' id='word_1_124' title='bbox 1783 1128 1851 1166; x_wconf 89' lang='lat' dir='ltr'>Di-</span> 
     </span>
     <span class='ocr_line' id='line_1_29' title="bbox 915 1185 1852 1227; baseline -0.001 0"><span class='ocrx_word' id='word_1_125' title='bbox 915 1191 997 1227; x_wconf 84' lang='lat' dir='ltr'>uite</span> <span class='ocrx_word' id='word_1_126' title='bbox 1025 1185 1106 1227; x_wconf 91' lang='lat'>...&#39;</span> <span class='ocrx_word' id='word_1_127' title='bbox 1153 1188 1302 1227; x_wconf 84' lang='lat' dir='ltr'>Eadem</span> <span class='ocrx_word' id='word_1_128' title='bbox 1346 1188 1528 1227; x_wconf 83' lang='lat' dir='ltr'>doctrina</span> <span class='ocrx_word' id='word_1_129' title='bbox 1574 1201 1663 1226; x_wconf 90' lang='lat' dir='ltr'>cum</span> <span class='ocrx_word' id='word_1_130' title='bbox 1706 1188 1852 1227; x_wconf 87' lang='lat' dir='ltr'>eisdem</span> 
     </span>
     <span class='ocr_line' id='line_1_30' title="bbox 918 1246 1852 1300; baseline -0.001 -14"><span class='ocrx_word' id='word_1_131' title='bbox 918 1249 1085 1300; x_wconf 86' lang='lat' dir='ltr'>Vergilii</span> <span class='ocrx_word' id='word_1_132' title='bbox 1128 1251 1168 1286; x_wconf 85' lang='lat' dir='ltr'>et</span> <span class='ocrx_word' id='word_1_133' title='bbox 1192 1248 1357 1293; x_wconf 75' lang='lat' dir='ltr'>,Lucilii</span> <span class='ocrx_word' id='word_1_134' title='bbox 1399 1248 1496 1286; x_wconf 84' lang='lat' dir='ltr'>loeis</span> <span class='ocrx_word' id='word_1_135' title='bbox 1541 1246 1690 1287; x_wconf 77' lang='lat' dir='ltr'>Charis.</span> <span class='ocrx_word' id='word_1_136' title='bbox 1729 1246 1800 1286; x_wconf 79' lang='lat' dir='ltr'>GL</span> <span class='ocrx_word' id='word_1_137' title='bbox 1834 1247 1852 1285; x_wconf 92' lang='grc' dir='ltr'>Ι</span> 
     </span>
     <span class='ocr_line' id='line_1_31' title="bbox 915 1307 1567 1358; baseline -0.003 -11"><span class='ocrx_word' id='word_1_138' title='bbox 915 1322 952 1358; x_wconf 87' lang='lat' dir='ltr'>p.</span> <span class='ocrx_word' id='word_1_139' title='bbox 976 1309 1072 1357; x_wconf 88' lang='grc'>106,</span> <span class='ocrx_word' id='word_1_140' title='bbox 1099 1308 1152 1346; x_wconf 87' lang='grc'>26</span> <span class='ocrx_word' id='word_1_141' title='bbox 1169 1307 1346 1357; x_wconf 88' lang='lat' dir='ltr'>seqq.K:</span> <span class='ocrx_word' id='word_1_142' title='bbox 1378 1307 1468 1345; x_wconf 87' lang='lat' dir='ltr'>uide</span> <span class='ocrx_word' id='word_1_143' title='bbox 1502 1308 1567 1346; x_wconf 78' lang='lat'>37.</span> 
     </span>
    </p>
   </div>
   <div class='ocr_carea' id='block_1_15' title="bbox 858 1373 1728 1432">
    <p class='ocr_par' dir='ltr' id='par_1_15' title="bbox 858 1373 1852 1432">
     <span class='ocr_line' id='line_1_32' title="bbox 858 1373 1728 1432; baseline 0.001 -14"><span class='ocrx_word' id='word_1_144' title='bbox 858 1378 1027 1431; x_wconf 73' lang='lat' dir='ltr'>‘generis</span> <span class='ocrx_word' id='word_1_145' title='bbox 1078 1380 1269 1418; x_wconf 83' lang='lat' dir='ltr'>feminini.</span> <span class='ocrx_word' id='word_1_146' title='bbox 1343 1378 1522 1417; x_wconf 88' lang='lat' dir='ltr'>Lucilius</span> <span class='ocrx_word' id='word_1_147' title='bbox 1572 1373 1728 1432; x_wconf 86' lang='grc'>(1205)</span> 
     </span>
    </p>
   </div>
   <div class='ocr_carea' id='block_1_16' title="bbox 916 1434 1852 1607">
    <p class='ocr_par' dir='ltr' id='par_1_16' title="bbox 916 1434 1852 1607">
     <span class='ocr_line' id='line_1_33' title="bbox 916 1434 1852 1490; baseline -0.002 -12"><span class='ocrx_word' id='word_1_148' title='bbox 916 1439 1156 1490; x_wconf 87' lang='lat' dir='ltr'>Pomponius</span> <span class='ocrx_word' id='word_1_149' title='bbox 1194 1436 1224 1490; x_wconf 56' lang='grc' dir='ltr'>’ξ-</span> <span class='ocrx_word' id='word_1_150' title='bbox 1261 1438 1396 1488; x_wconf 86' lang='lat' dir='ltr'>dogali</span> <span class='ocrx_word' id='word_1_151' title='bbox 1430 1469 1436 1476; x_wconf 96' lang='lat'>.</span> <span class='ocrx_word' id='word_1_152' title='bbox 1464 1468 1472 1476; x_wconf 95' lang='lat'>.</span> <span class='ocrx_word' id='word_1_153' title='bbox 1501 1470 1508 1476; x_wconf 92' lang='lat'>.</span> <span class='ocrx_word' id='word_1_154' title='bbox 1541 1438 1692 1476; x_wconf 85' lang='lat' dir='ltr'>Nouius</span> <span class='ocrx_word' id='word_1_155' title='bbox 1724 1434 1754 1490; x_wconf 82' lang='lat'><strong>†</strong></span> <span class='ocrx_word' id='word_1_156' title='bbox 1786 1438 1852 1476; x_wconf 89' lang='lat' dir='ltr'>do—</span> 
     </span>
     <span class='ocr_line' id='line_1_34' title="bbox 918 1496 1852 1537; baseline -0.001 0"><span class='ocrx_word' id='word_1_157' title='bbox 918 1500 1023 1537; x_wconf 73' lang='lat' dir='ltr'>faeta</span> <span class='ocrx_word' id='word_1_158' title='bbox 1049 1529 1056 1537; x_wconf 91' lang='lat'>.</span> <span class='ocrx_word' id='word_1_159' title='bbox 1079 1530 1086 1536; x_wconf 94' lang='lat'>.</span> <span class='ocrx_word' id='word_1_160' title='bbox 1109 1496 1131 1536; x_wconf 93' lang='lat'>.&#39;</span> <span class='ocrx_word' id='word_1_161' title='bbox 1196 1498 1345 1536; x_wconf 83' lang='lat' dir='ltr'>Eadem</span> <span class='ocrx_word' id='word_1_162' title='bbox 1386 1497 1567 1536; x_wconf 85' lang='lat' dir='ltr'>doctrina</span> <span class='ocrx_word' id='word_1_163' title='bbox 1597 1510 1686 1536; x_wconf 88' lang='lat' dir='ltr'>cum</span> <span class='ocrx_word' id='word_1_164' title='bbox 1718 1497 1852 1536; x_wconf 89' lang='lat' dir='ltr'>eodem</span> 
     </span>
     <span class='ocr_line' id='line_1_35' title="bbox 916 1556 1850 1607; baseline 0 -11"><span class='ocrx_word' id='word_1_165' title='bbox 916 1558 1060 1597; x_wconf 85' lang='lat' dir='ltr'>Lucilii</span> <span class='ocrx_word' id='word_1_166' title='bbox 1092 1570 1207 1597; x_wconf 86' lang='lat' dir='ltr'>uersu</span> <span class='ocrx_word' id='word_1_167' title='bbox 1239 1557 1429 1596; x_wconf 82' lang='lat' dir='ltr'>Priscian.</span> <span class='ocrx_word' id='word_1_168' title='bbox 1456 1556 1528 1595; x_wconf 79' lang='lat' dir='ltr'>GL</span> <span class='ocrx_word' id='word_1_169' title='bbox 1555 1556 1595 1595; x_wconf 92' lang='lat' dir='ltr'>II</span> <span class='ocrx_word' id='word_1_170' title='bbox 1619 1560 1656 1607; x_wconf 84' lang='lat' dir='ltr'>p.</span> <span class='ocrx_word' id='word_1_171' title='bbox 1681 1558 1777 1607; x_wconf 89' lang='grc'>170,</span> <span class='ocrx_word' id='word_1_172' title='bbox 1800 1558 1850 1596; x_wconf 90' lang='grc'>17</span> 
     </span>
    </p>
   </div>
   <div class='ocr_carea' id='block_1_17' title="bbox 916 1616 1852 1716">
    <p class='ocr_par' dir='ltr' id='par_1_17' title="bbox 916 1616 1852 1716">
     <span class='ocr_line' id='line_1_36' title="bbox 916 1616 1852 1667; baseline -0.001 -11"><span class='ocrx_word' id='word_1_173' title='bbox 916 1620 956 1656; x_wconf 91' lang='lat' dir='ltr'>et</span> <span class='ocrx_word' id='word_1_174' title='bbox 989 1618 1086 1667; x_wconf 88' lang='grc'>261,</span> <span class='ocrx_word' id='word_1_175' title='bbox 1110 1619 1129 1655; x_wconf 93' lang='grc'>1</span> <span class='ocrx_word' id='word_1_176' title='bbox 1150 1617 1183 1655; x_wconf 85' lang='grc' dir='ltr'>Κ</span> <span class='ocrx_word' id='word_1_177' title='bbox 1215 1618 1285 1667; x_wconf 88' lang='lat' dir='ltr'>qui</span> <span class='ocrx_word' id='word_1_178' title='bbox 1310 1631 1346 1667; x_wconf 89' lang='lat' dir='ltr'>p.</span> <span class='ocrx_word' id='word_1_179' title='bbox 1370 1618 1466 1666; x_wconf 90' lang='grc'>260,</span> <span class='ocrx_word' id='word_1_180' title='bbox 1497 1618 1548 1655; x_wconf 89' lang='grc'>18</span> <span class='ocrx_word' id='word_1_181' title='bbox 1577 1616 1750 1667; x_wconf 83' lang='lat' dir='ltr'>Caprum</span> <span class='ocrx_word' id='word_1_182' title='bbox 1774 1629 1852 1655; x_wconf 86' lang='lat' dir='ltr'>me-</span> 
     </span>
     <span class='ocr_line' id='line_1_37' title="bbox 916 1676 1852 1716; baseline -0.002 0"><span class='ocrx_word' id='word_1_183' title='bbox 916 1679 1046 1716; x_wconf 85' lang='lat' dir='ltr'>morat</span> <span class='ocrx_word' id='word_1_184' title='bbox 1065 1678 1182 1716; x_wconf 87' lang='lat' dir='ltr'>huius</span> <span class='ocrx_word' id='word_1_185' title='bbox 1202 1676 1406 1716; x_wconf 85' lang='lat' dir='ltr'>doctrinae</span> <span class='ocrx_word' id='word_1_186' title='bbox 1426 1678 1638 1715; x_wconf 80' lang='lat' dir='ltr'>auctorem.</span> <span class='ocrx_word' id='word_1_187' title='bbox 1669 1676 1771 1715; x_wconf 88' lang='lat' dir='ltr'>Vide</span> <span class='ocrx_word' id='word_1_188' title='bbox 1787 1677 1852 1714; x_wconf 90' lang='lat'>37.</span> 
     </span>
    </p>
   </div>
   <div class='ocr_carea' id='block_1_18' title="bbox 857 1741 1854 1794">
    <p class='ocr_par' dir='ltr' id='par_1_18' title="bbox 857 1741 1854 1794">
     <span class='ocr_line' id='line_1_38' title="bbox 857 1741 1854 1794; baseline -0.002 -13"><span class='ocrx_word' id='word_1_189' title='bbox 857 1741 880 1781; x_wconf 83' lang='lat'>‘.</span> <span class='ocrx_word' id='word_1_190' title='bbox 905 1775 940 1781; x_wconf 95' lang='lat'>..</span> <span class='ocrx_word' id='word_1_191' title='bbox 977 1744 1131 1794; x_wconf 85' lang='lat' dir='ltr'>generis</span> <span class='ocrx_word' id='word_1_192' title='bbox 1174 1743 1316 1781; x_wconf 81' lang='lat' dir='ltr'>neutri.</span> <span class='ocrx_word' id='word_1_193' title='bbox 1388 1741 1582 1781; x_wconf 81' lang='lat' dir='ltr'>Aemilius</span> <span class='ocrx_word' id='word_1_194' title='bbox 1631 1741 1764 1780; x_wconf 85' lang='lat' dir='ltr'>Macer</span> <span class='ocrx_word' id='word_1_195' title='bbox 1812 1742 1854 1779; x_wconf 88' lang='lat' dir='ltr'>in</span> 
     </span>
    </p>
   </div>
   <div class='ocr_carea' id='block_1_19' title="bbox 911 1801 1855 2030">
    <p class='ocr_par' dir='ltr' id='par_1_19' title="bbox 911 1801 1855 2030">
     <span class='ocr_line' id='line_1_39' title="bbox 916 1801 1853 1853; baseline -0.002 -12"><span class='ocrx_word' id='word_1_196' title='bbox 916 1803 1196 1853; x_wconf 83' lang='lat' dir='ltr'>ornithogonia</span> <span class='ocrx_word' id='word_1_197' title='bbox 1231 1833 1266 1840; x_wconf 94' lang='lat'>..</span> <span class='ocrx_word' id='word_1_198' title='bbox 1290 1833 1296 1840; x_wconf 94' lang='lat'>.</span> <span class='ocrx_word' id='word_1_199' title='bbox 1324 1801 1529 1840; x_wconf 79' lang='lat' dir='ltr'>Feminino</span> <span class='ocrx_word' id='word_1_200' title='bbox 1568 1801 1743 1840; x_wconf 85' lang='lat' dir='ltr'>Lucilius</span> <span class='ocrx_word' id='word_1_201' title='bbox 1787 1801 1853 1839; x_wconf 91' lang='lat' dir='ltr'>lib.</span> 
     </span>
     <span class='ocr_line' id='line_1_40' title="bbox 916 1858 1855 1915; baseline -0.003 -14"><span class='ocrx_word' id='word_1_202' title='bbox 916 1863 1010 1901; x_wconf 90' lang='lat' dir='ltr'>XIV</span> <span class='ocrx_word' id='word_1_203' title='bbox 1035 1858 1162 1915; x_wconf 79' lang='lat'>(473)</span> <span class='ocrx_word' id='word_1_204' title='bbox 1191 1893 1197 1900; x_wconf 91' lang='lat'>.</span> <span class='ocrx_word' id='word_1_205' title='bbox 1221 1893 1227 1900; x_wconf 93' lang='lat'>.</span> <span class='ocrx_word' id='word_1_206' title='bbox 1251 1893 1257 1900; x_wconf 95' lang='lat'>.</span> <span class='ocrx_word' id='word_1_207' title='bbox 1290 1862 1417 1900; x_wconf 86' lang='lat' dir='ltr'>Varro</span> <span class='ocrx_word' id='word_1_208' title='bbox 1456 1874 1587 1899; x_wconf 78' lang='lat' dir='ltr'>rerum</span> <span class='ocrx_word' id='word_1_209' title='bbox 1628 1860 1855 1899; x_wconf 81' lang='lat' dir='ltr'>diuinarum</span> 
     </span>
     <span class='ocr_line' id='line_1_41' title="bbox 916 1917 1854 1960; baseline -0.002 0"><span class='ocrx_word' id='word_1_210' title='bbox 916 1923 983 1960; x_wconf 86' lang='lat' dir='ltr'>lib.</span> <span class='ocrx_word' id='word_1_211' title='bbox 1005 1922 1061 1960; x_wconf 91' lang='lat' dir='ltr'>XI</span> <span class='ocrx_word' id='word_1_212' title='bbox 1087 1953 1094 1959; x_wconf 94' lang='lat'>.</span> <span class='ocrx_word' id='word_1_213' title='bbox 1116 1952 1123 1959; x_wconf 91' lang='lat'>.</span> <span class='ocrx_word' id='word_1_214' title='bbox 1146 1917 1170 1960; x_wconf 91' lang='lat'>.&#39;</span> <span class='ocrx_word' id='word_1_215' title='bbox 1226 1921 1435 1959; x_wconf 46' lang='lat' dir='ltr'>Pros&#39;e&#39;ciem</span> <span class='ocrx_word' id='word_1_216' title='bbox 1485 1920 1722 1959; x_wconf 79' lang='lat' dir='ltr'>uocabulum</span> <span class='ocrx_word' id='word_1_217' title='bbox 1766 1933 1854 1959; x_wconf 89' lang='lat' dir='ltr'>cum</span> 
     </span>
     <span class='ocr_line' id='line_1_42' title="bbox 911 1980 1498 2030; baseline -0.003 -10"><span class='ocrx_word' id='word_1_218' title='bbox 911 1984 1090 2030; x_wconf 77' lang='lat' dir='ltr'>prosecta</span> <span class='ocrx_word' id='word_1_219' title='bbox 1122 1980 1302 2020; x_wconf 86' lang='lat' dir='ltr'>confudit</span> <span class='ocrx_word' id='word_1_220' title='bbox 1332 1981 1498 2019; x_wconf 88' lang='lat' dir='ltr'>Nonius.</span> 
     </span>
    </p>
   </div>
   <div class='ocr_carea' id='block_1_20' title="bbox 858 2045 1856 2096">
    <p class='ocr_par' dir='ltr' id='par_1_20' title="bbox 858 2045 1856 2096">
     <span class='ocr_line' id='line_1_43' title="bbox 858 2045 1856 2096; baseline -0.002 -10"><span class='ocrx_word' id='word_1_221' title='bbox 858 2045 1013 2086; x_wconf 76' lang='lat' dir='ltr'>‘neutro</span> <span class='ocrx_word' id='word_1_222' title='bbox 1063 2049 1109 2085; x_wconf 89' lang='lat' dir='ltr'>ut</span> <span class='ocrx_word' id='word_1_223' title='bbox 1157 2046 1263 2096; x_wconf 85' lang='lat' dir='ltr'>apud</span> <span class='ocrx_word' id='word_1_224' title='bbox 1313 2045 1501 2084; x_wconf 84' lang='lat' dir='ltr'>Serenum</span> <span class='ocrx_word' id='word_1_225' title='bbox 1535 2077 1541 2084; x_wconf 89' lang='lat'>.</span> <span class='ocrx_word' id='word_1_226' title='bbox 1570 2077 1576 2084; x_wconf 89' lang='lat'>.</span> <span class='ocrx_word' id='word_1_227' title='bbox 1606 2076 1613 2084; x_wconf 85' lang='lat'>.</span> <span class='ocrx_word' id='word_1_228' title='bbox 1646 2046 1856 2084; x_wconf 81' lang='lat' dir='ltr'>Masculin&#39;i</span> 
     </span>
    </p>
   </div>
   <div class='ocr_carea' id='block_1_21' title="bbox 916 2100 1853 2158">
    <p class='ocr_par' dir='ltr' id='par_1_21' title="bbox 916 2100 1853 2158">
     <span class='ocr_line' id='line_1_44' title="bbox 916 2100 1853 2158; baseline -0.002 -13"><span class='ocrx_word' id='word_1_229' title='bbox 916 2108 1118 2158; x_wconf 83' lang='lat' dir='ltr'>Vergilius</span> <span class='ocrx_word' id='word_1_230' title='bbox 1131 2107 1173 2145; x_wconf 92' lang='lat' dir='ltr'>in</span> <span class='ocrx_word' id='word_1_231' title='bbox 1186 2106 1376 2144; x_wconf 88' lang='lat' dir='ltr'>bucolicis</span> <span class='ocrx_word' id='word_1_232' title='bbox 1392 2137 1399 2144; x_wconf 92' lang='lat'>.</span> <span class='ocrx_word' id='word_1_233' title='bbox 1410 2136 1416 2143; x_wconf 96' lang='lat'>.</span> <span class='ocrx_word' id='word_1_234' title='bbox 1428 2137 1434 2143; x_wconf 96' lang='lat'>.</span> <span class='ocrx_word' id='word_1_235' title='bbox 1450 2104 1624 2144; x_wconf 90' lang='lat' dir='ltr'>Lucilius</span> <span class='ocrx_word' id='word_1_236' title='bbox 1633 2100 1676 2158; x_wconf 90' lang='lat'>(1</span> <span class='ocrx_word' id='word_1_237' title='bbox 1686 2106 1708 2143; x_wconf 93' lang='grc'>2</span> <span class='ocrx_word' id='word_1_238' title='bbox 1715 2100 1802 2158; x_wconf 86' lang='grc'>93).</span> <span class='ocrx_word' id='word_1_239' title='bbox 1813 2136 1819 2142; x_wconf 94' lang='grc'>.</span> <span class='ocrx_word' id='word_1_240' title='bbox 1831 2102 1853 2143; x_wconf 82' lang='grc'>.’</span> 
     </span>
    </p>
   </div>
   <div class='ocr_carea' id='block_1_22' title="bbox 859 2170 1855 2222">
    <p class='ocr_par' dir='ltr' id='par_1_22' title="bbox 859 2170 1855 2222">
     <span class='ocr_line' id='line_1_45' title="bbox 859 2170 1855 2222; baseline -0.006 -9"><span class='ocrx_word' id='word_1_241' title='bbox 859 2171 883 2213; x_wconf 75' lang='lat'>‘.</span> <span class='ocrx_word' id='word_1_242' title='bbox 906 2205 912 2211; x_wconf 96' lang='lat'>.</span> <span class='ocrx_word' id='word_1_243' title='bbox 935 2205 942 2212; x_wconf 91' lang='lat'>.</span> <span class='ocrx_word' id='word_1_244' title='bbox 968 2172 1186 2212; x_wconf 88' lang='lat' dir='ltr'>masculino</span> <span class='ocrx_word' id='word_1_245' title='bbox 1224 2184 1365 2222; x_wconf 85' lang='lat' dir='ltr'>genere</span> <span class='ocrx_word' id='word_1_246' title='bbox 1403 2172 1448 2208; x_wconf 88' lang='lat' dir='ltr'>ut</span> <span class='ocrx_word' id='word_1_247' title='bbox 1490 2173 1549 2208; x_wconf 82' lang='lat' dir='ltr'>est</span> <span class='ocrx_word' id='word_1_248' title='bbox 1581 2170 1685 2220; x_wconf 90' lang='lat' dir='ltr'>apud</span> <span class='ocrx_word' id='word_1_249' title='bbox 1717 2170 1855 2222; x_wconf 81' lang='lat' dir='ltr'>Vergi-</span> 
     </span>
    </p>
   </div>
   <div class='ocr_carea' id='block_1_23' title="bbox 917 2225 1856 2391">
    <p class='ocr_par' dir='ltr' id='par_1_23' title="bbox 917 2225 1856 2391">
     <span class='ocr_line' id='line_1_46' title="bbox 917 2225 1855 2283; baseline -0.004 -12"><span class='ocrx_word' id='word_1_250' title='bbox 917 2234 1016 2271; x_wconf 91' lang='lat' dir='ltr'>lium</span> <span class='ocrx_word' id='word_1_251' title='bbox 1048 2263 1056 2271; x_wconf 92' lang='lat'>.</span> <span class='ocrx_word' id='word_1_252' title='bbox 1083 2262 1091 2270; x_wconf 93' lang='lat'>.</span> <span class='ocrx_word' id='word_1_253' title='bbox 1120 2263 1126 2269; x_wconf 92' lang='lat'>.</span> <span class='ocrx_word' id='word_1_254' title='bbox 1169 2232 1320 2270; x_wconf 79' lang='lat' dir='ltr'>Neutro</span> <span class='ocrx_word' id='word_1_255' title='bbox 1357 2230 1534 2268; x_wconf 88' lang='lat' dir='ltr'>Lucilius</span> <span class='ocrx_word' id='word_1_256' title='bbox 1581 2225 1737 2283; x_wconf 83' lang='lat'>(1315)</span> <span class='ocrx_word' id='word_1_257' title='bbox 1772 2226 1855 2267; x_wconf 84' lang='grc'><strong>...’</strong></span> 
     </span>
     <span class='ocr_line' id='line_1_47' title="bbox 917 2289 1856 2340; baseline -0.004 -9"><span class='ocrx_word' id='word_1_258' title='bbox 917 2293 1029 2331; x_wconf 89' lang='lat' dir='ltr'>Idem</span> <span class='ocrx_word' id='word_1_259' title='bbox 1071 2303 1207 2330; x_wconf 87' lang='lat' dir='ltr'>uersus</span> <span class='ocrx_word' id='word_1_260' title='bbox 1250 2290 1397 2329; x_wconf 91' lang='lat' dir='ltr'>Lucilii</span> <span class='ocrx_word' id='word_1_261' title='bbox 1445 2289 1505 2329; x_wconf 91' lang='lat' dir='ltr'>bis</span> <span class='ocrx_word' id='word_1_262' title='bbox 1554 2289 1701 2340; x_wconf 78' lang='lat' dir='ltr'>legitur</span> <span class='ocrx_word' id='word_1_263' title='bbox 1751 2289 1856 2340; x_wconf 81' lang='lat' dir='ltr'>apud</span> 
     </span>
     <span class='ocr_line' id='line_1_48' title="bbox 918 2350 1458 2391; baseline -0.007 0"><span class='ocrx_word' id='word_1_264' title='bbox 918 2352 1098 2391; x_wconf 82' lang='lat' dir='ltr'>Festum:</span> <span class='ocrx_word' id='word_1_265' title='bbox 1131 2351 1225 2390; x_wconf 86' lang='lat' dir='ltr'>conf</span> <span class='ocrx_word' id='word_1_266' title='bbox 1252 2350 1458 2389; x_wconf 87' lang='lat' dir='ltr'>comment.</span> 
     </span>
    </p>
   </div>
   <div class='ocr_carea' id='block_1_24' title="bbox 861 2409 1856 2470">
    <p class='ocr_par' dir='ltr' id='par_1_24' title="bbox 861 2409 1856 2470">
     <span class='ocr_line' id='line_1_49' title="bbox 861 2409 1856 2470; baseline -0.003 -14"><span class='ocrx_word' id='word_1_267' title='bbox 861 2415 1029 2470; x_wconf 84' lang='lat' dir='ltr'>‘generis</span> <span class='ocrx_word' id='word_1_268' title='bbox 1049 2417 1270 2455; x_wconf 85' lang='lat' dir='ltr'>masculini.</span> <span class='ocrx_word' id='word_1_269' title='bbox 1315 2414 1495 2454; x_wconf 58' lang='lat' dir='ltr'>Lucinas</span> <span class='ocrx_word' id='word_1_270' title='bbox 1514 2410 1721 2469; x_wconf 87' lang='lat' dir='ltr'>(lucretius</span> <span class='ocrx_word' id='word_1_271' title='bbox 1742 2409 1856 2466; x_wconf 69' lang='lat' dir='ltr'>codd)</span> 
     </span>
    </p>
   </div>
   <div class='ocr_carea' id='block_1_25' title="bbox 918 2468 1857 2950">
    <p class='ocr_par' dir='ltr' id='par_1_25' title="bbox 918 2468 1856 2646">
     <span class='ocr_line' id='line_1_50' title="bbox 919 2468 1855 2527; baseline -0.004 -12"><span class='ocrx_word' id='word_1_272' title='bbox 919 2474 1087 2516; x_wconf 79' lang='lat' dir='ltr'>“tantus</span> <span class='ocrx_word' id='word_1_273' title='bbox 1101 2475 1341 2515; x_wconf 85' lang='lat' dir='ltr'>conduxerat</span> <span class='ocrx_word' id='word_1_274' title='bbox 1355 2475 1488 2514; x_wconf 83' lang='lat' dir='ltr'>omnia</span> <span class='ocrx_word' id='word_1_275' title='bbox 1504 2471 1672 2524; x_wconf 85' lang='lat' dir='ltr'>torpor&#39;&#39;</span> <span class='ocrx_word' id='word_1_276' title='bbox 1688 2468 1855 2527; x_wconf 87' lang='lat'>(1306).</span> 
     </span>
     <span class='ocr_line' id='line_1_51' title="bbox 918 2530 1856 2587; baseline -0.005 -12"><span class='ocrx_word' id='word_1_277' title='bbox 918 2536 1098 2587; x_wconf 86' lang='lat' dir='ltr'>Torpedo</span> <span class='ocrx_word' id='word_1_278' title='bbox 1114 2536 1300 2574; x_wconf 80' lang='lat' dir='ltr'>feminini</span> <span class='ocrx_word' id='word_1_279' title='bbox 1314 2530 1542 2573; x_wconf 83' lang='lat' dir='ltr'>Sallustius&#39;</span> <span class='ocrx_word' id='word_1_280' title='bbox 1559 2546 1590 2572; x_wconf 87' lang='lat' dir='ltr'>e.</span> <span class='ocrx_word' id='word_1_281' title='bbox 1602 2547 1638 2584; x_wconf 88' lang='lat' dir='ltr'>q.</span> <span class='ocrx_word' id='word_1_282' title='bbox 1651 2546 1678 2572; x_wconf 91' lang='lat' dir='ltr'>s.</span> <span class='ocrx_word' id='word_1_283' title='bbox 1706 2532 1856 2571; x_wconf 79' lang='lat' dir='ltr'>Eadem</span> 
     </span>
     <span class='ocr_line' id='line_1_52' title="bbox 918 2595 1659 2646; baseline -0.005 -11"><span class='ocrx_word' id='word_1_284' title='bbox 918 2597 1127 2646; x_wconf 87' lang='lat' dir='ltr'>dispositio</span> <span class='ocrx_word' id='word_1_285' title='bbox 1157 2609 1195 2645; x_wconf 91' lang='lat' dir='ltr'>p.</span> <span class='ocrx_word' id='word_1_286' title='bbox 1218 2595 1315 2643; x_wconf 89' lang='grc'>226,</span> <span class='ocrx_word' id='word_1_287' title='bbox 1337 2595 1391 2632; x_wconf 86' lang='grc'>24</span> <span class='ocrx_word' id='word_1_288' title='bbox 1423 2595 1465 2631; x_wconf 90' lang='lat' dir='ltr'>in</span> <span class='ocrx_word' id='word_1_289' title='bbox 1497 2596 1659 2632; x_wconf 78' lang='lat' dir='ltr'>statura.</span> 
     </span>
    </p>

    <p class='ocr_par' dir='ltr' id='par_1_26' title="bbox 920 2652 1857 2950">
     <span class='ocr_line' id='line_1_53' title="bbox 990 2652 1857 2711; baseline -0.005 -12"><span class='ocrx_word' id='word_1_290' title='bbox 990 2661 1208 2701; x_wconf 87' lang='lat' dir='ltr'>masculini.</span> <span class='ocrx_word' id='word_1_291' title='bbox 1281 2660 1425 2699; x_wconf 87' lang='lat' dir='ltr'>Neutri</span> <span class='ocrx_word' id='word_1_292' title='bbox 1472 2658 1650 2697; x_wconf 89' lang='lat' dir='ltr'>Lucilius</span> <span class='ocrx_word' id='word_1_293' title='bbox 1700 2652 1857 2711; x_wconf 86' lang='lat'>(1104)</span> 
     </span>
     <span class='ocr_line' id='line_1_54' title="bbox 921 2714 1857 2771; baseline -0.006 -11"><span class='ocrx_word' id='word_1_294' title='bbox 921 2718 1178 2760; x_wconf 76' lang='lat' dir='ltr'>“Andronius</span> <span class='ocrx_word' id='word_1_295' title='bbox 1192 2720 1327 2758; x_wconf 81' lang='lat' dir='ltr'>Flacci</span> <span class='ocrx_word' id='word_1_296' title='bbox 1339 2720 1448 2771; x_wconf 86' lang='lat' dir='ltr'>teget</span> <span class='ocrx_word' id='word_1_297' title='bbox 1466 2714 1632 2756; x_wconf 84' lang='lat' dir='ltr'>utria’&#39;.’</span> <span class='ocrx_word' id='word_1_298' title='bbox 1666 2717 1767 2756; x_wconf 85' lang='lat' dir='ltr'>Vide</span> <span class='ocrx_word' id='word_1_299' title='bbox 1783 2718 1857 2755; x_wconf 89' lang='lat'>33:</span> 
     </span>
     <span class='ocr_line' id='line_1_55' title="bbox 920 2776 1855 2830; baseline -0.006 -10"><span class='ocrx_word' id='word_1_300' title='bbox 920 2794 966 2820; x_wconf 84' lang='lat' dir='ltr'>ex</span> <span class='ocrx_word' id='word_1_301' title='bbox 1018 2780 1157 2819; x_wconf 85' lang='lat' dir='ltr'>eodem</span> <span class='ocrx_word' id='word_1_302' title='bbox 1209 2778 1468 2830; x_wconf 80' lang='lat' dir='ltr'>grammatico</span> <span class='ocrx_word' id='word_1_303' title='bbox 1518 2776 1717 2815; x_wconf 88' lang='lat' dir='ltr'>Arnobius</span> <span class='ocrx_word' id='word_1_304' title='bbox 1748 2776 1773 2814; x_wconf 78' lang='lat' dir='ltr'><strong>I&#39;</strong></span> <span class='ocrx_word' id='word_1_305' title='bbox 1801 2777 1855 2815; x_wconf 83' lang='lat'>59</span> 
     </span>
     <span class='ocr_line' id='line_1_56' title="bbox 922 2835 1856 2886; baseline -0.005 -8"><span class='ocrx_word' id='word_1_306' title='bbox 922 2837 1066 2880; x_wconf 76' lang='lat' dir='ltr'>‘nonne</span> <span class='ocrx_word' id='word_1_307' title='bbox 1097 2839 1198 2878; x_wconf 88' lang='lat' dir='ltr'>alias</span> <span class='ocrx_word' id='word_1_308' title='bbox 1222 2839 1318 2877; x_wconf 84' lang='lat' dir='ltr'>haec</span> <span class='ocrx_word' id='word_1_309' title='bbox 1346 2839 1464 2886; x_wconf 91' lang='lat' dir='ltr'>utria,</span> <span class='ocrx_word' id='word_1_310' title='bbox 1496 2837 1595 2875; x_wconf 90' lang='lat' dir='ltr'>alias</span> <span class='ocrx_word' id='word_1_311' title='bbox 1627 2836 1760 2881; x_wconf 85' lang='lat' dir='ltr'>dicitis</span> <span class='ocrx_word' id='word_1_312' title='bbox 1785 2835 1856 2874; x_wconf 93' lang='lat' dir='ltr'>hos</span> 
     </span>
     <span class='ocr_line' id='line_1_57' title="bbox 920 2894 1642 2950; baseline -0.007 -11"><span class='ocrx_word' id='word_1_313' title='bbox 920 2901 1041 2950; x_wconf 83' lang='lat' dir='ltr'>utres,</span> <span class='ocrx_word' id='word_1_314' title='bbox 1073 2899 1204 2938; x_wconf 85' lang='lat' dir='ltr'>caelus</span> <span class='ocrx_word' id='word_1_315' title='bbox 1237 2899 1276 2936; x_wconf 82' lang='lat' dir='ltr'>et</span> <span class='ocrx_word' id='word_1_316' title='bbox 1307 2894 1476 2936; x_wconf 84' lang='lat' dir='ltr'>caelum&#39;</span> <span class='ocrx_word' id='word_1_317' title='bbox 1504 2909 1535 2935; x_wconf 87' lang='lat' dir='ltr'>e.</span> <span class='ocrx_word' id='word_1_318' title='bbox 1557 2909 1592 2946; x_wconf 94' lang='lat' dir='ltr'>q.</span> <span class='ocrx_word' id='word_1_319' title='bbox 1613 2908 1642 2934; x_wconf 90' lang='lat' dir='ltr'>s.</span> 
     </span>
    </p>
   </div>
   <div class='ocr_carea' id='block_1_26' title="bbox 863 2956 1855 3016">
    <p class='ocr_par' dir='ltr' id='par_1_27' title="bbox 863 2956 1855 3016">
     <span class='ocr_line' id='line_1_58' title="bbox 863 2956 1855 3016; baseline -0.006 -12"><span class='ocrx_word' id='word_1_320' title='bbox 863 2963 1089 3016; x_wconf 75' lang='lat' dir='ltr'>‘integrum,</span> <span class='ocrx_word' id='word_1_321' title='bbox 1113 2966 1254 3003; x_wconf 89' lang='lat' dir='ltr'>totum.</span> <span class='ocrx_word' id='word_1_322' title='bbox 1303 2963 1483 3001; x_wconf 86' lang='lat' dir='ltr'>Lucilius</span> <span class='ocrx_word' id='word_1_323' title='bbox 1502 2956 1629 3014; x_wconf 85' lang='lat'>(107)</span> <span class='ocrx_word' id='word_1_324' title='bbox 1652 2992 1658 2999; x_wconf 96' lang='lat'>.</span> <span class='ocrx_word' id='word_1_325' title='bbox 1681 2991 1689 3000; x_wconf 90' lang='lat'>.</span> <span class='ocrx_word' id='word_1_326' title='bbox 1712 2992 1718 2999; x_wconf 96' lang='lat'>.</span> <span class='ocrx_word' id='word_1_327' title='bbox 1738 2961 1855 2999; x_wconf 86' lang='lat' dir='ltr'>Plau-</span> 
     </span>
    </p>
   </div>
   <div class='ocr_carea' id='block_1_27' title="bbox 921 3017 1545 3076">
    <p class='ocr_par' dir='ltr' id='par_1_28' title="bbox 921 3017 1545 3076">
     <span class='ocr_line' id='line_1_59' title="bbox 921 3017 1545 3076; baseline -0.006 -13"><span class='ocrx_word' id='word_1_328' title='bbox 921 3028 985 3063; x_wconf 85' lang='lat' dir='ltr'>tus</span> <span class='ocrx_word' id='word_1_329' title='bbox 1016 3026 1059 3062; x_wconf 88' lang='lat' dir='ltr'>in</span> <span class='ocrx_word' id='word_1_330' title='bbox 1090 3024 1278 3062; x_wconf 85' lang='lat' dir='ltr'>Asinaria</span> <span class='ocrx_word' id='word_1_331' title='bbox 1309 3017 1435 3076; x_wconf 84' lang='lat'>(725)</span> <span class='ocrx_word' id='word_1_332' title='bbox 1463 3053 1469 3060; x_wconf 87' lang='lat'>.</span> <span class='ocrx_word' id='word_1_333' title='bbox 1493 3052 1499 3059; x_wconf 91' lang='lat'>.</span> <span class='ocrx_word' id='word_1_334' title='bbox 1522 3018 1545 3060; x_wconf 89' lang='lat'>.&#39;</span> 
     </span>
    </p>
   </div>
  </div>
 </body>
</html>
