2060 3444
771 280 776 285 -
799 261 886 299 dub.
913 273 948 297 u.
978 265 1224 297 1351-135e
1704 262 1789 306 431

915 435 951 474 D
963 435 999 475 U
1010 435 1043 474 Β
1054 435 1075 474 Ι
1085 435 1134 474 Α.

372 515 513 561 1351.
543 495 746 560 Charisius
766 519 840 559 GL
854 520 875 559 I
894 533 932 571 p.
949 521 1016 571 58,
1034 520 1133 559 23K
1155 517 1341 598 ‘Camara
1362 520 1509 560 dicitur
1528 516 1734 575 (clicwntwr
1744 516 1800 573 N)

246 607 293 644 ut
323 605 488 645 Verrius
519 605 687 644 Flaccus
726 604 930 655 adfirmat,
968 617 1048 644 non
1086 609 1252 656 camara
1288 617 1360 655 per
1397 618 1428 643 e.
1492 605 1560 644 sed
1591 606 1801 644 Lucretius

249 666 490 728 “camaram
523 678 689 717 cummis
727 673 968 716 eoe'iritae'bus”
1008 676 1174 716 dicendo
1216 678 1340 716 etiam
1378 665 1542 728 οαφηᾷνᾶ
1573 677 1653 717 dici
1684 691 1800 728 posse

248 734 451 778 ostendit'.
513 737 624 776 Beda
655 737 703 776 de
749 737 1037 789 orthographia
1075 736 1149 776 GL
1175 737 1255 776 VH
1285 751 1323 788 p.
1348 738 1445 787 266,
1474 738 1527 776 12
1543 737 1581 776 Κ
1614 734 1802 777 ‘Gamara

247 797 395 838 dicitur
437 799 483 837 ut
522 798 687 837 Verrius
726 797 892 837 Flaccus
944 797 1148 847 adfirmat,
1198 810 1279 837 non
1322 810 1479 838 camera
1523 811 1595 848 per
1638 811 1670 837 e.
1733 798 1799 837 sed

247 857 466 914 Lucretius·
479 855 677 898 “cameris
703 870 748 897 ecc
772 855 985 898 teretibus'’
1012 857 1178 897 dicendo
1205 859 1328 897 etiam
1354 870 1554 897 cameram
1580 858 1660 898 dici
1685 871 1800 909 posse

222 950 224 952 ,
251 916 454 958 ostendit'.
516 918 667 958 Paulus
701 932 747 957 ex
777 919 897 958 Festo
929 931 967 969 p.
989 919 1058 968 43,
1087 920 1140 957 17
1176 915 1352 958 ‘camara
1385 920 1424 957 et
1450 920 1603 957 camuri
1629 918 1750 958 boues
1778 932 1802 958 a

251 978 485 1018 eumatione
517 992 562 1017 ex
595 977 746 1018 Graeco
778 976 992 1018 dicuntur’.
1056 978 1103 1017 In
1135 978 1268 1018 Bedae
1301 980 1496 1029 excerptis
1529 979 1734 1018 meliorem
1760 980 1799 1018 in

248 1052 367 1079 uersu
404 1039 476 1078 illo
514 1040 717 1078 seruatam
755 1052 834 1078 non
867 1051 950 1078 esse
983 1040 1222 1090 scripturam
1261 1038 1329 1078 sed
1361 1040 1506 1078 lacuna
1538 1039 1801 1090 dcprauatam

248 1101 417 1150 apparet
460 1100 539 1138 nisi
583 1099 690 1150 quod
734 1101 777 1138 in
820 1100 1001 1139 teretibus
1046 1099 1214 1151 simplex
1257 1113 1277 1138 r
1314 1101 1463 1139 rectius
1506 1101 1642 1151 posuit
1681 1113 1801 1150 quam

247 1159 438 1199 librarius
472 1158 656 1199 Charisii.
711 1159 827 1199 Vnde
860 1161 944 1199 solo
977 1160 1049 1199 cod
1081 1160 1351 1211 Neapolitano
1384 1172 1477 1199 usus
1504 1160 1628 1199 uerba
1658 1162 1801 1211 poetae

247 1220 357 1259 illius
394 1220 518 1259 fuisse
556 1221 730 1260 conicias
770 1217 1016 1269 ‘cameraque
1052 1221 1198 1259 camini
1236 1231 1281 1259 ex
1323 1217 1457 1260 teret-ff.
1526 1220 1667 1260 Posuit
1703 1221 1801 1260 haec

247 1279 370 1319 uerba
407 1280 686 1320 Lachmannus
723 1280 826 1319 libro
865 1279 1043 1319 Lucretii
1068 1280 1126 1319 VI
1163 1282 1255 1331 post
1280 1295 1316 1319 u.
1346 1282 1430 1320 839
1471 1275 1582 1335 (uide
1624 1281 1674 1319 ad
1706 1281 1799 1319 dub.

247 1340 388 1392 fragm.
415 1354 451 1379 u.
476 1341 590 1380 1364
611 1335 711 1395 seq.)
754 1342 963 1380 comment.
990 1354 1027 1391 p.
1057 1341 1160 1380 399:
1213 1341 1318 1391 quod
1370 1341 1469 1379 mihi
1511 1341 1674 1380 uidetur
1717 1354 1800 1380 esse

247 1400 495 1451 probabilius
545 1413 666 1451 quam
716 1400 871 1440 Lucilio
922 1400 1179 1440 tribuendum
1238 1413 1321 1441 esse
1371 1401 1481 1440 istud
1531 1401 1800 1453 fragmentum

248 1457 374 1515 (quod
404 1461 452 1500 A.
481 1459 690 1500 Cramerus
723 1463 867 1500 statuit
898 1461 940 1500 in
967 1461 1147 1500 quenal.
1175 1463 1384 1500 comment.
1411 1463 1490 1501 uet.
1516 1461 1660 1500 Hamb.
1684 1462 1798 1500 1823

247 1535 284 1571 p.
308 1516 413 1575 509)
446 1521 548 1570 ideo,
581 1523 677 1572 quia
708 1534 848 1560 reuera
879 1522 950 1560 illo
989 1522 1077 1560 loco
1108 1521 1286 1560 Lucretii
1324 1520 1459 1573 agitur
1500 1521 1548 1560 de
1579 1522 1728 1574 frigore
1761 1524 1801 1561 et

248 1581 379 1620 calore
404 1595 470 1620 uu.
499 1581 585 1620 840
606 1594 727 1632 seqq„
758 1584 855 1620 teres
881 1581 1126 1621 adiectiuum
1150 1580 1330 1621 Lucretii
1357 1583 1566 1632 proprium
1593 1585 1664 1632 est,
1691 1582 1799 1632 apud

246 1643 402 1680 ueteres
427 1643 567 1692 poetas
593 1643 686 1680 ante
711 1640 889 1680 Lucretii
909 1642 1084 1680 aetatem
1103 1654 1182 1689 non
1202 1641 1362 1681 uidetur
1382 1643 1527 1681 extare.
1578 1654 1597 1682 e
1621 1643 1800 1681 litteram

248 1703 509 1741 correctorem
548 1703 717 1753 apparet
752 1701 899 1741 codicis
930 1701 1193 1752 Neapolitani
1231 1702 1351 1741 semel
1386 1715 1458 1742 suo
1490 1702 1577 1741 loco
1608 1704 1799 1753 posuisse,

247 1761 309 1800 bis
346 1774 567 1812 perperam.
631 1761 826 1812 Suppleas
864 1762 937 1802 hoc
974 1761 1092 1801 modo
1136 1759 1242 1800 ‘cum
1275 1763 1385 1801 calor
1422 1775 1467 1801 ex
1499 1763 1660 1801 fornace
1692 1766 1800 1802 meat

248 1834 483 1872 cameraque
534 1823 681 1861 camini
731 1835 777 1860 ex
827 1819 973 1863 tereti’.
1046 1822 1197 1861 Eodem
1246 1822 1421 1872 pertinet
1470 1822 1577 1873 quod
1622 1823 1801 1862 seruauit

248 1883 519 1934 fragmentum
559 1881 751 1922 Sacerdos
783 1881 857 1921 GL
883 1882 942 1920 VI
973 1895 1010 1932 p.
1038 1883 1145 1932 448,
1172 1883 1195 1921 9
1237 1879 1298 1921 ‘ut
1335 1882 1546 1923 Lucretius
1586 1879 1800 1922 “mensibu

250 1939 409 1995 frigus”
428 1939 438 1956 '
473 1941 542 1981 ubi
572 1943 671 1981 item
702 1942 750 1981 de
781 1943 930 1995 frigore
945 1961 949 1965 «
963 1941 1108 1994 agitur.

374 1997 517 2042 1353.
543 2002 691 2042 Paulus
711 2014 758 2042 ex
777 2002 895 2042 Festo
921 2016 958 2053 p.
982 2003 1050 2053 54,
1072 2004 1095 2041 2
1126 2000 1403 2042 ‘Centenariae
1424 2015 1544 2042 cenae
1564 2003 1801 2042 dicebantur

248 2063 290 2101 in
335 2075 433 2113 quas
476 2063 564 2115 lege
601 2062 758 2102 Licinia
795 2076 875 2103 non
918 2063 1008 2114 plus
1047 2063 1296 2102 centussibus
1334 2066 1494 2114 praeter
1534 2065 1642 2103 terra
1680 2066 1800 2109 enata

247 2122 551 2174 inpendebatur‚
582 2123 623 2161 id
655 2125 716 2163 est
747 2125 905 2163 centum
938 2123 1110 2173 assibus,
1149 2125 1218 2174 qui
1250 2125 1365 2162 erant
1394 2123 1534 2164 breues
1566 2126 1722 2162 nummi
1754 2138 1799 2163 ex

249 2180 366 2222 aere'.
423 2181 683 2223 Centenarius
709 2183 950 2223 uocabulum
975 2182 1229 2223 Lucilianum
1254 2186 1315 2223 est
1339 2186 1499 2235 proprie
1524 2179 1610 2238 (lib.
1625 2184 1799 2223 XXVIII

248 2257 286 2282 u.
310 2237 414 2297 776)
441 2244 560 2282 sicuti
585 2244 866 2294 argumentum
891 2244 970 2283 loci
994 2243 1180 2283 Verriani
1207 2243 1256 2283 ad
1282 2243 1430 2283 Lucilii
1454 2246 1594 2295 poesin
1620 2246 1798 2295 spectare

249 2303 508 2342 manifestum
552 2306 628 2343 est:
673 2304 769 2342 conf
809 2303 858 2342 ad
902 2303 1027 2342 lib.V
1058 2317 1095 2342 u.
1131 2304 1214 2343 193
1260 2305 1398 2343 incert.
1431 2318 1468 2343 u.
1504 2306 1629 2344 1172.
1672 2306 1798 2344 1200.

249 2363 380 2410 Quare
411 2363 566 2402 Lucilio
597 2363 823 2403 tribuimus.
887 2362 1146 2403 Centenarias
1181 2376 1297 2404 cenas
1330 2365 1509 2415 appellat
1550 2366 1672 2404 etiam
1705 2365 1799 2403 Ter-

248 2423 405 2462 tullian.
433 2423 632 2475 apologet.
659 2435 744 2474 cap.
765 2423 834 2473 VI,
861 2423 908 2462 de
942 2424 1137 2463 uocabulo
1171 2426 1420 2464 centenarius
1453 2425 1559 2475 apud
1585 2426 1798 2475 scriptores

250 2481 498 2523 Christianos
523 2483 607 2535 egit
627 2482 819 2523 Oehlerus
846 2484 898 2523 ad
917 2484 1082 2523 Tertull.
1110 2484 1157 2522 de
1187 2497 1317 2523 coron.
1339 2497 1424 2535 cap.
1444 2485 1539 2523 XIV
1559 2479 1599 2539 (I
1619 2498 1656 2534 p.
1678 2480 1798 2538 454).

372 2537 516 2583 1354.
546 2543 752 2584 quenalis
784 2543 804 2582 I
831 2544 917 2583 150
951 2541 1075 2584 ‘dicas
1106 2544 1169 2582 hic
1202 2544 1389 2583 forsitan:
1424 2541 1560 2583 “unde
1591 2545 1798 2596 ingenium

250 2616 324 2653 par
365 2602 587 2642 materiae?
629 2603 733 2643 unde
775 2604 849 2643 illa
891 2605 1070 2654 priorum
1115 2604 1311 2643 scribendi
1350 2604 1626 2655 quodcumque
1665 2605 1798 2643 animo

250 2662 445 2714 flagrante
486 2663 630 2702 liberet
674 2661 969 2715 simplicitas?”
1015 2665 1126 2704 cuius
1171 2678 1251 2703 non
1295 2664 1421 2704 audeo
1460 2665 1589 2704 dicere
1627 2664 1798 2704 nomen?

251 2722 348 2772 quid
378 2723 501 2762 refert
525 2723 643 2763 dictis
671 2725 856 2775 ignoscat
879 2724 1034 2763 Mucius
1066 2737 1117 2763 an
1144 2737 1222 2764 non
1232 2721 1266 2762 ‘P’
1325 2724 1485 2764 Tribuit
1509 2725 1632 2764 uerba
1656 2725 1748 2764 inde
1775 2738 1799 2764 a

251 2783 362 2821 cuius
392 2782 424 2821 I.
450 2782 589 2822 Dousa
619 2782 775 2823 Lucilio
808 2784 915 2834 quod
946 2785 1018 2835 qui
1042 2784 1232 2835 probabit
1256 2787 1387 2824 ausim
1413 2785 1562 2824 scribat
1586 2785 1797 2835 oportebit.

251 2841 443 2881 Attamen
455 2843 611 2881 nullum
625 2845 903 2894 argumentum
924 2857 1002 2894 quo
1015 2844 1114 2883 haec
1126 2844 1307 2883 firmetur
1321 2846 1520 2883 sententia
1532 2845 1650 2883 uideo
1664 2845 1798 2883 afferri

204 2915 207 2919 ·
250 2913 366 2951 posse
392 2903 531 2952 aptum
557 2915 627 2940 nec
653 2902 775 2941 uerba
799 2904 888 2952 ipsa
908 2905 1119 2953 antiquum
1138 2903 1313 2953 produnt
1332 2905 1468 2953 aliquo
1488 2904 1606 2942 modo
1625 2906 1796 2954 poetam.

374 2955 517 3001 1356.
549 2961 703 3000 Nonius
734 2975 772 3011 p.
795 2963 893 3011 540,
922 2964 976 3001 29
1011 2960 1254 3012 ‘Amfitapae
1285 2965 1416 3002 uestes
1445 2963 1633 3001 dicuntur
1656 2964 1796 3001 utrim-

254 3032 331 3071 que
362 3020 552 3059 habentes
593 3021 723 3059 uillos.
779 3021 964 3061 Lucilius
1003 3018 1114 3076 (uide
1153 3022 1221 3060 lib.
1248 3022 1268 3060 I
1298 3036 1335 3061 u.
1366 3023 1418 3061 13
1452 3022 1510 3061 VI
1535 3036 1572 3061 u.
1596 3018 1700 3077 252)
1729 3054 1736 3061 .
1760 3055 1765 3061 .
1790 3055 1795 3061 .
