2060 3444
713 281 843 318 inem.
872 282 938 317 sed
976 294 1011 317 u.
1042 285 1289 318 1260—1270.
1682 281 1766 324 401

220 395 329 436 urbis
361 410 398 448 p.
427 396 493 435 50.
546 394 655 442 Quae
687 395 821 446 posita
853 398 940 435 erat
971 397 1083 435 extra
1114 397 1274 445 portam
1308 395 1511 446 Capenam
1543 395 1611 435 uia
1635 395 1771 446 Appia

220 469 344 507 prope
393 469 482 495 eum
532 455 669 494 locum.
711 456 780 494 ubi
823 456 968 495 balnea
1009 455 1286 494 Antoniniana
1329 456 1470 505 postea
1514 456 1634 494 fuere.
1709 455 1771 494 Ibi

220 516 495 568 gymnasticae
532 516 693 554 multos*
720 515 867 554 Lucilii
904 516 1036 555 aetate
1075 528 1238 565 operam
1276 515 1429 555 dedisse
1468 528 1586 555 uersu
1625 515 1771 554 Lucilii

221 577 435 616 euincitur:
472 575 620 615 Aletrii
658 572 805 615 ‘lacum
842 575 893 615 ad
921 572 1096 627 portam'
1133 577 1294 626 praeter
1330 575 1464 614 lacum
1505 575 1771 615 balinearium

218 636 341 676 fuisse
372 635 511 675 edocet
539 636 684 676 titulus
716 636 922 676 Aletrinas
955 635 1040 675 CIL
1066 635 1087 674 I
1115 636 1241 675 1166.

343 690 485 737 1267.
513 696 737 747 Porphyrio
763 696 814 736 ad
841 696 1001 736 Horatii
1026 698 1248 735 carminum
1275 695 1422 735 librum
1443 695 1465 735 I
1492 697 1560 746 27,
1585 698 1606 735 1
1637 693 1771 736 ‘Natis

218 757 262 796 in
293 769 409 796 usum
446 757 628 797 laetitiae
666 757 838 808 scyphis.
899 757 1019 796 Natis
1056 769 1129 808 pro
1169 757 1305 808 factis;
1346 758 1393 796 ut
1431 756 1538 808 apud
1569 756 1771 796 Lucilium

220 819 281 857 est
313 814 500 866 “pudicis
530 817 723 856 Hortensi
754 820 816 856 est
846 817 898 855 ad
929 830 1018 856 eam
1050 830 1134 855 rem
1166 819 1263 856 nata
1298 813 1565 867 palaestra'’.'
1628 818 1771 856 iudicis

219 877 392 917 editores
441 879 614 928 ueteres,
657 877 814 927 podicis
862 879 969 917 recte
1017 878 1213 927 Meyerus.
1292 876 1406 923 Quod
1455 878 1591 916 tamen
1641 890 1770 928 neque

207 949 438 989 ‚cognomen
469 937 677 977 Hortensii
713 938 836 977 fuisse
872 938 1080 988 probabile
1120 939 1181 977 est
1218 950 1347 987 neque
1385 939 1566 977 conuicio
1608 939 1770 976 omnino

219 998 351 1037 locum
383 1009 468 1037 esse
499 998 541 1036 in
576 998 651 1038 hoc
689 1011 808 1037 uersu
846 1010 1003 1038 censeo:
1040 999 1179 1048 itaque
1212 998 1403 1038 Hortensi
1439 1010 1520 1036 non
1558 999 1771 1049 genetiuus

220 1060 281 1098 est
305 1057 506 1097 diciturne
526 1058 716 1098 Hortensi
735 1059 939 1109 palaestra
957 1060 1004 1097 ut
1022 1058 1193 1097 Athenis
1214 1058 1393 1097 Taureae
1421 1058 1592 1109 Sibyl-tii
1617 1058 1771 1109 Hippo-

220 1119 342 1159 cratis
354 1119 559 1168 palaestra
574 1113 638 1173 (E.
654 1118 817 1158 Curtius
834 1119 1178 1172 Stadtgeschichte
1198 1132 1277 1158 von
1291 1119 1425 1158 Athen
1439 1132 1478 1169 p.
1491 1113 1771 1172 LXXXVIII),

220 1179 289 1219 sed
318 1179 548 1218 uocatiuus:
581 1180 634 1218 ad
665 1190 751 1218 eam
782 1192 865 1218 rem
891 1180 1089 1230 quomodo
1115 1179 1289 1230 accipias
1316 1179 1614 1218 demonstratur
1638 1179 1770 1218 Plaut.

218 1238 354 1279 Vidul.
382 1239 437 1278 36
459 1239 540 1279 Leo
580 1236 655 1279 ‘sol
694 1240 755 1279 est
791 1239 843 1278 ad
888 1252 976 1278 eam
1013 1253 1098 1278 rem
1135 1240 1283 1290 pictor,
1322 1241 1457 1278 atrum
1496 1236 1650 1278 fecerit'
1691 1238 1770 1278 Cic.

219 1299 331 1338 Verr.
352 1299 411 1338 IV
433 1301 502 1350 24,
523 1301 578 1339 54
607 1296 670 1339 ‘ut
695 1312 742 1338 ea
768 1300 819 1339 ad
850 1300 962 1338 illam
994 1314 1079 1339 rem
1103 1302 1203 1339 nata
1228 1312 1312 1339 esse
1337 1297 1516 1339 diceres’.
1561 1299 1771 1339 Palaestra

219 1373 299 1399 non
336 1360 447 1399 locus
485 1362 546 1399 est
582 1359 651 1399 sed
671 1360 811 1399 sicuti
843 1362 1096 1410 yymnasiwm
1134 1359 1202 1400 lib.
1228 1360 1362 1399 XXVI
1387 1374 1424 1399 u.
1454 1361 1536 1399 641
1579 1361 1769 1399 exercita-

218 1421 371 1459 tionem
402 1421 532 1471 ipsam
570 1420 773 1472 significat
809 1422 856 1460 ut
893 1421 1000 1472 apud
1033 1420 1112 1461 Cic.
1140 1419 1206 1460 Or.
1236 1421 1332 1460 186.
1361 1421 1466 1460 228:
1504 1421 1616 1471 turpi
1653 1433 1771 1460 sensu

218 1480 325 1519 idem
357 1480 600 1520 uocabulum
630 1482 796 1532 ponitur
827 1493 890 1532 ap.
916 1481 1092 1520 Martial.
1119 1481 1154 1519 X
1182 1481 1251 1530 55,
1279 1482 1304 1519 4
1339 1477 1461 1519 ‘idem
1487 1483 1581 1532 post
1605 1493 1704 1532 opus
1732 1483 1772 1519 et

219 1553 311 1580 suas
347 1541 571 1592 palaestras
608 1541 694 1580 loro
734 1554 823 1580 cum
865 1542 1009 1580 similis
1052 1543 1158 1581 iacet
1201 1538 1382 1581 remisso'
1429 1542 1525 1580 conf
1548 1541 1644 1580 XIV
1672 1542 1770 1580 201.

218 1601 311 1640 Non
343 1601 393 1640 ad
423 1614 595 1651 puerum
626 1602 696 1640 sed
734 1601 784 1640 ad
816 1601 1025 1641 mulierem
1063 1602 1223 1652 qualem
1254 1601 1394 1640 Dauus
1431 1601 1574 1640 laudat
1608 1601 1771 1640 Horatii

219 1674 334 1700 serm.
361 1661 402 1700 II
430 1663 467 1710 7,
495 1662 551 1700 50
583 1674 720 1701 uersus
751 1661 914 1700 uidetur
945 1663 1135 1711 spectare.

343 1715 485 1762 1268.
517 1721 746 1761 Macrobius
777 1721 827 1761 de
858 1722 1095 1762 differentiis
1127 1717 1167 1760 et
1198 1720 1456 1760 societatibus
1489 1720 1630 1760 Graeci
1659 1721 1769 1760 Lati—

218 1782 339 1832 nique
371 1781 484 1820 uerbi
516 1780 585 1820 GL
611 1782 648 1820 V
673 1795 711 1832 p.
739 1783 838 1832 618,
868 1782 973 1820 14K
1013 1779 1226 1821 ‘Similiter
1260 1781 1368 1832 apud
1398 1774 1566 1821 Latinos
1597 1782 1770 1832 impera-

218 1842 328 1881 tiuus
359 1842 539 1881 nascitur
570 1842 621 1882 ab
655 1842 814 1881 infinito
853 1842 1010 1882 abiecta
1046 1843 1192 1882 ultima
1219 1873 1227 1881 .
1256 1874 1263 1881 .
1292 1873 1300 1881 .
1327 1844 1367 1881 et
1404 1841 1499 1881 ades
1537 1844 1579 1881 et
1614 1842 1769 1893 prodes.

218 1896 599 1953 Lucilius'“prodes
626 1899 812 1953 amicis'',
838 1902 1041 1955 Vergilius
1069 1899 1180 1942 “huc
1206 1902 1311 1952 ades,
1338 1915 1361 1941 o
1386 1899 1604 1942 Lenaee’'.'
1650 1902 1770 1942 Prae-

219 1963 337 2013 cepta
366 1964 556 2013 posuerat
586 1963 764 2003 Lucilius
796 1963 947 2003 similia
976 1964 1098 2014 atque
1130 1963 1302 2014 scriptor
1339 1963 1390 2001 ad
1421 1962 1515 2002 Her.
1540 1962 1600 2001 IV
1622 1963 1691 2013 30,
1712 1964 1766 2002 41

218 2022 336 2062 initio
370 2019 478 2074 ‘gere
509 2036 660 2062 morem
690 2023 868 2074 parenti,
904 2036 1001 2074 pare
1033 2025 1234 2076 cognatis,
1269 2023 1475 2072 obsequere
1506 2025 1662 2073 amicis,
1701 2023 1770 2062 ob-

218 2083 398 2133 tempera
434 2081 620 2134 legibus',
670 2084 777 2123 idem
802 2083 861 2122 IV
890 2086 957 2134 19,
984 2084 1038 2122 26
1060 2084 1161 2123 med.
1208 2081 1295 2122 ‘nec
1338 2083 1583 2134 reipublicae
1632 2094 1771 2134 consu*

218 2143 333 2182 luisti
362 2155 433 2182 nec
463 2145 601 2183 micis
624 2145 818 2193 profuisti
847 2157 920 2183 1100
951 2144 1126 2184 inimicis
1157 2141 1372 2184 restitisti’.
1437 2144 1627 2194 Sequitur
1663 2144 1770 2183 locu-

219 2204 371 2242 tionem
403 2202 597 2243 Graecam
635 2204 795 2254 qualem
833 2204 993 2244 exhibet
1023 2203 1167 2255 Lysias
1192 2204 1287 2243 XIX
1314 2205 1368 2243 59
1409 2200 1632 2257 ἡγούμενος
1669 2198 1771 2243 εἶναι

220 2260 367 2314 ἀνδρὸς
397 2260 558 2316 ἀγαθοῦ
583 2261 750 2315 ὠφελεῖν
775 2263 868 2312 τοὺς
894 2264 1038 2315 φίλους
1067 2264 1246 2315 Xenoph.
1275 2263 1420 2315 Oyrup.
1445 2264 1467 2302 I
1493 2265 1532 2314 4,
1560 2265 1614 2303 25
1641 2261 1771 2317 ἄνδρα

220 2321 382 2362 ἔσεσθαι
412 2322 553 2363 ἱκανὸν
583 2322 650 2363 καὶ
681 2323 826 2375 φίλους
857 2321 1025 2375 ὠφελεῖν
1055 2323 1123 2364 καὶ
1153 2322 1324 2377 ἐχθροὺς
1354 2322 1485 2363 ἀνιᾶν.

344 2377 486 2423 1269.
518 2383 673 2424 Nonius
705 2398 742 2435 p.
771 2385 869 2434 321,
897 2386 952 2424 20
985 2397 1031 2423 ex
1057 2385 1320 2436 grammatico
1349 2381 1543 2423 ‘Inuitare
1570 2384 1771 2436 significat

220 2443 377 2493 repleri.
405 2473 413 2482 .
435 2474 443 2482 .
465 2474 473 2482 .
493 2443 672 2483 Lucilius
694 2441 892 2495 “pulchre
917 2444 1083 2483 inuitati
1109 2446 1343 2495 acceptique
1367 2441 1601 2496 benigne’'.'
1634 2456 1772 2483 sumus

219 2505 312 2553 post
347 2505 508 2542 inuitati
545 2503 701 2544 addidit
740 2504 894 2554 Dousa,
932 2505 1031 2544 satis
1067 2503 1365 2554 Lachmannus,
1403 2505 1530 2543 mmcti
1566 2504 1609 2542 in
1647 2503 1772 2543 Nonii

221 2562 394 2602 editione
419 2563 634 2603 Muellerus
665 2566 708 2603 in
739 2564 999 2604 adnotatione
1034 2566 1105 2615 qui
1129 2565 1224 2603 libri
1242 2564 1353 2603 XXX
1378 2576 1461 2603 esse
1487 2577 1647 2603 uersum
1679 2563 1771 2603 inde

221 2623 464 2674 suspicatur,
505 2624 612 2674 quod
643 2626 826 2675 sequitur
858 2624 964 2675 apud
995 2625 1172 2664 Nonium
1203 2624 1271 2663 lib.
1298 2624 1407 2663 XXX
1433 2637 1470 2662 u.
1501 2626 1628 2674 1073,
1661 2627 1770 2663 ante-

221 2683 327 2722 cedit
345 2683 456 2722 XXX
476 2697 513 2722 u.
527 2685 654 2724 1068.
685 2684 939 2724 Probabilius
958 2687 1094 2725 tamen
1117 2696 1254 2724 uersus
1274 2685 1437 2723 initium
1457 2685 1622 2735 periisse
1637 2689 1770 2735 ‘neque

219 2742 477 2782 librariorum
508 2743 626 2795 culpa
657 2757 783 2795 neque
815 2745 940 2785 Nonii
970 2744 1040 2785 sed
1081 2746 1387 2798 grammaticum
1420 2757 1499 2795 quo
1540 2745 1670 2783 utitur
1700 2744 1770 2782 ille

220 2802 338 2852 plura
357 2816 434 2842 non
456 2803 691 2843 exhibuisse.
737 2804 904 2856 Signum
919 2818 939 2841 *
954 2820 974 2841 »ε
990 2805 1225 2844 tollendum.
1269 2805 1429 2845 Dousae
1445 2805 1771 2855 supplementum

221 2863 303 2901 iam
330 2862 523 2913 Corpetus
549 2866 756 2913 spreuerat
779 2864 965 2904 lacunam
992 2866 1062 2914 qui
1084 2865 1262 2915 posuerit
1279 2864 1397 2903 initio
1416 2876 1567 2902 uersus.
1614 2863 1692 2902 Cic.
1719 2864 1770 2901 ad

222 2923 308 2960 Att.
327 2922 391 2960 111
417 2923 443 2960 4
471 2919 616 2962 ‘adhuc
640 2924 865 2963 inuitamur
888 2924 1072 2975 benigne,
1098 2924 1178 2973 sed,
1204 2923 1310 2973 quod
1336 2925 1528 2973 superest,
1552 2920 1770 2961 timemus’.

347 2976 487 3022 1270.
514 2981 727 3022 Oledonius
748 2982 817 3022 GL
837 2983 874 3021 V
898 2996 936 3033 p.
959 2985 1028 3033 40,
1052 2984 1105 3022 15
1120 2983 1158 3021 K
1185 2980 1418 3032 ‘Pampinus
1445 2984 1485 3020 et
1510 2981 1594 3020 dies
1615 2983 1777 3033 generis-

222 3043 319 3082 sunt
349 3042 580 3081 communis.
630 3043 697 3081 hic
720 3043 935 3093 pampinus
961 3043 1105 3082 Accius
1134 3075 1140 3082 .
1164 3074 1170 3081 .
1194 3074 1200 3081 .
1226 3042 1324 3082 haec
1351 3043 1565 3093 pampinus
1591 3041 1770 3082 Lucilius

294 3114 409 3140 Lueuu
429 3115 495 3140 reu.
515 3115 562 3141 ed.
582 3115 693 3141 Max.
722 3115 764 3141 11.
1437 3111 1482 3143 26
