2060 3444
273 261 330 304 28
922 293 924 295 .
963 263 982 299 I
1003 275 1040 300 u.
1067 268 1122 300 54.

273 376 532 426 consumptus
582 377 658 415 est:
708 377 826 416 auide
874 377 979 416 enim
1007 376 1231 416 abdomine
1275 377 1466 417 deuorato
1503 409 1509 416 .
1541 409 1548 416 .
1580 410 1587 416 .
1622 379 1807 430 spiritum

272 432 472 474 reddidit'.
517 456 575 462 —
618 435 724 487 Lege
766 436 922 476 Licinia
971 437 1018 476 de
1067 437 1185 476 modo
1235 437 1563 477 salsamentorum
1612 439 1809 478 statutum

273 497 371 544 erat,
401 508 450 534 ne
482 495 656 546 amplius
687 496 849 536 daretur
880 498 1147 547 apponeretur
1184 497 1512 536 salsamentorum
1543 497 1675 549 pondo
1705 498 1809 538 libra

274 550 464 607 (Macrob.
492 554 574 595 Sat.
594 555 657 594 11]
686 558 752 605 17,
779 550 843 611 9):
867 556 1041 595 multum
1065 556 1169 596 enim
1195 557 1282 595 tum
1307 553 1515 610 ὀψοφαγία
1539 558 1808 609 grassabatur.
1873 580 1875 583 v

274 613 458 654 Ceterum
496 615 544 654 de
580 616 747 655 interitu
787 616 881 655 talis
919 613 1135 668 ὀψοφάγου
1168 617 1327 667 scripsit
1356 617 1564 667 parodiam
1594 617 1809 669 Hipponax

273 674 347 725 frg.
370 675 424 713 85
445 674 479 713 B
507 673 620 725 Corp.
642 688 746 726 poss.
772 676 851 714 lud.
871 676 892 715 I
917 690 954 727 p.
977 676 1031 715 35
1058 675 1253 714 Brandtii.
1311 675 1499 727 Saperda,
1528 679 1738 730 κορακῖνος
1763 690 1809 717 ex

273 733 402 772 Ponto
441 729 566 788 (Pers.
587 734 624 771 V
647 729 770 788 134),
815 732 953 787 ‘genus
990 735 1153 786 pessimi
1194 733 1329 786 piscis’
1375 730 1535 789 (Festus
1576 750 1612 786 p.
1643 737 1728 776 324
1747 731 1808 790 Μ)

274 795 546 833 contemnitur
570 794 620 833 ab
645 794 904 835 Archestrato
931 795 1039 846 apud
1063 795 1207 834 Athen.
1221 795 1284 834 ΙΠ
1307 809 1345 846 p.
1362 797 1443 835 117
1460 794 1497 833 A
1522 808 1649 847 neque
1673 798 1810 848 magni

273 853 320 892 fit
349 853 399 892 ab
430 852 630 905 Amphide
661 854 686 892 1.
707 867 735 893 s.
755 854 834 894 VH
859 869 896 906 p.
920 856 1004 894 309
1025 854 1061 893 A
1094 849 1207 906 (conf
1223 869 1260 907 p.
1283 855 1367 895 308
1388 849 1450 907 F).
1514 854 1668 895 Silurus
1692 857 1811 908 puter

274 908 379 964 (qu.
400 913 495 952 XIV
518 908 635 968 132),
660 913 810 967 σαπρός
830 909 965 967 (Diod.
986 927 1082 954 com.
1105 927 1167 965 ap.
1186 913 1330 954 Athen.
1351 914 1409 954 VI
1428 929 1465 966 p.
1488 916 1573 955 239
1588 915 1621 954 Ε
1643 914 1811 966 Sopater

274 973 297 1011 l.
319 985 348 1012 s.
368 986 405 1023 p.
428 974 514 1013 230
529 967 581 1026 Ε)
619 973 739 1024 piscis
770 974 881 1024 uilis,
921 974 969 1014 de
1002 987 1079 1025 quo
1111 975 1205 1014 conf
1231 974 1332 1014 Plin.
1358 976 1439 1014 nat.
1466 974 1556 1014 hist.
1576 974 1729 1015 XXXJI
1754 976 1810 1014 94

265 1030 439 1088 ΔἈΙιιιιιιει
473 1034 626 1073 emollit
654 1034 804 1074 saurus
836 1046 854 1073 e
884 1036 970 1073 iure
1000 1036 1042 1073 et
1070 1034 1236 1085 torpedo
1266 1036 1309 1074 in
1340 1034 1437 1074 cibo.
1494 1035 1549 1073 Et
1574 1035 1661 1075 olus
1691 1036 1811 1075 mari-

273 1105 368 1131 num
402 1093 531 1132 simile
562 1094 711 1143 satiuo,
750 1094 953 1134 stomacho
990 1094 1214 1143 inimicum,
1251 1095 1387 1133 aluum
1426 1094 1615 1133 facillime
1651 1096 1811 1146 purgat,

274 1152 342 1192 sed
378 1154 541 1203 propter
578 1154 836 1192 acrimoniam
874 1166 963 1193 cum
999 1155 1140 1205 pingui
1177 1166 1294 1193 carne
1325 1155 1525 1204 coquitur,
1564 1156 1604 1193 et
1635 1155 1811 1194 omnium

273 1213 444 1262 piscium
468 1209 557 1252 ius’.
613 1213 758 1264 Itaque
784 1213 902 1253 sicuti
933 1214 1147 1265 cephalaea
1173 1214 1367 1253 acharnae
1393 1215 1434 1253 et
1458 1213 1672 1253 abdomina
1696 1215 1812 1253 tunni

272 1272 371 1311 haec
409 1272 650 1312 salsamenta.
690 1273 731 1312 in
769 1286 866 1313 cena
906 1273 1012 1324 Lupi
1050 1273 1147 1313 data
1186 1273 1307 1313 fuisse
1347 1273 1553 1324 probabile
1594 1274 1654 1314 est
1694 1274 1813 1314 sicuti

274 1330 439 1371 εἰσιοῦσι
469 1333 559 1371 iura
590 1332 704 1372 siluri
734 1333 975 1384 praebentur
1005 1334 1048 1371 in
1073 1347 1137 1372 uu.
1171 1333 1326 1384 Diphili
1358 1345 1479 1384 supra
1504 1333 1554 1373 ad
1579 1346 1643 1372 uu.
1665 1334 1733 1373 49.
1756 1333 1812 1373 50

275 1391 494 1442 adscriptis.
563 1392 654 1432 Dici
695 1394 794 1444 puto
838 1393 943 1432 hunc
987 1405 1144 1432 uersum
1183 1406 1208 1432 a
1244 1393 1317 1432 deo
1355 1394 1508 1444 aliquo,
1548 1393 1618 1444 qui
1654 1393 1812 1445 Lupum

273 1451 411 1491 uideat
441 1453 616 1492 animam
648 1452 849 1492 efflantem
874 1454 1020 1493 mortes
1045 1453 1196 1493 multas
1223 1465 1469 1503 enumerans,
1499 1465 1597 1503 quas
1622 1453 1812 1493 mortales

274 1513 468 1562 oppetant
497 1513 584 1551 ioco
615 1513 783 1552 fortasse
815 1512 937 1552 simili
968 1512 1148 1552 adhibito
1179 1512 1392 1552 Horatiani
1423 1525 1535 1552 serm.
1555 1513 1576 1552 I
1604 1514 1642 1562 9,
1669 1514 1720 1552 31

425 1592 557 1635 ‘Hunc
588 1608 715 1646 neque
747 1596 834 1635 dira
863 1609 1018 1635 uenena
1048 1609 1120 1635 nec
1150 1596 1324 1636 hosticus
1357 1596 1510 1635 auferet
1541 1596 1656 1646 ensis,

424 1668 495 1694 nec
526 1655 696 1694 laterum
728 1656 842 1695 dolor
873 1657 944 1695 aut
973 1657 1107 1705 tussis,
1140 1668 1210 1695 nec
1241 1655 1358 1695 tarda.
1388 1655 1580 1708 podagra,

423 1715 607 1767 garrulus
639 1716 745 1755 hunc
777 1715 936 1766 quando
969 1717 1174 1755 consumet
1204 1713 1398 1766 cumque.'

275 1810 379 1850 Conf
396 1810 593 1851 Semonid.
614 1824 676 1862 ap.
692 1810 800 1850 Stob.
815 1811 898 1850 flor.
917 1812 984 1860 98,
1002 1812 1053 1850 16
1077 1810 1264 1851 Sotadica
1283 1812 1307 1850 l.
1329 1823 1357 1850 s.
1380 1813 1418 1861 9,
1443 1812 1628 1862 inprimis
1648 1811 1810 1852 Lucian.

274 1871 357 1909 Iou.
378 1872 480 1922 trag.
503 1872 557 1910 25
584 1872 742 1910 ΖΕΥΣ.
800 1870 974 1923 Παίζεις,
1006 1865 1037 1910 ὦ
1070 1870 1267 1910 Πόσειδον
1298 1868 1324 1923 ἢ
1356 1868 1486 1911 τέλεον
1511 1868 1732 1922 ἐπιλέλησαι
1760 1868 1814 1919 ὥς

275 1927 394 1970 οὐδὲν
424 1925 484 1980 ἐφ’
517 1927 615 1982 ἡμῖν
649 1935 724 1970 τῶν
755 1930 944 1970 τοιούτων
976 1929 1094 1982 ἐστίν,
1125 1927 1203 1970 ἀλλ’
1238 1931 1283 1970 αἱ
1310 1933 1443 1983 μοῖραι
1474 1928 1621 1987 ἑκάστῳ
1647 1929 1810 1970 ἐπικλώ-

274 1993 413 2039 θουσι,
462 1988 531 2029 τὸν
580 1987 652 2041 μὲν
700 1993 900 2045 κεραυνῷ,
949 1988 1017 2029 τὸν
1068 1987 1110 2029 δὲ
1152 1993 1306 2046 πυρετῷ
1346 1987 1372 2042 ἢ
1416 1989 1532 2045 φθόῃ
1575 1987 1809 2030 ἀποθανεῖν.

274 2049 479 2089 Postremo
512 2050 618 2100 quod
649 2062 770 2100 supra
801 2050 884 2089 dixi
916 2044 985 2104 (ad
1017 2064 1054 2088 u.
1077 2045 1151 2104 24)
1184 2051 1343 2101 poetam
1372 2050 1456 2089 sine
1489 2049 1608 2089 dubio
1639 2050 1811 2089 multum

273 2111 316 2148 in
347 2109 453 2161 Lupi
483 2122 626 2149 nomen
657 2109 797 2149 lusisse
823 2110 864 2149 in
895 2111 1000 2150 hunc
1024 2123 1183 2150 uersum
1210 2111 1347 2160 aperte
1370 2109 1488 2149 cadit.
1544 2109 1681 2161 Lupus
1705 2110 1812 2148 enim

275 2168 394 2220 piscis
431 2170 511 2208 fuit
540 2169 686 2208 Lucilii
723 2172 901 2220 tempore
940 2164 1055 2223 (conf
1090 2170 1228 2209 incert.
1248 2183 1285 2208 u.
1309 2163 1444 2223 1176)
1474 2168 1741 2209 nobilissimus
1773 2170 1814 2208 et

274 2230 472 2279 pretiosus
516 2230 557 2268 et
599 2229 779 2281 grandis:
823 2242 940 2280 quem
984 2242 1074 2268 cum
1117 2230 1296 2269 clamitet
1334 2242 1356 2267 a
1393 2229 1540 2268 uilibus
1579 2230 1620 2268 et
1655 2228 1812 2279 pusillis

275 2288 452 2339 saperdjs
505 2289 630 2328 occidi
674 2289 804 2340 lepide
848 2289 1014 2340 ancipiti
1057 2289 1346 2341 significatione
1390 2288 1603 2327 uerborum
1646 2289 1811 2328 iocatur.

276 2348 379 2394 Quid
416 2349 602 2388 festiuius
639 2349 809 2399 denique
840 2361 962 2400 quam
992 2348 1213 2389 uoracitate
1245 2361 1316 2388 sua
1347 2346 1515 2399 Lupum
1535 2347 1693 2399 perire?
1746 2346 1813 2388 καὶ

275 2408 434 2460 τρώγεις
465 2406 538 2447 ὅσα
568 2406 681 2448 πέντε
712 2408 825 2448 λύκοι
856 2409 1034 2448 Lucillus
1065 2409 1135 2448 ΑΡ
1161 2408 1218 2448 XI
1245 2409 1342 2457 207,
1376 2405 1653 2448 ‘hereditatem
1683 2407 1814 2447 inhiat

276 2468 391 2518 quasi
428 2469 602 2508 esuriens
640 2466 772 2519 lupus’
812 2468 943 2507 Plaut.
971 2467 1092 2508 Stich.
1114 2469 1212 2508 605.
1267 2468 1402 2518 Atque
1438 2469 1599 2518 poterat
1634 2467 1813 2507 Lucilius

273 2527 381 2566 idem
405 2528 635 2579 praedicare
660 2528 874 2568 lectoribus
899 2529 981 2568 suis
1007 2527 1111 2579 quod
1138 2527 1427 2579 spectatoribus
1446 2527 1613 2566 Plautus
1637 2527 1812 2567 Poenulo

277 2589 343 2626 91.
385 2589 458 2627 92:
504 2585 684 2627 ‘Vosmet
727 2601 831 2627 nunc
867 2588 987 2627 facite
1025 2588 1294 2628 coniecturam
1331 2589 1505 2627 ceterum
1542 2586 1646 2633 Qm‘d
1682 2586 1724 2625 id
1760 2587 1814 2626 sit

276 2647 447 2687 hominis
484 2649 580 2698 quoi
611 2648 719 2698 Lyco
751 2660 893 2687 nomen
925 2645 1028 2687 siet’.
1778 2665 1781 2669 r

904 2836 1190 2844 ———--—-·
