2060 3444
332 298 419 348 372
815 296 947 339 incert.
975 296 1051 338 sed.
1077 314 1112 338 u.
1142 300 1387 339 11‘24—11w.

334 417 484 456 Colum.
510 416 609 454 VIII
638 417 690 454 16
725 428 822 465 quos
853 416 959 455 locos
992 415 1122 455 adfert
1152 416 1288 455 Dousa
1319 416 1371 454 ad
1400 415 1457 454 IV
1485 417 1529 466 43
1561 415 1673 455 addit
1704 415 1864 455 Muelle-

332 490 398 515 rus
428 477 564 514 quen.
590 475 627 512 V
656 476 739 514 104
773 472 859 514 ‘aut
891 475 1017 527 glacie
1048 488 1230 526 aspersus
1260 475 1426 514 maculis
1457 475 1678 525 Tiberinus,
1709 476 1749 514 et
1778 475 1864 526 ipse
1888 486 1890 488 ·

334 535 714 584 uernularriparum,
740 535 900 586 pinguis
926 537 1101 574 torrente
1127 535 1262 574 cloaca.
1287 537 1327 573 et
1351 535 1490 574 solitus
1509 535 1662 573 mediae
1682 536 1865 585 cryptam

332 597 540 645 penetrare
561 592 767 632 Suburae’:
793 608 911 644 quem
934 595 1063 633 locum
1089 596 1324 632 enarrarunt
1342 594 1603 634 Buechelerus
1621 595 1720 632 Mus.
1740 594 1863 632 Rhen.

335 654 480 692 XXXV
505 654 618 692 1880
638 667 676 703 p.
698 655 781 692 392
803 653 979 692 Heraeus
1000 654 1148 693 archiu.
1169 654 1352 705 lexicogr.
1372 654 1459 692 Lat.
1474 654 1553 692 XH
1574 655 1687 692 1902
1707 667 1745 704 p.
1767 654 1864 692 278.

334 714 423 752 Duo
455 715 594 763 pontes
626 713 731 751 inter
761 726 859 763 quos
891 714 1049 762 capitur
1078 714 1195 763 lupus
1227 715 1397 752 stercore
1429 713 1585 752 cloacae
1609 715 1747 763 pastus
1772 714 1866 752 sunt

334 774 528 812 Aemilius
560 775 600 811 et
630 772 837 812 sublicius:
876 775 916 811 et
946 772 1147 812 quenalis
1178 775 1219 812 et
1247 773 1395 811 Lucilii
1424 785 1563 812 uersus
1599 774 1708 811 recta
1743 773 1864 812 inter-

334 832 555 882 pretatione
588 832 858 871 controuersia
888 833 961 871 illa
992 833 1039 871 de
1074 832 1154 871 situ
1190 833 1323 883 pontis
1361 832 1518 871 sublicii
1553 833 1597 876 ni
1632 832 1752 871 fallor
1788 832 1865 871 sol·
1914 882 1917 884 Ι

336 893 453 930 uitur.
503 892 608 930 Nam
640 891 850 931 sublicium
881 894 1043 942 pontem
1075 893 1325 941 aliquantum
1354 892 1460 930 infra
1488 892 1644 931 cloacae
1669 893 1865 931 maximae

278 970 281 973 ⁴
334 953 480 990 ostium
522 952 644 990 fuisse
687 952 862 1001 positum
906 964 985 1001 quo
1035 951 1204 991 secundo
1256 964 1368 990 amne
1418 951 1665 990 deferrentur
1709 951 1865 991 cloacae

334 1013 553 1050 stercorosa
584 1013 848 1061 purgamenta
879 1013 1185 1050 consentaneum
1210 1013 1279 1049 est.
1341 1011 1461 1050 Recte
1491 1011 1616 1062 igitur
1645 1010 1865 1050 Vrlichsius

333 1072 444 1109 cuius
469 1071 707 1110 sententiam
733 1072 773 1109 et
798 1071 942 1120 probat
966 1071 1006 1109 et
1031 1072 1191 1110 enarrat
1215 1069 1311 1109 Otto
1338 1069 1493 1109 Gilbert
1518 1072 1671 1121 topogr.
1697 1070 1806 1109 urbis
1822 1070 1864 1108 Π

333 1144 370 1180 p.
401 1131 482 1169 179
498 1143 605 1179 seqq.
632 1131 792 1179 pontem
819 1130 1029 1170 sublicium
1055 1132 1188 1169 censet
1211 1131 1332 1169 fuisse
1357 1131 1535 1180 positum
1558 1142 1682 1180 prope
1707 1131 1865 1180 portam

334 1190 615 1240 Trigeminam.
636 1211 693 1215 —
711 1189 852 1229 Posuit
875 1190 950 1229 hoc
968 1190 1236 1241 fragmentum
1261 1189 1363 1228 libro
1381 1189 1440 1228 IV
1461 1191 1486 1228 4
1513 1189 1556 1228 F.
1575 1189 1721 1235 Dousa‚
1746 1202 1865 1239 quem

335 1251 441 1287 recte
473 1249 543 1287 hos
573 1261 710 1288 uersus
742 1251 822 1288 tres
854 1249 969 1287 uideo
1000 1251 1082 1288 iam
1120 1249 1365 1288 coniunxisse
1403 1262 1494 1288 cum
1524 1249 1591 1287 lib.
1618 1249 1690 1287 XX
1714 1262 1751 1287 u.
1780 1249 1862 1288 569

336 1306 412 1347 ‘illi
443 1308 621 1358 praeciso
653 1310 773 1358 atque
806 1309 933 1358 epulis
964 1310 1175 1359 capiuntur
1199 1306 1372 1359 opimis’:
1405 1321 1521 1358 quem
1545 1310 1680 1347 tamen
1704 1321 1865 1347 uersum

335 1368 467 1418 inepte
511 1368 654 1406 tribuit
696 1367 798 1406 libro
823 1367 882 1406 IV
924 1368 1029 1407 idem
1072 1368 1210 1407 editor.
1285 1380 1420 1417 capere
1462 1368 1637 1418 positum
1679 1369 1725 1406 ut
1767 1367 1863 1406 Hor.

334 1440 448 1466 serm.
474 1427 495 1465 I
522 1429 559 1475 4,
589 1428 642 1465 28
677 1424 795 1466 ‘hunc
827 1428 936 1478 capit
967 1427 1122 1478 argenti
1148 1425 1361 1478 splendor'‚
1392 1428 1582 1466 ducebam
1604 1429 1650 1466 ut
1674 1426 1722 1466 de
1746 1428 1864 1477 pisci-

333 1488 407 1526 bus
427 1487 522 1525 Hor.
547 1487 573 1525 1.
599 1499 628 1525 s.
653 1487 695 1525 Π
722 1488 760 1536 2,
787 1487 840 1526 35
870 1484 995 1526 ‘ducit
1019 1490 1059 1526 te
1085 1484 1262 1537 species’‚
1291 1487 1313 1526 Ι
1340 1489 1377 1536 2,
1404 1487 1458 1525 88
1487 1484 1719 1541 ‘emptorem
1745 1487 1864 1526 ducat

335 1578 342 1584 .
371 1577 378 1585 .
407 1578 414 1584 .
447 1546 554 1596 quod
596 1546 784 1596 pulchrae
827 1543 975 1586 clunes’
1020 1547 1151 1585 uoluit
1199 1546 1319 1586 scribi
1366 1547 1581 1585 Bentleius.
1655 1546 1864 1586 Ferculum

333 1619 509 1645 summae
545 1618 663 1644 cenae
701 1607 766 1644 uel
803 1618 922 1644 cenae
960 1608 1080 1657 caput
1116 1606 1304 1646 describit
1339 1608 1475 1656 poeta:
1512 1607 1673 1644 fuerunt
1709 1605 1865 1645 sumina.

334 1678 427 1704 aues
459 1666 578 1716 piscis
609 1667 728 1705 sicuti
760 1678 822 1716 ap.
848 1665 1005 1704 Petron.
1033 1667 1087 1705 36
1123 1663 1316 1705 ‘uidemus
1348 1666 1453 1704 infra
1479 1696 1487 1704 .
1509 1696 1517 1704 .
1539 1696 1546 1703 .
1573 1665 1704 1705 altilia
1734 1669 1774 1704 et
1801 1677 1865 1704 su-

333 1726 442 1763 mina
474 1725 739 1775 leporemque,
766 1756 772 1763 .
796 1756 802 1763 .
826 1756 834 1768 .
859 1727 1087 1764 notauimus
1118 1727 1239 1764 etiam
1267 1757 1275 1764 .
1298 1757 1304 1764 .
1327 1757 1334 1764 .
1359 1725 1540 1775 Marsyas
1573 1727 1779 1775 quattuor,
1818 1738 1864 1764 ex

335 1797 504 1834 quorum
534 1785 717 1823 utriculis
749 1797 890 1835 garum
915 1785 1141 1835 piperatum
1166 1786 1350 1824 currebat
1374 1797 1493 1835 super
1515 1781 1671 1835 pisces',
1701 1784 1863 1823 Lucian.

330 1845 488 1887 conuiu.
517 1845 570 1882 38
604 1842 869 1895 ἐσεκεκόμιστο
901 1841 997 1895 ἡμῖν
1028 1843 1070 1883 τὸ
1101 1842 1248 1891 ἐντελὲς
1273 1841 1564 1896 ὀνομαζόμενον
1589 1844 1764 1896 δεῖπνον,
1795 1843 1865 1895 μία

333 1901 441 1954 ὅρνις
471 1901 618 1958 ἑκάστῳ
650 1901 715 1942 καὶ
746 1901 861 1957 κρέας
892 1902 963 1950 ὑὸς
993 1902 1059 1943 καὶ
1090 1906 1217 1958 λαγῷα
1253 1902 1320 1943 καὶ·
1357 1903 1474 1956 ἰχθῦς
1510 1902 1552 1943 ἐκ
1588 1903 1762 1956 ταγήνου
1798 1901 1864 1943 καὶ

335 1967 603 2013 σησαμοῦντες
628 1961 693 2002 καὶ
720 1961 792 2001 ὅσα
818 1961 1026 2015 ἐντραγεῖν.
1077 1963 1249 2002 altilium
1276 1963 1370 2001 lanx
1388 1963 1540 2002 dictum
1558 1966 1604 2002 ut
1623 1963 1862 2014 Theopomp.

337 2021 437 2060 GAF
462 2021 483 2059 I
507 2035 544 2071 p.
574 2023 671 2071 753,
697 2022 803 2060 soK
840 2019 1033 2074 ὀρνιθίων
1070 2021 1249 2073 λεκάνην.
1317 2023 1466 2061 Versus
1505 2023 1641 2073 itaque
1678 2023 1865 2062 uidentur

333 2093 416 2119 esse
447 2081 542 2119 libri
566 2081 638 2118 XX
670 2094 747 2130 quo
778 2094 915 2120 cenam
946 2081 1117 2121 hominis
1147 2081 1350 2132 pecuniosi
1381 2082 1642 2132 descripserat
1675 2081 1863 2131 Lucilius,

334 2141 444 2179 cuius
488 2141 710 2190 exemplum
754 2141 936 2179 imitatur
971 2141 1161 2180 Horatius
1205 2154 1318 2180 serm.
1343 2141 1385 2179 11
1411 2142 1455 2179 8:
1498 2141 1700 2179 dominum
1744 2154 1862 2180 cenae

335 2198 526 2238 Granium
552 2200 672 2238 fuisse
697 2200 825 2238 uideri
850 2202 1100 2250 exposuimus
1126 2201 1178 2238 ad
1202 2200 1269 2239 lib.
1296 2200 1368 2238 XX
1392 2214 1430 2239 u.
1458 2201 1553 2244 568.
1598 2201 1726 2240 Versu
1748 2203 1861 2240 1174

332 2260 477 2308 finyere
507 2259 728 2298 infinitiuus
760 2261 820 2298 est
856 2259 1083 2299 historicus:
1120 2273 1246 2310 neque
1283 2262 1418 2299 tamen
1455 2259 1654 2311 significat
1689 2261 1863 2299 ementiri

333 2320 379 2356 ut
408 2318 539 2356 uoluit
568 2318 781 2358 Muellerus
813 2319 896 2369 alii,
927 2320 996 2358 sed
1027 2332 1142 2359 cocus
1173 2320 1288 2359 uafer
1314 2322 1354 2358 et
1379 2319 1496 2371 agilis
1521 2321 1600 2359 cito
1627 2319 1731 2369 quod
1757 2319 1861 2370 quis-

333 2391 409 2428 que
440 2379 599 2428 praeter
628 2379 779 2417 fercula
811 2380 995 2429 apposita
1025 2379 1186 2418 uolebat
1217 2379 1366 2419 adferri
1395 2379 1571 2431 fingebat
1602 2379 1744 2418 artifex
1768 2392 1862 2419 suae

333 2438 432 2476 artis
463 2450 649 2476 summus.
699 2437 812 2483 Quod
843 2438 1014 2478 hominis
1045 2452 1124 2478 non
1156 2439 1348 2491 elegantis
1373 2441 1434 2478 est
1457 2451 1584 2489 neque
1608 2439 1764 2488 urbani,
1794 2439 1863 2478 sed

333 2498 589 2536 ostentatoris
621 2498 660 2536 et
690 2497 834 2548 inepti:
867 2498 1008 2537 similis
1039 2501 1100 2537 est
1129 2498 1199 2537 ille
1230 2499 1273 2537 in
1302 2499 1407 2537 uinis
1438 2498 1678 2538 Nasidienus
1705 2498 1862 2538 Horatii

333 2569 444 2594 serm.
471 2556 512 2594 Π
538 2558 577 2605 8,
605 2558 657 2595 16
705 2554 715 2571 ‘
733 2554 983 2606 “Albanum,
1019 2558 1244 2607 Maecenas,
1286 2559 1370 2597 siue
1409 2558 1620 2597 Falernum
1657 2559 1697 2596 te
1732 2559 1861 2609 magis

334 2615 525 2665 adpositis
557 2616 739 2665 delectat,
769 2616 958 2655 habemus
990 2614 1245 2667 utrumque''.
1295 2617 1460 2656 diuitias
1492 2614 1688 2656 miseras?
1719 2617 1862 2667 Itaque

331 2675 454 2713 uerba
483 2675 575 2713 inde
608 2676 656 2714 ab
690 2672 820 2714 ‘illum
851 2674 1020 2714 sumina’
1053 2678 1254 2726 pertinent
1285 2676 1335 2715 ad
1366 2677 1516 2715 fercula
1546 2676 1626 2715 iam
1665 2677 1860 2727 apposita,

332 2746 411 2774 non
437 2734 487 2772 ad
511 2747 669 2773 uersum
697 2732 858 2786 ‘fingere
882 2733 1116 2786 praeterea’.
1165 2737 1342 2786 plassare
1367 2735 1513 2775 dicitur
1537 2736 1585 2775 de
1610 2748 1703 2775 coco
1723 2735 1860 2775 fictore

333 2805 396 2843 ap.
420 2793 607 2844 Apicium
630 2794 673 2832 II
699 2795 766 2833 38.
797 2796 863 2833 39.

455 2848 544 2891 117
553 2848 596 2894 7.
634 2853 771 2903 Neque
813 2853 1011 2893 Lucilium
1053 2868 1181 2904 neque
1223 2854 1486 2905 Pomponium
1527 2856 1665 2904 poetas
1707 2856 1860 2895 ueteres

331 2913 438 2962 ipsos
469 2915 636 2951 nouerat
666 2913 865 2953 Arnobius
897 2927 1065 2963 quorum
1095 2927 1216 2964 opera
1246 2915 1499 2964 spurcissima
1535 2915 1581 2953 ut
1613 2913 1859 2953 Christianus

331 2983 404 3020 pro
435 2972 623 3021 exemplis
653 2974 831 3021 posuerit
858 2985 947 3011 cum
971 2975 1201 3024 contemptu
1225 2975 1266 3012 et
1289 2973 1485 3012 derisione
1510 2974 1859 3025 grammaticorum

333 3030 402 3078 qui
425 3030 690 3070 remotissima
716 3044 894 3081 quaeque
918 3033 1091 3072 tractent
1116 3035 1156 3072 et
1189 3032 1374 3072 obscena:
1404 3033 1544 3072 titulos
1573 3033 1665 3071 illos
1692 3034 1858 3072 nouerat
