2060 3444
827 300 896 337 XV
920 314 956 337 u.
984 304 1184 337 511—514.
1698 298 1781 343 191

233 430 349 458 nares
386 418 479 468 equi
516 416 714 468 pertinere
752 414 1070 466 comprimendas
1113 416 1153 454 et
1197 415 1447 454 suffocandas
1491 413 1621 467 κημόν
1666 428 1784 465 quem

234 477 530 531 φιλορρώθωνα
581 477 761 528 appellat
809 477 930 526 poeta
964 475 1034 514 ΑΡ
1062 475 1118 514 VI
1146 475 1244 520 246,
1273 478 1299 513 1·
1341 474 1540 514 indicant:
1592 475 1783 526 Septuag.

237 539 379 578 Esaias
404 537 595 576 XXXVII
623 537 677 576 29
710 534 776 576 καὶ
807 534 963 588 ἐμβαλῶ
995 534 1121 587 φιμὸν
1153 534 1210 582 εἰς
1241 533 1314 586 τὴν
1345 534 1437 588 ῥῖνά
1468 546 1542 574 σου
1583 534 1648 574 καὶ
1676 538 1783 587 χαλι-

234 597 306 638 νὸν
354 597 411 646 εἰς
460 595 507 637 τὰ
556 596 662 650 χείλη
713 608 807 644 σου,
858 596 964 635 unde
1011 598 1180 635 uocatur
1228 595 1392 648 πνιγεύς
1424 595 1501 634 ΕΜ
1533 609 1570 646 p.
1600 596 1699 645 677,
1727 597 1781 634 35

233 658 332 698 Poll.
359 658 394 696 X
422 659 489 697 54.
553 657 703 697 Contra
729 657 911 708 *Xenoph.
945 656 993 695 de
1026 670 1067 695 re
1099 669 1186 707 equ.
1213 655 1250 692 V
1278 659 1301 694 3
1335 653 1482 695 εἰδέναι
1521 653 1563 694 δὲ
1601 654 1674 709 χρὴ
1714 654 1784 694 τὸν

235 717 462 770 ῖπποκόμον
492 716 558 757 καὶ
589 716 658 757 τὸν
689 716 819 769 κημὸν
850 714 1097 769 περιτιθέναι
1128 719 1180 771 τῷ
1208 715 1316 772 ἵππῳ
1338 748 1344 755 .
1368 747 1375 755 .
1398 747 1406 754 .
1426 714 1493 755 καὶ
1523 713 1585 755 ἀεὶ
1617 712 1659 755 δὲ
1692 714 1784 755 ὅποι

235 776 287 818 ἂν
325 776 568 831 ἀχαλίνωτον
606 775 682 834 ἄγῃ
720 783 877 829 κημοῦν
915 776 984 816 δεῖ.
1036 774 1057 815 ὁ
1094 775 1168 830 γὰρ
1209 775 1336 828 κημὸς
1379 773 1574 815 ἀναπνεῖν
1618 773 1692 828 μὲν
1735 775 1784 815 οὐ

231 838 388 889 κωλύει,
419 838 580 878 δάκνειν
612 835 654 878 δὲ
686 836 760 877 οὐκ
791 836 848 892 ε’ᾇ.
898 837 1088 877 Fiscellas
1119 836 1248 876 bubus
1276 837 1430 886 imponi
1456 836 1583 876 tradit
1609 835 1710 875 Cato
1736 836 1784 875 de

233 912 315 951 agr.
342 899 435 939 cult.
464 900 533 948 54,
560 899 597 937 5.
659 899 708 937 In
733 911 824 949 app.
852 898 938 938 crit.
966 897 1091 937 scribe
1116 911 1154 948 p.
1184 899 1251 947 22,
1279 898 1346 935 27.

354 954 464 999 512.
510 959 664 998 Nonius
715 971 735 997 e
782 957 937 998 Lucilio
987 959 1075 1008 ipso
1119 971 1157 1008 p.
1187 959 1284 1007 123,
1313 958 1366 998 26
1421 954 1586 996 ‘Incitas
1637 957 1785 997 dicitur

233 1021 400 1071 egestas.
430 1051 437 1058 .
460 1048 473 1057 ,.
504 1050 511 1057 .
537 1019 643 1058 idem
686 1019 755 1057 lib.
781 1018 855 1056 XV
901 1015 1098 1057 “uilicum
1141 1019 1445 1067 magistoyraten
1472 1049 1480 1056 .
1509 1049 1517 1057 .
1545 1048 1553 1056 .
1583 1014 1782 1069 adegit’'.'

233 1079 346 1119 Idem
378 1093 426 1118 ex
457 1080 719 1131 grammatico
746 1092 783 1129 p.
813 1079 910 1128 143,
939 1079 962 1117 6
999 1075 1295 1118 ‘Mediastrinos
1327 1091 1406 1117 non
1434 1078 1683 1128 balnearum,
1716 1078 1783 1117 sed

200 1190 204 1192 .
233 1140 438 1180 ministros
470 1142 511 1180 et
541 1142 743 1179 curatores
776 1138 934 1178 aedium
966 1139 1146 1190 legimus.
1197 1138 1375 1177 Lucilius
1401 1138 1468 1177 lib.
1498 1139 1639 1177 XVII
1660 1135 1784 1177 “uili-

234 1214 323 1240 cum
355 1200 643 1240 Aristocratem
668 1232 675 1238 .
697 1231 704 1238 .
727 1230 734 1238 .
755 1196 1031 1238 bubulcum’'.’
1082 1199 1195 1238 Idem
1221 1212 1267 1237 ex
1293 1201 1556 1250 grammatico
1582 1213 1620 1250 p.
1642 1200 1742 1248 479,
1757 1199 1781 1237 3

235 1257 611 1300 ‘Conmanducatun
645 1291 653 1299 .
687 1291 694 1299 .
729 1291 737 1299 .
769 1259 875 1299 idem
913 1260 981 1298 lib.
1008 1259 1082 1298 XV
1130 1256 1329 1298 “uilicum
1366 1259 1657 1299 Aristocratem
1690 1290 1699 1298 .
1733 1290 1740 1298 .
1775 1290 1782 1298 .

231 1322 504 1360 meiastrinum
525 1352 532 1359 .
555 1352 562 1359 .
585 1351 593 1359 .
614 1320 955 1360 conmanducatus
986 1323 1030 1359 ut
1060 1319 1246 1371 conrupit
1267 1351 1273 1358 .
1297 1350 1304 1358 .
1327 1351 1334 1358 .
1355 1317 1554 1372 adegit’'.'
1606 1320 1666 1358 De
1702 1333 1781 1358 me-

232 1381 407 1420 diastino
439 1383 480 1420 et
510 1381 770 1420 mediastrino
803 1381 941 1420 formis
977 1380 1069 1419 uide
1107 1381 1257 1419 archiu.
1290 1380 1476 1432 lexicogr.
1502 1379 1591 1419 Lat.
1618 1380 1638 1418 I
1667 1380 1780 1418 1884

233 1455 270 1492 p.
299 1443 396 1481 392.
422 1442 510 1481 400
540 1442 583 1480 II
612 1442 724 1480 1885
752 1455 790 1492 p.
818 1442 903 1481 364
937 1440 1037 1479 VHI
1065 1441 1178 1480 1893
1206 1455 1244 1491 p.
1273 1441 1346 1480 38:
1373 1441 1480 1491 apud
1512 1441 1671 1480 Firmie.
1697 1441 1781 1479 Ma-

231 1503 392 1540 ternum
417 1501 517 1540 VIII
544 1502 598 1541 25
625 1502 712 1540 init.
757 1502 798 1539 in
843 1501 1074 1540 melioribus
1123 1500 1222 1540 codd
1271 1501 1380 1539 tradi
1431 1498 1524 1539 ‘erit
1572 1501 1783 1539 balneator

232 1559 531 1601 mediastrinus'
566 1561 616 1600 ad
648 1575 710 1600 me
743 1562 904 1612 scripsit
935 1561 1181 1600 Skutschius.
1237 1560 1544 1600 Mediastrinum
1577 1574 1660 1600 esse
1691 1573 1781 1611 pro-

233 1622 318 1672 prie
358 1621 630 1661 balneatorem
670 1624 711 1660 et
747 1621 869 1660 Nonii
912 1622 1052 1660 auctor
1089 1621 1226 1660 docuit
1269 1623 1309 1659 et
1352 1621 1568 1673 glossaria:
1613 1620 1715 1660 GGL
1741 1621 1782 1659 II

232 1695 270 1732 p.
300 1682 397 1731 128,
425 1683 479 1720 23
515 1679 811 1720 ‘mediastrinus
836 1678 1060 1734 περιχύτης’
1087 1695 1125 1731 p.
1154 1682 1252 1730 397,
1281 1682 1335 1719 24
1364 1678 1608 1734 εποιρυχύτης
1633 1681 1780 1720 media-

233 1742 404 1791 strinus,
442 1742 625 1792 perfusor
656 1736 762 1796 (CIL
787 1741 846 1780 IV
873 1741 959 1781 840
986 1741 1037 1780 ad
1062 1741 1155 1780 Her.
1188 1741 1247 1779 IV
1275 1742 1342 1791 10,
1371 1737 1457 1795 14).
1521 1741 1672 1780 Tamen
1703 1741 1780 1780 Lu-

233 1802 319 1840 cilii
354 1815 513 1841 uersum
550 1802 673 1841 Nonii
710 1803 850 1841 auctor
886 1802 1075 1852 protulit,
1119 1814 1197 1852 quo
1236 1802 1438 1840 euinceret
1475 1802 1781 1841 mediastrinum

234 1863 449 1902 atriensem
474 1864 608 1912 potius
634 1874 717 1901 esse
743 1863 808 1901 uel
834 1861 1029 1902 eiusmodi
1053 1865 1224 1911 seruum,
1250 1862 1362 1901 cuius
1387 1875 1531 1901 nomen
1558 1864 1651 1912 apte
1677 1864 1782 1901 inter

234 1922 400 1962 uilicum
437 1925 477 1962 et
513 1922 731 1961 bubulcum
768 1923 865 1972 poni
909 1923 1096 1973 potuerit.
1164 1921 1313 1961 Lucilii
1352 1922 1479 1972 ipsius
1524 1935 1659 1962 seruos
1700 1925 1781 1962 tres

233 1995 397 2022 numero
423 1983 488 2036 hic
514 1982 711 2034 appellari
735 1983 866 2033 patet:
893 1982 1178 2033 Symmachum
1202 1982 1420 2022 bubulcum
1445 1982 1514 2021 lib.
1539 1982 1603 2021 ΠΙ
1622 1997 1658 2021 u.
1683 1984 1781 2032 105,

233 2042 448 2092 Pacilium,
487 2043 769 2094 Zopyrionem,
807 2042 1110 2094 Metrophanem
1134 2042 1248 2082 XXII
1274 2057 1311 2081 u.
1340 2044 1437 2082 581.
1467 2043 1564 2082 584.
1593 2044 1679 2083 580
1711 2056 1780 2082 no-

233 2104 371 2142 minat.
428 2103 701 2143 Aristocraten
732 2103 894 2142 uilicum
929 2104 975 2142 ut
1005 2103 1298 2142 nobilissimum
1332 2098 1446 2158 (Hor.
1474 2117 1533 2154 ep.
1560 2103 1580 2141 I
1609 2104 1676 2153 14,
1705 2099 1779 2157 14)

233 2163 415 2203 nominat
452 2164 702 2203 nominatim.
770 2163 851 2215 Agi
887 2163 1048 2202 uidetur
1085 2163 1132 2202 de
1171 2177 1272 2214 equo
1310 2163 1506 2213 mordaci,
1544 2177 1662 2214 quem
1701 2165 1780 2202 tres

234 2223 412 2263 homines
443 2236 522 2262 non
554 2225 742 2274 poterant
773 2223 946 2263 domare.
975 2246 1030 2251 —
1057 2224 1390 2263 commanducatus
1421 2225 1618 2272 conrupit,
1649 2225 1779 2263 totum

233 2285 571 2324 commorsicauit:
603 2283 723 2334 Apul.
748 2285 909 2323 metam.
929 2284 1009 2322 VII
1037 2285 1089 2323 16
1125 2281 1243 2324 ‘alius
1274 2284 1436 2323 hinnitu
1467 2285 1645 2335 maligno
1675 2290 1779 2323 com-

233 2344 409 2383 minatus
442 2374 450 2383 .
478 2375 485 2381 .
514 2374 521 2382 .
553 2346 685 2383 totum
727 2357 790 2383 me
835 2341 1139 2384 commorsicat'.
1214 2344 1344 2383 Varro
1382 2357 1455 2382 rer.
1494 2346 1591 2383 rust.
1617 2344 1659 2383 II
1688 2346 1725 2394 7,
1754 2346 1777 2383 9

235 2401 375 2454 ‘equus
397 2434 404 2442 .
425 2434 434 2442 .
456 2435 463 2442 .
483 2405 678 2455 impetum
704 2405 799 2443 fecit
823 2404 864 2443 in
897 2417 988 2443 eum
1013 2399 1235 2459 (auriyam)
1261 2417 1307 2443 ac
1330 2403 1529 2443 mordicus
1548 2401 1779 2443 interfecit’.

234 2463 336 2502 Vide
368 2463 419 2503 ad
450 2463 519 2503 lib.
545 2464 603 2502 IV
628 2478 667 2503 u.
695 2465 791 2504 180.
818 2486 877 2491 —
903 2465 1099 2515 conrupit,
1130 2466 1177 2503 ut
1208 2463 1303 2503 Sall.
1329 2463 1415 2516 Iug.
1445 2465 1512 2514 76,
1539 2465 1563 2502 6
1600 2461 1709 2503 ‘uino
1740 2466 1780 2502 et

234 2524 362 2574 epulis
394 2525 549 2563 onerati
579 2524 729 2575 illaque
761 2526 802 2564 et
838 2524 1000 2564 domum
1038 2526 1078 2564 et
1116 2526 1240 2564 semet
1277 2525 1362 2576 igni
1400 2522 1693 2574 conrumpunt'.
1722 2546 1780 2551 —

234 2584 357 2623 Nonii
388 2584 510 2623 codex
541 2584 687 2624 Lucilii
720 2586 847 2635 ipsius
885 2585 1027 2624 habuit
1064 2586 1338 2634 aristocraten,
1375 2584 1444 2623 sed
1481 2585 1779 2636 grammaticus,

235 2657 313 2693 quo
344 2644 406 2683 bis
443 2657 536 2684 usus
574 2647 651 2695 est,
691 2645 829 2684 eodem
865 2645 952 2685 loco
989 2646 1141 2697 legerat
1178 2647 1464 2684 aristocratem:
1504 2644 1596 2684 uide
1628 2645 1678 2683 ad
1711 2644 1778 2685 lib.

235 2703 350 2742 XVII
374 2717 412 2743 u.
440 2705 536 2743 538.
598 2705 646 2743 In
671 2718 762 2755 app.
789 2706 875 2745 crit.
902 2705 1028 2744 scribe
1057 2699 1435 2759 (magistograutem
1462 2703 1497 2743 G
1522 2719 1573 2744 m.
1604 2700 1658 2758 1).

356 2758 468 2804 514.
500 2764 654 2804 Nonius
680 2778 718 2815 p.
746 2766 814 2814 22,
843 2768 866 2804 9
907 2762 1129 2805 ‘Cerebrosi
1165 2765 1353 2804 dicuntur
1390 2765 1440 2804 ad
1476 2766 1675 2804 insaniam
1720 2766 1778 2803 fa-

235 2823 348 2872 ciles,
386 2823 529 2873 quibus
560 2824 789 2875 frequenter
819 2824 1021 2863 cerebrum
1052 2827 1272 2864 moueatur.
1334 2824 1513 2864 Lucilius
1550 2827 1779 2875 satyrarum

236 2882 303 2921 lib.
331 2882 405 2920 XV
438 2879 510 2922 “te
538 2914 545 2920 .
574 2913 582 2920 .
611 2914 618 2922 .
645 2880 953 2923 cerebrosum’'.'
1018 2883 1291 2934 Supplendum
1324 2882 1381 2923 ‘di
1411 2885 1583 2934 perdant
1614 2881 1778 2924 omnes':

237 2942 417 2993 increpat
436 2942 612 2982 Lucilius
631 2943 797 2982 uilicum
821 2944 1003 2982 insanum
1029 2947 1070 2982 et
1088 2944 1349 2993 cerebrosum,
1374 2955 1461 2982 cum
1486 2946 1570 2982 istis
1590 2945 1614 2982 i.
1636 2958 1666 2983 e.
1688 2958 1777 2984 eum

237 3002 494 3042 mediastrino
527 3005 647 3052 atque
678 3003 849 3042 bubulco
882 3004 951 3053 qui
982 3017 1083 3053 equo
1115 3004 1186 3042 illo
1218 3004 1322 3043 male
1355 3006 1470 3042 erant
1497 3005 1575 3043 usi:
1609 3005 1777 3044 cerebro-

235 3074 305 3101 sus
341 3062 579 3102 uocabulum
617 3063 708 3101 hinc
746 3063 916 3114 sumpsit
953 3062 1143 3103 Horatius
1175 3077 1289 3103 serm.
1316 3064 1335 3102 Ι
1363 3065 1401 3114 5,
1429 3065 1482 3102 21
1523 3066 1563 3103 et
1599 3065 1778 3115 suspicor
