2060 3444
818 277 973 314 XXVIII
998 290 1034 315 u.
1064 281 1265 315 742-747,
1732 277 1819 323 267

254 391 404 442 Graec.
429 392 472 432 Π
500 394 521 432 1
552 388 708 446 [1889]
743 406 780 444 p.
809 386 927 447 344).
996 392 1179 433 Panaetii
1218 393 1442 434 doctrinam
1487 393 1819 446 deprehendimus

265 452 348 494 iam
378 452 446 493 lib.
472 452 606 492 XXVI
630 466 669 492 u.
699 453 803 493 738:
835 452 1002 493 eundem
1037 466 1155 504 quem
1186 453 1372 494 Laertius
1398 454 1599 507 Diogenes
1632 454 1820 507 exprimit

266 515 501 566 scriptorem
530 513 710 553 Lucilius
743 514 924 565 sequitur
953 514 1029 554 hoc
1060 513 1162 553 libro
1194 528 1262 554 uu.
1292 515 1377 554 754
1392 527 1501 566 seqq.

387 569 497 615 743.
529 574 684 614 Nonius
710 588 748 625 p.
776 575 875 625 492,
904 576 957 614 22
993 570 1209 615 ‘Seneetam
1239 589 1312 626 pro
1349 577 1562 615 senectute.
1612 575 1817 628 Vergilius

262 634 331 674 lib.
358 634 417 674 VI
449 631 586 675 “uires
624 635 733 674 ultra
771 636 997 686 sortemque
1036 632 1265 676 senectae’'.
1333 635 1512 676 Lucilius
1547 636 1616 675 lib.
1642 636 1818 676 XXVIII

265 692 621 748 “prospiciendum
653 709 747 748 ergo
778 697 820 734 in
845 699 998 735 senecta
1023 708 1128 735 nunc
1153 697 1428 736 adulescentia
1453 693 1574 737 est''.'
1625 700 1818 737 senectam

262 758 368 796 recte
412 756 568 807 Dousa,
612 757 661 796 ab
705 757 875 796 inseruit
914 756 1207 797 Lachmannus.
1283 756 1503 809 Comparat
1546 758 1816 798 Buechelerus

262 816 362 857 Mus.
389 816 514 856 Rhen.
539 816 675 856 XLIII
703 817 816 856 1888
843 831 880 869 p.
904 818 989 856 293
1018 818 1058 856 et
1082 817 1241 858 Biantis
1269 817 1421 857 dictum
1447 831 1509 870 ap.
1536 818 1653 870 Diog.
1680 818 1814 858 Laert.

261 877 283 916 I
308 878 364 917 88
397 875 565 929 ἑφόδιον
596 875 674 917 ἀπὸ
705 877 889 930 νεότητος
919 877 975 926 εἰς
1012 883 1137 932 γῆρας
1168 876 1423 931 ἀναλάμβανε
1455 878 1615 930 σοφίαν.
1655 877 1815 932 βεβαιό-

261 952 373 992 τερον
405 936 478 992 γὰρ
510 943 626 978 τοῦτο
658 943 736 978 τῶν
762 935 892 978 ἄλλων
930 937 1140 991 κτημάτων
1178 940 1219 979 et
1249 939 1355 978 Pers.
1382 939 1420 976 V
1448 940 1504 978 64
1545 936 1684 991 ‘petite
1722 940 1816 979 hinc

260 999 454 1050 puerique
487 1011 677 1050 senesque
708 998 827 1038 finem
867 999 1001 1038 animo
1040 1001 1193 1039 certum
1229 999 1463 1050 miserisque
1500 1000 1650 1039 uiatiea
1689 997 1814 1040 canis'

231 1062 234 1064 ’
260 1059 329 1098 ubi
361 1058 619 1099 Gasaubonus
651 1061 692 1098 et
716 1059 876 1099 Biantis
905 1060 1128 1100 sententiae
1159 1073 1312 1100 memor
1342 1061 1422 1100 fuit
1454 1062 1493 1100 ct
1523 1061 1642 1101 huius
1673 1074 1814 1101 uersus

260 1119 420 1159 Lucilii.
491 1117 625 1172 ‘Inopi
666 1121 847 1160 metuens
885 1121 1053 1161 formica
1092 1118 1289 1160 senectae'
1329 1121 1480 1173 Vergil.
1509 1134 1642 1174 georg.
1668 1121 1688 1160 I
1718 1122 1813 1161 186.

383 1174 492 1221 744.
536 1181 693 1220 Nonius
731 1194 768 1231 p.
799 1182 904 1232 249,
933 1182 957 1220 3
1006 1178 1300 1232 ‘Committere,
1350 1181 1492 1221 facere.
1527 1214 1534 1221 .
1563 1213 1570 1220 .
1600 1214 1606 1220 .
1632 1181 1814 1222 Lucilius

259 1240 327 1280 lib.
354 1240 529 1280 XXVHI
563 1238 821 1281 “commouet
848 1273 855 1280 .
879 1273 885 1280 .
909 1273 916 1280 .
944 1239 1082 1281 sibi''.'
1145 1241 1306 1282 Auarus
1345 1243 1529 1282 adsidens
1569 1255 1682 1283 arcae
1722 1256 1814 1283 nus-

260 1314 382 1352 quam
406 1301 549 1353 pedem
573 1303 784 1353 promouet
810 1303 950 1342 anxius
977 1302 1024 1342 de
1050 1316 1092 1342 re
1119 1316 1192 1343 sua
1211 1316 1339 1354 neque
1366 1302 1591 1343 committet
1610 1304 1657 1343 ut
1674 1305 1815 1355 pereat

261 1361 340 1401 sibi
371 1363 588 1413 quicquam
614 1362 661 1402 de
692 1364 864 1414 pecunia
896 1365 1095 1416 congesta.
1148 1362 1383 1403 Commouet
1408 1377 1448 1403 se
1473 1377 1689 1415 nusquam:
1720 1364 1813 1403 uide

259 1422 310 1462 ad
335 1422 404 1462 lib.
430 1423 565 1462 XXVI
588 1437 626 1463 u.
655 1424 752 1462 674.

382 1477 490 1525 745.
523 1484 680 1524 Nonius
705 1498 743 1535 p.
773 1485 870 1534 379,
900 1485 953 1524 18
989 1481 1231 1537 ‘Religiosos
1258 1498 1415 1537 quoque
1441 1485 1526 1525 dies
1551 1485 1721 1525 infames
1747 1486 1812 1525 uel

257 1542 457 1583 infaustos
481 1576 487 1583 .
511 1576 517 1583 .
542 1544 748 1584 ‚Lucilius
774 1545 842 1584 lib.
869 1545 1044 1584 XXVm
1070 1539 1148 1600 (ita
1174 1545 1231 1585 L:
1257 1545 1454 1585 XXVHH
1476 1540 1531 1600 G)
1561 1543 1697 1585 “anno
1724 1559 1811 1585 uer-

258 1606 357 1643 tente
388 1604 472 1644 dies
503 1605 598 1644 tetri
630 1605 766 1645 miseri
798 1619 844 1645 ac
859 1602 1110 1658 -religiosi’'.’
1161 1607 1339 1645 uertenti
1362 1606 1660 1657 Lachmannus‚
1691 1608 1811 1657 recte,

257 1677 352 1704 nam
385 1666 445 1704 est
475 1678 548 1716 pro
580 1665 801 1705 adiectiuo:
834 1678 939 1705 anno
970 1667 1153 1705 uertente
1181 1666 1260 1706 Cic.
1286 1680 1360 1718 pro
1387 1666 1543 1713 Quinct.
1571 1667 1628 1706 40
1655 1667 1702 1706 de
1727 1669 1810 1707 nat.

258 1724 363 1764 deor.
389 1725 432 1764 Π
459 1725 513 1765 53
536 1726 653 1765 alibi:
685 1726 859 1766 feruenti
884 1727 989 1766 ferro
1015 1727 1082 1766 lib.
1108 1726 1171 1766 ΙΠ
1195 1741 1233 1765 u.
1264 1727 1347 1766 145
1380 1727 1551 1767 lactanti
1581 1728 1624 1766 in
1655 1729 1811 1768 sumine

256 1785 315 1824 IV
340 1799 378 1824 u.
408 1787 491 1825 176
532 1786 665 1826 animo
703 1787 926 1838 trepidanti
962 1787 1073 1826 XXX
1097 1800 1135 1826 u.
1166 1788 1281 1827 1000
1324 1787 1394 1826 ubi
1438 1787 1539 1827 codd
1582 1789 1808 1838 trepidante.

255 1846 465 1886 Iudicatur
501 1848 646 1886 mensis
685 1847 894 1886 Februarii
931 1860 1024 1899 pars
1063 1848 1191 1887 altera
1230 1861 1308 1899 quo
1346 1850 1526 1900 tempore
1567 1850 1682 1888 erant
1725 1848 1809 1889 dies

257 1907 486 1957 parentales
512 1901 730 1962 (Wissowa
757 1908 806 1947 de
831 1908 1026 1960 religione
1052 1910 1092 1948 et
1117 1909 1228 1948 cultu
1253 1922 1291 1960 p.
1317 1908 1363 1947 R.
1389 1923 1427 1960 p.
1458 1903 1562 1963 187)
1589 1909 1636 1948 de
1664 1909 1808 1960 quibus

258 1965 373 2006 Ouid.
401 1967 491 2007 fast.
517 1967 560 2007 Π
587 1969 671 2007 557
689 1980 796 2020 seqq.
837 1965 948 2007 ‘dum
985 1970 1120 2008 tamen
1163 1970 1261 2009 haec
1304 1969 1423 2019 fiunt,
1468 1970 1613 2009 uiduae
1658 1971 1809 2010 cessate

255 2028 434 2078 puellae:
467 2030 647 2079 expectet
678 2042 799 2079 puros
830 2030 951 2080 pinea
981 2029 1101 2069 taeda
1133 2029 1227 2069 dies.
1279 2042 1350 2069 nec
1382 2030 1469 2079 tibi,
1505 2043 1608 2081 quae
1640 2030 1808 2081 cupidae

256 2089 416 2128 matura
446 2088 633 2128 uidebere
664 2091 798 2140 matri,
832 2090 963 2129 comat
993 2091 1198 2142 uirgineas
1230 2090 1347 2130 hasta
1378 2104 1546 2130 recurua
1584 2104 1717 2130 comas
1739 2123 1746 2130 .
1770 2123 1776 2130 .
1799 2123 1806 2130 .

256 2148 297 2187 di
336 2158 493 2200 quoque
524 2150 766 2201 templorum
798 2151 951 2190 foribus
984 2151 1162 2190 celentur
1193 2151 1361 2202 opertis,
1401 2153 1490 2190 ture
1522 2153 1667 2190 uacent
1701 2165 1805 2202 arae,

232 2209 442 2260 ‘stentque
475 2209 558 2249 sine
590 2210 682 2262 igne
715 2207 808 2250 foci’
849 2211 993 2261 quibus
1025 2225 1090 2250 uu.
1123 2211 1207 2251 dies
1244 2211 1422 2264 religiosi
1461 2211 1523 2250 illi
1560 2211 1804 2255 indicantur.

255 2267 395 2309 Annus
421 2270 526 2309 enim
551 2283 680 2310 nouus
704 2270 849 2322 incipit
874 2271 1090 2315 secundum
1115 2272 1256 2322 populi
1281 2273 1510 2323 opinionem
1535 2272 1606 2311 illo
1626 2273 1805 2324 tempore

255 2329 413 2368 Martiis
456 2329 648 2370 Kalendis
699 2325 987 2385 (Mommsenus
1038 2331 1086 2371 de
1135 2333 1221 2371 iure
1269 2331 1430 2383 publico
1462 2346 1500 2383 p.
1533 2333 1578 2371 R.
1611 2333 1633 2371 I
1665 2333 1712 2371 ed
1743 2333 1806 2372 ΠΙ

257 2385 413 2442 [1887]
440 2403 477 2440 p.
506 2390 605 2440 600,
633 2392 654 2429 1
682 2421 689 2429 .

379 2444 488 2490 747.
523 2385 679 2490 Noniu}
710 2465 747 2502 p.
778 2453 875 2502 175,
903 2454 956 2492 32
999 2449 1257 2492 ‘Sarcinaton
1325 2452 1505 2493 Lucilius
1536 2453 1604 2492 lib.
1630 2452 1805 2493 XXVHI

258 2506 576 2550 “sarcinatorem
603 2542 610 2549 .
639 2543 646 2550 .
675 2543 682 2550 .
710 2509 934 2563 optume'’.'
1000 2512 1163 2562 Optume
1195 2513 1365 2553 formam
1397 2513 1473 2552 hoc
1503 2513 1591 2553 loco
1624 2513 1731 2554 tradi
1762 2514 1805 2553 in

256 2570 356 2609 codd
398 2571 677 2611 memorabile:
721 2574 768 2611 ut
803 2585 1035 2622 pessumam
1064 2573 1132 2612 lib.
1158 2573 1313 2613 XXVI]
1338 2587 1374 2612 u.
1405 2575 1501 2613 702.
1570 2573 1719 2626 Agitur
1756 2574 1804 2613 de

255 2641 370 2669 seruo
401 2630 583 2671 mendaci
615 2633 655 2671 et
685 2634 894 2685 nugatore,
926 2634 1061 2672 exibat
1091 2646 1229 2673 uersus
1269 2634 1338 2684 qui
1376 2633 1637 2674 antecedebat
1673 2635 1803 2674 ueluti

257 2693 290 2729 te
320 2692 408 2730 seio.
461 2689 642 2731 Contulit
666 2692 804 2732 Dousa
828 2693 958 2733 Plaut.
988 2694 1101 2745 Epid.
1130 2695 1214 2733 455
1251 2691 1382 2745 ‘proin
1407 2696 1453 2734 tu
1479 2694 1600 2734 alium
1633 2708 1802 2746 quaeras

256 2751 321 2789 cui
358 2753 542 2791 centones
581 2750 757 2792 sarcias’.
825 2753 1012 2793 Facetiae
1056 2756 1150 2794 sunt
1185 2754 1346 2794 Atticae
1388 2756 1573 2807 originisz
1618 2755 1801 2795 Aeschin.

256 2811 380 2849 contr.
401 2809 574 2862 Ctesiph.
599 2813 681 2851 166
709 2813 1110 2867 φορμορραφούμεθα
1137 2815 1244 2865 quod
1269 2815 1560 2866 interpretatur
1586 2815 1803 2855 scholiasta

256 2866 344 2908 ἀντὶ
374 2875 445 2909 τοῦ
477 2870 748 2923 συρράπτουσί
776 2887 878 2921 τινες
908 2869 1005 2912 καθ’
1038 2870 1153 2925 ἡμῶν
1178 2873 1398 2927 πράγματα,
1430 2872 1509 2914 ἀπὸ
1534 2880 1604 2926 τῆς
1630 2874 1800 2929 φόρμου.

256 2928 412 2983 φόρμος
435 2928 509 2983 γὰρ
535 2928 682 2984 λέγεται
707 2930 750 2971 τὸ
776 2933 986 2981 ψιαθῶδες
1009 2931 1172 2986 πλέγμα.
1216 2933 1400 2985 Aeschyl.
1415 2934 1491 2987 Ag.
1509 2935 1622 2974 1575
1639 2934 1675 2973 K
1693 2933 1801 2989 κάγὼ

255 2988 409 3037 δίκαιος
439 2990 554 3030 τοῦδε
585 2996 655 3030 τοῦ
687 2990 818 3042 φόνου
850 2992 1001 3046 ῥαφεύς
1032 2993 1103 3032 ubi
1133 2993 1409 3033 Blomfieldius
1448 2995 1588 3034 attulit
1618 2995 1800 3035 Homeri-

256 3061 345 3089 cum
375 3050 477 3090 illud
508 3049 610 3090 κακὰ
641 3051 802 3105 ῥάπτειν
830 3055 871 3091 Σ
895 3053 979 3092 367
1013 3053 1100 3093 Ter.
1127 3053 1285 3093 Phorm.
1314 3055 1396 3094 491
1435 3052 1583 3095 ‘metuo
1615 3056 1795 3098 lenonem
