2060 3444
273 278 360 321 302
844 276 962 312 XXIX
987 288 1022 312 n.
1050 279 1248 312 eoa-eoo.

273 391 515 430 deserturus:
560 402 652 428 nam
690 391 829 438 ,oraui-s
873 401 995 428 causa
1038 389 1186 439 legitur
1218 387 1296 427 Cio.
1324 388 1373 428 ad
1399 388 1484 428 Att.
1509 389 1530 428 I
1558 390 1635 437 10,
1653 390 1676 426 2
1724 384 1806 428 'sed

274 450 368 501 quia
408 450 558 488 nullam
604 448 721 487 uideo
764 461 929 500 grauem
972 448 1129 488 subesse
1173 445 1348 487 eausam'
1394 448 1463 487 ubi
1506 460 1667 488 causam
1710 447 1809 488 dicit

274 510 519 557 offensionis,
553 507 670 547 Ouid.
697 508 814 548 Trist.
845 508 878 545 V
905 509 944 557 8,
971 510 1024 547 37
1060 505 1197 558 ‘utque
1225 521 1297 559 ego
1323 509 1362 547 te
1388 508 1548 547 uideam
1574 519 1694 547 causa
1719 520 1807 559 gra-

274 571 383 608 uiore
410 564 607 621 fugatuln’
636 563 695 622 (ΙΙ
724 562 838 621 193).
884 568 1025 618 Itaque
1050 570 1155 607 recte
1182 568 1213 606 si
1239 568 1391 607 tradita
1415 570 1510 607 sunt
1533 567 1668 616 uerba,
1699 566 1805 605 istud

274 641 433 668 causam
467 640 631 678 yrauem
667 629 762 667 mihi
798 630 881 676 fore
918 627 1067 667 dictum
1107 630 1166 667 est
1203 629 1319 666 sicuti
1357 627 1492 667 quen.
1518 627 1539 665 I
1567 627 1650 666 163
1691 623 1807 665 ‘nulli

274 689 408 740 grauis
458 690 518 727 est
566 700 772 738 percussus
823 684 1012 726 Achilles'
1061 686 1188 726 Carm.
1221 686 1307 726 Lat.
1341 687 1477 738 Epigr.
1507 687 1589 725 226
1605 686 1638 724 B
1691 682 1808 724 ‘Iulia

274 748 399 786 Pieris
425 748 615 787 obstetrix
640 747 704 786 hic
729 748 833 786 iacet
858 747 956 786 nulli
980 744 1128 798 grauis’
1151 742 1317 800 (Lucan.
1337 746 1436 785 VIII
1459 741 1573 800 157).
1613 745 1808 796 Coniungi

274 809 346 846 hos
378 820 515 846 uersus
548 809 641 857 apte
673 819 761 845 cnm
793 807 1046 856 praecedenti
1078 807 1243 845 adnotat
1274 806 1410 845 Dousa
1441 807 1482 844 in
1514 805 1807 845 commentario.

394 862 505 906 905.
537 866 690 905 Nonius
717 880 752 916 p.
782 867 879 915 364,
909 868 961 904 14
997 864 1246 916 ‘Periculum,
1282 866 1604 917 experimentum.
1731 865 1808 903 Lu-

276 927 390 966 cilius
427 926 494 965 lib.
521 926 713 964 XXVIIII
758 923 900 964 “cuius
934 958 941 964 .
970 958 976 964 .
1004 956 1012 965 .
1040 927 1214 975 periculo
1248 958 1254 964 .
1284 958 1290 964 .
1321 958 1327 964 .
1361 921 1640 976 periculum’'.’
1698 926 1810 964 euius

275 986 575 1037 monosyllabon
601 988 646 1024 ut
670 985 737 1024 lib.
758 986 866 1024 XXX
892 1000 928 1024 u.
959 987 1083 1024 1039.
1104 1007 1161 1012 —
1181 986 1420 1025 Inusitatam
1447 986 1614 1024 formam
1640 985 1682 1023 in
1702 984 1809 1023 exitu

275 1059 413 1085 uersus
444 1047 588 1096 posuit,
620 1046 812 1084 usitatam
844 1046 887 1084 in
914 1046 1062 1084 medio:
1094 1045 1185 1084 uide
1210 1045 1289 1084 ind.
1317 1059 1482 1096 gramm.
1509 1057 1538 1083 s.
1565 1058 1601 1083 u.
1635 1055 1808 1095 syncope.

278 1105 471 1144 Similiter
495 1105 623 1144 Plaut.
647 1104 757 1155 Capt.
782 1106 866 1143 740
894 1102 1098 1155 ‘periclum
1125 1107 1233 1144 uitae
1260 1118 1371 1144 meae
1396 1106 1466 1143 tuo
1493 1106 1574 1143 stat
1605 1100 1808 1154 periculoff.

277 1159 432 1204 Terent.
458 1164 600 1214 Heeyr.
632 1165 711 1203 766
748 1162 911 1204 ‘amicus
944 1165 1073 1215 qualis
1105 1165 1191 1214 sim,
1226 1167 1297 1203 aut
1329 1165 1424 1215 quid
1457 1164 1640 1215 possiem,
1677 1164 1809 1214 potius

279 1238 396 1275 quam
440 1224 640 1272 inimicus,
690 1224 882 1274 periclum
927 1221 1078 1263 facias’.
1155 1224 1260 1263 Satis
1303 1225 1497 1263 rhetorice
1541 1226 1581 1262 et
1631 1225 1809 1262 contorte

277 1285 455 1334 loquitur
485 1283 589 1322 idem
621 1284 689 1322 ille
722 1285 877 1323 amator
907 1284 1082 1333 futurus,
1121 1284 1213 1322 dum
1246 1297 1286 1323 se
1327 1286 1503 1323 ostentat
1538 1284 1579 1321 in
1617 1282 1810 1322 uocabulo

278 1344 414 1383 eodem
446 1343 603 1382 diuersa
628 1344 759 1393 posito
785 1343 1085 1394 significatione.
1136 1343 1305 1382 Versum
1331 1344 1379 1382 ad
1406 1343 1556 1394 priores
1582 1346 1662 1381 tres
1688 1355 1809 1392 appo-

278 1405 359 1442 suit
389 1403 684 1442 Lachmannus:
717 1404 811 1442 conf
837 1403 950 1442 Lucr.
976 1403 1038 1442 III
1065 1404 1131 1442 55.

397 1458 507 1502 906.
539 1462 693 1502 Nonius
725 1476 762 1512 p.
791 1464 888 1511 372,
916 1464 970 1502 24
1011 1460 1246 1502 ‘Producere
1283 1463 1428 1502 dicitur
1464 1463 1621 1513 longius
1659 1461 1809 1500 ducere.

279 1553 294 1571 .,
316 1554 325 1561 .
351 1554 359 1561 .
385 1522 562 1560 Lucilius
604 1522 671 1560 lib.
698 1522 890 1560 XXVIHI
936 1519 1008 1561 “et
1051 1524 1084 1560 si
1112 1554 1119 1561 .
1149 1554 1155 1560 .
1184 1554 1190 1561 .
1225 1519 1435 1561 diutius''.’
1507 1523 1627 1567 hunc,
1672 1522 1812 1571 opinor

278 1594 462 1621 amorem.
483 1603 541 1609 -—
561 1583 712 1630 lonyius
738 1585 771 1620 ct
795 1583 942 1621 diutius
968 1582 1183 1620 secundum
1203 1595 1352 1621 morem
1371 1584 1512 1633 poetae
1532 1580 1810 1631 hendiadyoin.

280 1639 498 1691 ‘uitamque
524 1641 653 1681 Naeui
684 1641 868 1691 producit
898 1639 1072 1692 longius'
1100 1641 1178 1681 Cic.
1204 1642 1316 1681 Brut.
1345 1643 1418 1681 60:
1449 1643 1573 1680 uitam
1598 1641 1813 1689 producere

279 1715 299 1740 e
336 1701 516 1753 Vergilio
553 1701 650 1739 Aen.
676 1700 716 1739 H
743 1702 825 1740 637
865 1701 1020 1740 Nonius
1062 1702 1191 1740 adfert
1215 1702 1239 1740 l.
1266 1715 1295 1741 s.
1323 1714 1351 1740 s.
1384 1701 1600 1751 Anaphora
1646 1699 1811 1739 eundem

278 1762 388 1811 loqui
419 1760 571 1800 indicat
600 1761 804 1800 rhetorum
836 1761 1073 1811 discipulum
1103 1761 1213 1800 cuius
1239 1764 1331 1800 sunt
1356 1773 1493 1800 uersus
1519 1760 1811 1799 antecedentes:

264 1866 267 1870 Α
270 1821 557 1870 producturum
594 1820 644 1859 ad
681 1821 888 1859 mulierem
929 1822 1126 1871 pertinere
1163 1833 1278 1871 posse
1320 1821 1569 1872 intellegitur
1605 1819 1672 1858 lib.
1699 1818 1813 1858 XVII

279 1894 316 1918 ιι.
344 1880 447 1919 538:
478 1879 742 1930 supplendum
772 1892 909 1928 speras
940 1892 1121 1920 amorem.

399 1934 510 1979 908.
541 1939 695 1978 Nonius
721 1953 758 1989 p.
781 1941 878 1989 352,
900 1941 925 1977 4
954 1937 1124 1979 ‘Nobilis
1150 1940 1297 1979 dicitur
1322 1942 1362 1978 et
1392 1942 1520 1979 notus.
1549 1971 1556 1977 .
1578 1970 1586 1978 .
1609 1970 1615 1977 .
1636 1938 1813 1978 Lucilius

281 1999 347 2037 lib.
373 1998 567 2037 XXVIIII
605 1995 723 2037 “tum
759 1998 859 2036 illud
897 1999 1047 2048 epifoni
1085 1994 1296 2052 (epitofoni
1323 1994 1380 2052 L)
1419 1999 1524 2049 quod
1568 1999 1689 2037 etiam
1733 2001 1814 2037 tum

281 2058 412 2097 nobile
444 2054 562 2097 est''.'
615 2059 825 2096 etiamnum
855 2058 1052 2108 1.D0usa,
1086 2060 1306 2098 etiamnunc
1336 2058 1575 2109 Maduigius,
1614 2063 1730 2108 recte,
1767 2060 1813 2096 ut

281 2117 452 2156 uidetur.
503 2118 647 2165 epifoni
683 2129 755 2167 pro
791 2117 1029 2168 imperatiuo
1067 2117 1208 2157 habuit
1245 2118 1396 2167 Dousa,
1440 2114 1630 2168 ἐπεφώνει
1669 2119 1811 2167 imper—

282 2177 428 2215 fectum
459 2177 594 2226 posuit
623 2177 836 2215 Muellerus
866 2178 909 2216 in
940 2177 1061 2216 Nonii
1093 2177 1282 2226 editione,
1320 2178 1466 2217 rectius
1505 2179 1592 2216 erat
1628 2189 1812 2228 praesens

281 2237 504 2285 relinquere
534 2237 800 2286 immutatum,
833 2249 923 2275 cum
953 2232 1228 2287 imperfectum
1260 2250 1337 2276 non
1370 2237 1423 2276 sit
1448 2238 1599 2287 aptum,
1627 2248 1812 2287 praesens

282 2295 515 2335 historicum
546 2295 587 2333 in
619 2295 922 2346 epiphonemate
953 2296 1215 2347 aptissimum.
1277 2296 1527 2336 Vocabulum
1560 2309 1579 2335 e
1610 2296 1813 2335 rhetorum

284 2355 417 2394 schola
457 2356 627 2405 sumpsit
668 2355 861 2395 Lucilius:
907 2357 992 2407 agit
1034 2354 1122 2409 περὶ
1165 2362 1234 2396 τοῦ
1278 2354 1493 2406 ἐπιφωνεῖν
1536 2356 1672 2395 Theon
1698 2354 1769 2394 RG
1793 2355 1814 2394 I

283 2428 320 2464 p.
348 2414 499 2453 212W
523 2414 564 2453 H
587 2428 625 2465 p.
655 2415 737 2454 103
754 2414 820 2465 Sp.
846 2415 1019 2455 Demetr.
1046 2415 1093 2454 de
1119 2416 1260 2456 elocut.
1290 2416 1521 2454 106—108
1567 2417 1637 2466 qui
1677 2415 1812 2455 allatis

283 2474 448 2512 Homeri
471 2487 535 2512 uu.
561 2489 582 2512 τ
611 2475 751 2517 7,-12
783 2476 843 2514 ita
873 2476 1023 2526 pergit:
1054 2470 1135 2514 εἶτα
1165 2474 1364 2526 ἐπιφωνεῖ
1390 2472 1524 2522 ταὐτὸς
1554 2473 1627 2528 γὰρ
1656 2472 1813 2526 ἐφέλκε-

283 2549 345 2572 ται
380 2531 506 2585 ἄνόρα
543 2530 719 2586 σίδηρος’
771 2534 900 2573 Zenob
938 2534 996 2573 IV
1022 2536 1076 2574 82
1116 2534 1393 2586 θαυμάσαντες
1435 2528 1509 2574 οὖν
1553 2534 1595 2574 οἷ
1636 2531 1812 2574 δικασταὶ

284 2592 326 2632 τὸ
358 2591 533 2644 σόφισμα
563 2598 633 2632 τοῦ
664 2593 872 2632 νεανίσκου
903 2592 1166 2645 ἐπεφώνησαν
1192 2591 1332 2643 ’κακοῦ
1361 2592 1529 2648 κόρακος
1554 2592 1678 2643 κακὸν
1703 2589 1812 2648 ᾠόν’.

285 2652 415 2691 Simili
465 2664 551 2690 cum
602 2654 800 2691 sententia
848 2655 1004 2692 amator
1051 2653 1120 2693 ille
1168 2654 1388 2693 rhetoricus
1437 2666 1653 2693 sermonem
1700 2666 1813 2692 suum

226 2720 232 2724 ‘
284 2711 491 2762 magnifiee
522 2711 652 2751 uoluit
682 2712 872 2751 concludi.
897 2732 901 2735 ·

403 2765 514 2810 909.
546 2771 700 2810 Nonius
729 2784 767 2821 p.
796 2772 863 2821 36,
892 2774 947 2811 10
979 2772 1244 2824 Coniungere,
1279 2773 1481 2823 copulare,
1517 2773 1666 2811 dictum
1699 2774 1759 2811 est
1789 2784 1813 2810 a

285 2832 380 2881 iugo
396 2826 506 2883 (hinc
519 2829 795 2880 Lachmannus
808 2831 975 2870 adnotat
987 2844 1178 2882 apparere
1197 2832 1446 2871 scribendum
1465 2845 1547 2871 esse
1564 2826 1811 2885 Comuqare).

285 2890 462 2928 Lucilius
486 2889 554 2928 lib.
574 2890 703 2928 XXIX
730 2887 879 2941 “quam
903 2892 998 2930 milei
1024 2894 1217 2941 quantum
1243 2894 1303 2931 est
1327 2893 1432 2931 inter
1455 2893 1670 2930 humanum
1690 2904 1812 2942 genus

286 2961 489 2998 rerumque
530 2949 635 2987 inter
677 2962 717 2988 se
761 2952 968 2999 coniunqat
1017 2948 1341 2990 communicat''.'
1374 2973 1432 2977 —
1462 2951 1628 2989 Initium
1676 2963 1813 2990 uersus

287 3008 429 3057 prioris
467 3010 527 3047 est
564 3011 802 3059 corruptum.
864 3010 940 3049 Pro
981 3022 1204 3059 rerumque:
1243 3011 1446 3059 ferumque
1481 3010 1695 3060 Mer-cerus:
1739 3022 1812 3060 ego
