2060 3444
284 243 371 287 260
846 238 981 274 XXVII
1006 250 1041 273 u.
1071 240 1269 274 725—729.

284 358 397 395 Tusc.
423 356 443 394 I
473 356 555 394 105
590 351 730 400 ‘Quem
767 350 1006 391 Hectorem?
1050 352 1121 390 aut
1157 362 1277 400 quam
1308 349 1377 388 diu
1412 350 1480 388 ille
1519 349 1595 388 erit
1625 344 1816 388 Hector‘?'

282 416 414 454 Pietas
457 414 628 453 hominis
673 413 840 451 alicuius
884 413 1003 450 antea
1046 410 1297 449 laudabatur.
1366 409 1497 461 Rogat
1539 410 1658 459 poeta
1700 405 1819 459 ‘quae
1858 443 1860 445 .

283 471 453 526 pietas?
498 473 742 523 Respondet:
771 469 958 510 ‘famelici
986 471 1160 521 quinque
1180 471 1273 508 sunt
1293 468 1453 508 adducti
1477 469 1528 508 ad
1549 481 1686 508 cenam
1706 462 1819 522 (uide

283 535 350 574 lib.
378 534 398 572 I
423 548 460 572 u.
488 528 582 588 49),
625 533 699 571 hoc
740 532 933 582 pietatem
975 526 1149 569 uocant'.
1211 529 1462 579 Philosophis
1507 530 1546 567 et
1594 527 1818 567 rhetoribus

283 595 482 633 Lucianus
514 593 560 631 de
592 604 720 643 paras.
749 592 804 630 40
837 590 1012 629 detrahit
1042 590 1300 628 uestimenta:
1332 587 1423 636 τοὺς
1455 585 1526 640 μὲν
1552 618 1560 626 .
1583 618 1590 626 .
1612 619 1620 627 .
1645 586 1725 627 ὑπὸ
1756 585 1819 626 ἒν-

286 653 391 700 δείας
423 652 524 700 ἴδοις
555 650 604 691 ἂν
637 650 799 698 λεπτοὺς
830 649 896 689 καὶ
927 648 1097 702 ὠχρούς,
1135 647 1391 701 πεφρικότας,
1433 647 1559 701 ὥσπερ
1590 645 1669 699 ἤδη
1701 661 1819 700 τραυ-

285 712 422 765 ματίας
459 709 730 764 παρειμένους.
797 711 980 749 Positum
1018 711 1079 748 est
1120 712 1261 748 uocant
1303 710 1388 747 sine
1428 708 1581 747 obiecto
1625 706 1731 757 quod
1773 708 1820 746 ut
1863 703 1868 709 “

283 773 421 811 Afran.
445 773 527 810 156
543 772 577 810 R
598 785 644 810 ex
662 770 914 821 praecedenti
933 770 1132 808 sententia
1150 769 1375 819 suppletur:
1402 767 1496 807 conf
1509 767 1577 806 lib.
1596 766 1654 806 IX
1672 780 1710 805 u.
1732 767 1817 806 378

285 830 440 871 ‘nomen
475 832 575 870 enim
606 831 669 868 illi
700 827 787 869 est'.
846 829 1075 868 Subiectum
1107 828 1266 868 uidetur
1297 841 1381 867 esse
1412 828 1581 878 parasiti
1611 829 1651 866 et
1683 825 1818 865 adula-

283 895 406 931 tores:
444 892 547 931 Plut.
574 891 621 929 de
648 890 751 928 adul.
779 892 819 928 et
844 902 920 928 am.
946 901 1031 940 cap.
1061 890 1114 928 12
1140 902 1178 939 p.
1207 889 1260 927 56
1276 888 1308 926 E
1350 885 1544 926 ‘funestus
1583 888 1642 926 est
1682 886 1818 925 adula-

252 954 255 956 ’
283 955 414 991 torum
453 950 613 997 ἔπαινος
647 982 653 988 .
684 981 691 988 .
719 981 727 989 .
760 948 831 1001 τὴν
870 948 1118 1000 Πτολεμαίου
1156 947 1359 999 θηλύτητα
1396 945 1462 986 καὶ
1496 945 1723 998 θεοληψίαν
1753 944 1818 986 καὶ

284 1009 525 1064 ὀλολυγμοὺς
555 1008 621 1049 καὶ
651 1009 868 1061 τυμπάνων
899 1007 1119 1062 ἐγχαράξεις
1151 1005 1351 1060 εὐσέβειαν
1383 1002 1616 1058 ὄνομάζων’.

406 1066 513 1110 726.
557 1070 712 1109 Nonius
746 1083 783 1120 p.
812 1069 915 1119 358,
943 1069 996 1107 32
1044 1065 1284 1117 ‘Offendere‚
1327 1067 1495 1107 laedere.
1528 1097 1536 1104 .
1566 1097 1573 1104 .
1601 1096 1609 1104 .
1641 1064 1819 1105 Lucilius

284 1130 351 1169 lib.
377 1130 528 1168 XXVII
562 1127 686 1168 “nam
716 1130 781 1167 hic
814 1128 974 1179 quidem
1004 1128 1176 1167 reditum
1207 1127 1331 1167 talem
1367 1126 1656 1178 portendebant
1692 1137 1819 1176 neque

285 1190 364 1229 alia
402 1190 443 1227 in
480 1202 589 1228 mare
632 1189 716 1227 ulla
759 1184 1016 1228 offendere”.’
1053 1203 1057 1208 ·
1088 1187 1331 1239 Legitimum
1373 1189 1483 1226 recta
1525 1198 1614 1225 cum
1658 1197 1821 1225 caesura

284 1250 551 1300 septenarium
582 1249 702 1288 habes
734 1249 826 1288 inde
858 1261 882 1287 a
912 1247 1034 1287 uerbo
1071 1248 1206 1287 talem:
1243 1247 1378 1297 itaque
1417 1246 1564 1286 excidit
1600 1246 1693 1285 ante
1731 1258 1822 1284 eum

284 1309 524 1348 uocabulum
556 1309 787 1358 iambicum,
827 1321 904 1359 quo
937 1308 1065 1347 altera
1096 1320 1189 1358 pars
1220 1319 1357 1346 uersus
1396 1306 1681 1355 antecedentis,
1720 1317 1820 1356 quae

284 1371 375 1420 post
412 1381 614 1408 caesuram
658 1369 741 1408 eius
784 1370 926 1417 restat,
970 1368 1215 1418 suppleatur.
1283 1366 1453 1405 Videtur
1490 1367 1556 1418 agi
1599 1365 1647 1403 de
1689 1364 1821 1404 reditu

285 1429 412 1468 Vlixis
433 1431 473 1467 et
492 1429 539 1467 de
559 1429 734 1467 Tiresiae
761 1430 800 1467 et
827 1427 957 1467 Circes
982 1427 1174 1466 uaticinio
1202 1421 1336 1481 (Hom.
1357 1428 1378 1465 λ
1400 1426 1631 1466 100-137
1654 1440 1681 1477 μ
1704 1420 1819 1479 140).

283 1489 360 1527 Pro
391 1490 451 1527 hic
480 1489 596 1538 posui
627 1489 684 1527 hi:
716 1489 986 1527 nominatiuus
1018 1487 1187 1538 pluralis
1216 1487 1278 1526 hic
1302 1486 1515 1526 admodum
1539 1485 1702 1524 incertis
1727 1485 1821 1524 niti-

284 1551 351 1587 tur
382 1548 620 1587 testimoniis
659 1543 774 1601 (conf
800 1547 928 1587 Neuei
965 1547 1013 1586 de
1050 1547 1189 1586 formis
1220 1546 1316 1599 ling.
1342 1546 1431 1585 Lat.
1456 1545 1498 1584 II
1525 1545 1572 1584 ed
1599 1546 1623 1583 3
1650 1558 1687 1595 p.
1715 1539 1821 1598 416)

285 1621 411 1659 neque
442 1608 571 1647 Plaut.
597 1608 738 1647 Pseud.
766 1608 850 1646 822
892 1604 980 1647 ‘hoc
1016 1607 1082 1646 hic
1123 1606 1283 1658 quidem
1320 1606 1499 1645 homines
1536 1607 1621 1644 tam
1660 1604 1821 1643 breuem

285 1668 413 1706 uitam
439 1664 590 1707 colunt'
618 1670 736 1718 aptus
762 1670 822 1707 est
848 1680 926 1718 quo
947 1668 1100 1706 nitatur
1124 1668 1241 1706 huius
1264 1667 1415 1705 formae
1440 1665 1546 1704 fides.
1592 1663 1823 1704 Subiectum

286 1729 504 1767 accusatiui
530 1740 620 1766 cum
645 1727 846 1766 infinitiuo
873 1728 933 1766 est
958 1728 1040 1766 alia
1065 1727 1160 1772 ulla,
1187 1726 1461 1777 praedicatum
1485 1725 1688 1774 offendere,
1717 1723 1823 1774 quod

286 1788 435 1827 laedere
473 1799 555 1827 esse
592 1790 698 1827 recte
736 1788 909 1838 explieat
939 1787 1103 1826 Nonius.
1165 1786 1402 1824 Ablatiuum
1438 1797 1547 1824 mare
1586 1783 1709 1823 habet
1743 1783 1821 1822 Lu-

287 1849 432 1887 cretius
456 1847 478 1886 I
506 1848 586 1886 161
635 1844 671 1886 ‘e
716 1860 824 1886 mare
867 1847 1041 1897 primum
1083 1847 1280 1895 homines,
1331 1859 1351 1884 e
1393 1847 1502 1884 terra
1544 1845 1679 1895 posset
1726 1844 1823 1882 oriri

286 1903 582 1959 squamigerum
618 1903 756 1958 genus’
794 1906 923 1945 Plaut.
945 1905 1093 1945 Cistell.
1123 1907 1176 1944 14
1217 1903 1451 1955 ‘tranquillo
1495 1901 1633 1954 mare',
1674 1903 1822 1942 Fronto

286 1981 323 2017 p.
352 1967 404 2006 51
432 1967 532 2004 med.
558 1966 597 2005 N
647 1968 688 2005 et
737 1978 834 2016 quos
884 1965 1015 2004 adfert
1064 1967 1274 2016 scriptores
1326 1963 1562 2015 Georgesius
1611 1964 1654 2002 in
1697 1963 1823 2002 lexico

286 2027 503 2064 formarum
530 2038 558 2065 s.
585 2039 624 2064 u.
649 2047 700 2052 —-
725 2025 916 2074 offendere
947 2026 988 2063 in
1021 2026 1237 2074 septenarii
1269 2025 1375 2063 exitu
1407 2025 1582 2074 positum
1614 2022 1716 2061 TRF
1747 2023 1822 2062 ine.

264 2086 360 2133 >inc.
390 2085 523 2124 140R
553 2099 590 2135 p.
620 2086 703 2124 295
738 2085 786 2123 ed
816 2086 906 2123 tert.
945 2106 1004 2112 —-
1040 2085 1207 2123 reditum
1245 2084 1378 2123 talem:
1414 2083 1530 2121 Hom.
1558 2084 1708 2134 ⁹140.
1738 2083 1819 2121 141

287 2143 405 2192 αὐτὸς
436 2139 472 2183 δ’
510 2143 551 2183 εἴ
574 2142 645 2197 πέρ
676 2158 744 2183 κεν
776 2142 940 2199 ἀλύξῃς,
979 2141 1054 2195 ὀψὲ
1085 2149 1214 2191 κακῶς
1244 2146 1359 2194 νεῖαι,
1391 2139 1526 2189 ὀλέσας
1557 2139 1635 2181 ἄπο
1673 2141 1822 2188 πάντας

287 2202 466 2256 ἑταίρους
504 2204 573 2253 qui
610 2204 684 2243 soli
718 2206 757 2243 te
794 2216 952 2254 pessum
992 2203 1189 2254 dederint,
1229 2200 1456 2253 ‘remigium
1492 2203 1682 2241 uitiosum
1712 2200 1821 2239 Itha-

288 2265 413 2303 censis
451 2263 579 2312 Vlixi,
629 2263 694 2302 eui
737 2263 870 2313 potior
920 2265 1053 2314 patria
1101 2263 1180 2302 fuit
1221 2263 1436 2302 interdicta
1478 2258 1681 2312 uoluptas'
1725 2260 1820 2299 Hor.

288 2324 402 2373 epist.
427 2323 449 2361 Ι
476 2325 513 2372 6,
541 2324 608 2362 63.
1105 2327 1108 2329 ’

411 2378 518 2422 728.
544 2383 696 2422 Nonius
717 2396 754 2433 p.
777 2384 875 2434 366,
897 2384 952 2422 30
974 2380 1139 2434 ‘Petere,
1160 2383 1281 2433 sequi.
1304 2412 1312 2420 .
1335 2413 1341 2420 .
1365 2413 1372 2420 .
1392 2381 1570 2420 Lucilius
1589 2380 1656 2419 lib.
1670 2379 1823 2419 XXVII

290 2439 451 2480 “rerum
491 2437 639 2495 (recum
669 2442 875 2481 Leidensis
899 2457 950 2481 m.
982 2437 1023 2497 1)
1057 2443 1335 2492 expliratorum
1367 2436 1444 2495 (ita
1477 2439 1822 2490 Guelferbytanus,

289 2502 355 2539 sed
381 2504 395 2540 i
421 2502 462 2540 in
486 2514 636 2551 rasura,
667 2504 760 2552 post
785 2514 830 2542 ex
853 2515 1011 2541 rasura:
1043 2503 1310 2551 explicatorem
1335 2500 1550 2550 Leidensis,
1575 2501 1824 2549 expilatorem

289 2556 546 2615 Geneuensis)
579 2593 585 2599 .
614 2592 620 2599 .
650 2593 656 2611 e
682 2559 877 2611 petam”.'
949 2562 1155 2601 Sententia
1193 2561 1358 2600 obscura
1395 2561 1471 2600 est:
1514 2559 1626 2609 loqui
1665 2559 1824 2598 uidetur

289 2620 496 2671 Penelope,
528 2633 629 2670 quae
654 2622 876 2659 Eumaeum
906 2622 1034 2660 mittit
1059 2616 1194 2676 (Hom.
1221 2637 1243 2675 ρ
1271 2621 1355 2660 508
1371 2615 1498 2674 seqq.)
1530 2621 1576 2658 ut
1601 2619 1824 2658 sciscitetur

289 2679 336 2717 de
368 2680 547 2719 mendico
580 2681 649 2730 qui
681 2682 767 2719 erat
796 2680 942 2719 Vlixes.

411 2734 518 2779 729.
550 2740 703 2778 Nonius
728 2753 766 2790 p.
795 2742 893 2789 237,
920 2741 973 2778 28
1009 2737 1186 2790 ‘Aditus,
1216 2739 1500 2790 interpellatio.
1535 2770 1542 2778 .
1571 2770 1578 2777 .
1606 2769 1614 2776 .
1645 2738 1822 2777 Lucilius

219 2813 224 2818 ·
290 2798 357 2836 lib.
382 2798 535 2836 XXVII
567 2795 688 2837 “cum
709 2831 716 2837 .
739 2830 746 2837 .
769 2831 775 2837 .
797 2796 986 2838 meam''.'
1049 2800 1195 2838 Maluit
1228 2798 1505 2838 Lachmannus
1544 2795 1698 2849 ‘pacem
1733 2810 1823 2836 cum

290 2853 412 2905 peto',
450 2858 519 2895 alii
555 2858 725 2897 forsitan
762 2859 905 2897 malint
950 2856 1053 2897 ‘cum
1091 2862 1183 2910 peto
1222 2856 1387 2909 pacem'.
1451 2858 1527 2897 Sed
1563 2869 1703 2906 pacem
1732 2859 1823 2906 peto

291 2916 492 2956 sollemnis
518 2919 577 2955 est
601 2917 766 2957 locutio:
793 2919 887 2957 conf
908 2918 1062 2957 Ennius
1083 2919 1184 2957 ΤΒΕ
1209 2920 1345 2957 incert.
1371 2919 1554 2956 incertor.
1577 2920 1632 2956 10
1660 2915 1715 2967 (p.
1737 2917 1820 2955 273

293 2974 339 3011 ed
363 2975 425 3012 III
444 2974 575 3027 Ribb.)
609 2974 710 3015 ‘tum
742 2979 1008 3016 coniecturam
1039 2979 1220 3028 postulat
1251 2991 1389 3028 pacem
1419 2980 1559 3028 petens
1590 2979 1636 3015 ut
1667 2988 1707 3015 se
1733 2975 1823 3014 edo-

1986 0 2033 36 ἐς..
