2060 3444
821 250 942 286 XXVI
965 262 1001 287 u.
1030 253 1230 287 css-687.
1722 251 1809 295 249

259 367 510 418 argenteum:
567 366 702 416 sperat
745 378 845 404 uxor
893 365 1085 404 maritum
1135 366 1369 417 argenteum
1418 366 1462 405 in
1511 367 1719 418 poculum,
1768 368 1810 406 in

260 427 518 476 calanticam,
574 427 616 465 in
673 425 870 465 eburnum
926 426 1132 476 speculum
1187 426 1398 477 pecuniam
1449 427 1810 478 suppeditaturum.

248 479 470 526 'Calantica
523 499 626 537 quae
680 487 734 526 sit
786 487 949 525 enarrat
993 485 1158 525 Seruius
1203 486 1254 526 ad
1297 486 1396 526 Aen.
1428 487 1486 526 IX
1520 489 1604 528 613
1653 485 1812 528 ‘mitrae

261 547 518 597 feminm,
556 559 656 598 quas
695 546 914 587 calanticas
952 543 1116 585 dicunt’.
1179 546 1432 597 Antiphanes
1472 546 1585 586 CAF
1611 548 1653 587 H
1683 562 1720 599 p.
1744 550 1812 599 88,

264 607 349 647 189
364 607 402 646 Κ
427 606 612 659 στίμμυν,
631 605 843 660 κατόπτρα,
863 606 1108 661 κρωβύλους,
1127 606 1416 660 κεκρυφάλους.
1466 607 1597 648 Plaut.
1618 609 1733 648 Truc.
1756 610 1810 649 52

262 665 512 719 ‘priusquam
549 682 673 707 unum
715 668 886 718 dederis,
925 669 1084 708 centum
1118 681 1219 718 quae
1251 670 1392 719 poscat
1422 670 1558 719 parat:
1591 670 1663 709 aut
1692 670 1814 720 periit

260 741 402 768 aurum
439 729 511 768 aut
547 730 746 768 conscissa
781 729 938 780 pallula
976 730 1036 768 est
1074 730 1145 768 aut
1183 731 1318 780 empta
1356 730 1504 769 ancilla
1542 731 1612 769 aut
1649 730 1813 781 aliquod

259 802 402 829 nasum
465 786 732 842 argenteum’.
820 789 978 829 Similia
1039 789 1163 828 uerba
1223 789 1422 829 finxerunt
1488 789 1631 830 Graeci
1685 792 1814 830 ueluti

260 852 608 903 καθιπποτροφεῖν
633 850 1009 904 καταζευγοτροφεῖν
1040 850 1176 890 1388113
1203 849 1240 887 V
1267 851 1335 890 43.
1367 856 1427 877 '—
1457 850 1629 891 Videtur
1660 853 1813 902 primus

260 910 405 950 dixisse
450 911 622 950 eburnus
659 910 856 961 Lucilius,
900 910 1088 950 eburatus
1125 911 1294 950 Plautus
1336 911 1551 962 scripserat
1588 911 1679 950 Aul.
1716 913 1814 962 168,

261 971 498 1011 eburneolus
532 970 610 1011 Cic.
638 971 686 1011 de
717 985 773 1012 or.
793 971 856 1010 III
883 972 980 1011 225.

381 1026 494 1072 684.
526 1032 681 1072 Nonius
706 1046 744 1083 p.
768 1033 866 1083 382,
888 1033 939 1071 31
972 1029 1157 1084 ‘Rogare,
1175 1044 1348 1083 poscere.
1399 1032 1578 1072 Lucilius
1599 1033 1667 1072 lib.
1682 1033 1815 1072 XXVI

262 1089 392 1131 “ferri
422 1123 430 1130 .
454 1124 491 1131 ..
523 1094 558 1132 si
596 1105 754 1144 quoque
787 1124 795 1132 .
818 1124 825 1132 .
847 1124 855 1132 .
886 1089 1136 1143 impetret''.’
1205 1092 1318 1132 Idem
1354 1106 1393 1143 p.
1422 1094 1527 1143 366,
1562 1095 1615 1132 21
1659 1091 1814 1134 ‘Petere

261 1152 462 1205 significat
510 1165 683 1204 poscere.
737 1185 744 1192 .
773 1184 780 1191 .
809 1185 816 1192 .
849 1153 1030 1193 Lucilius
1080 1153 1148 1192 lib.
1178 1153 1311 1192 XXVI
1366 1150 1495 1192 “ferri
1529 1186 1535 1192 .
1564 1185 1571 1192 .
1600 1186 1607 1192 .
1646 1151 1812 1205 petit”.’

259 1213 380 1253 Ferri
417 1213 520 1253 dixit
557 1227 638 1253 non
676 1215 799 1260 aeris,
839 1213 946 1264 quod
984 1227 1074 1253 aere
1112 1214 1234 1252 uilius
1277 1216 1337 1254 est
1366 1215 1538 1253 ferrum:
1570 1228 1651 1265 quo
1683 1216 1814 1267 magis

261 1275 430 1327 augetur
461 1274 655 1314 acerbitas
688 1275 893 1317 orationis.
949 1274 1149 1325 Loquitur
1179 1276 1300 1325 poeta
1326 1275 1492 1314 caelebs.
1547 1276 1582 1315 si
1601 1275 1814 1315 secubitet:

259 1336 346 1387 lege
389 1334 679 1386 lepidissimam
725 1333 926 1375 Ciceronis
971 1335 1022 1374 ad
1064 1334 1247 1374 Atticum
1289 1335 1504 1387 epistulam
1529 1335 1566 1373 V
1595 1338 1638 1375 1:
1682 1337 1816 1376 fuerat

261 1395 367 1434 inter
411 1396 598 1447 coniuges
643 1394 687 1441 Q.
712 1394 943 1435 Ciceronem
987 1396 1027 1434 et
1057 1395 1324 1447 Pomponiam
1367 1397 1506 1447 aliqua
1552 1393 1614 1435 ‘ex
1656 1398 1814 1436 ratione

263 1457 446 1507 sumptus
479 1453 678 1496 offensio':
710 1458 798 1495 rixa
829 1457 967 1496 coorta
997 1457 1040 1495 in
1065 1455 1224 1496 Arcano
1250 1458 1390 1496 narrat
1418 1457 1613 1508 postridie
1640 1456 1814 1503 Quintus

260 1515 379 1555 fratri
411 1513 499 1555 ‘nec
531 1529 663 1556 secum
694 1517 809 1556 illam
841 1517 1014 1557 dormire
1044 1517 1220 1556 uoluisse
1250 1519 1302 1568 et,
1334 1530 1425 1557 cum
1452 1517 1673 1557 discessura
1700 1520 1815 1568 esset,

261 1577 383 1616 fuisse
416 1577 622 1627 eiusmodi,
654 1577 814 1628 qualem
847 1591 920 1630 ego
951 1574 1170 1617 uidissem'.

383 1632 494 1677 686.
532 1638 688 1677 Nonius
726 1652 764 1689 p.
795 1639 869 1687 18,
904 1638 927 1676 6
970 1635 1168 1677 ‘Delirare
1211 1632 1408 1692 (delerare
1449 1637 1486 1677 G
1510 1652 1560 1677 m.
1581 1633 1629 1693 2)
1669 1641 1729 1678 est
1766 1639 1815 1678 de

262 1698 372 1737 recto
397 1697 596 1737 decedere.
633 1730 639 1736 .
656 1729 663 1736 .
681 1729 688 1736 .
709 1697 890 1738 Lucilius
909 1698 1042 1736 XXVI
1064 1695 1342 1749 “quapropter
1364 1730 1370 1737 .
1388 1730 1418 1737 ..
1439 1699 1564 1751 fungo
1585 1693 1751 1752 (fungor
1761 1694 1813 1753 G)

260 1755 508 1797 2·uberum'’.'
577 1757 783 1798 Leidensis
828 1758 974 1798 codicis
1018 1759 1309 1810 praestantiam
1353 1759 1471 1798 facile
1516 1760 1700 1810 agnoscis
1745 1761 1816 1811 qui

260 1819 382 1868 funyo
425 1819 628 1867 ruberum,
673 1817 1009 1870 Guelferbytanus
1046 1819 1397 1869 funqorruberum,
1441 1833 1462 1858 r
1505 1820 1610 1859 male
1654 1821 1814 1871 iterata,

262 1879 382 1918 sicuti
425 1878 492 1918 lib.
513 1878 651 1918 XVHI
676 1893 713 1918 u.
741 1880 825 1918 554
863 1881 1065 1929 fremiscor
1108 1891 1170 1918 eso
1213 1879 1438 1929 Leidensis,
1481 1881 1682 1928 fruniscor
1726 1893 1815 1935 reyo

264 1938 611 1990 Guelferbytanus.
688 1939 948 1979 Scribendum
993 1952 1076 1979 esse
1129 1941 1276 1989 fungor
1325 1940 1491 1980 liberum
1541 1940 1815 1980 demonstraui

262 1999 362 2039 Mus.
382 1999 509 2038 Rhen.
529 1999 620 2039 XLI
643 2001 756 2039 1886
783 2014 822 2051 p.
844 2000 928 2039 549
957 2001 1052 2051 quia
1077 2000 1183 2039 idem
1202 2001 1359 2051 positus
1379 2001 1586 2040 inuenitur
1604 1998 1814 2052 genetiuu's

262 2061 304 2099 in
348 2061 457 2099 exitu
500 2073 688 2099 uersuum
725 2060 849 2099 Ennii
888 2062 973 2100 362
1013 2060 1128 2100 Accii
1170 2062 1236 2100 79.
1277 2062 1361 2100 376
1384 2062 1419 2100 R
1460 2062 1617 2100 Terent.
1645 2061 1815 2113 Adelph.

266 2121 348 2160 793
383 2121 535 2172 Turpil.
564 2121 619 2160 54
639 2121 692 2160 R:
730 2122 828 2160 item
866 2121 973 2173 apud
1014 2121 1228 2160 Afranium
1268 2122 1350 2161 361
1374 2121 1410 2159 R
1446 2122 1597 2174 legitur
1630 2119 1815 2162 ‘maiores

264 2182 390 2220 uestri
413 2181 682 2232 incupidiores
708 2181 880 2220 liberum
905 2178 1061 2221 Fuere'.
1111 2181 1225 2221 Adde
1252 2182 1359 2233 quod
1386 2181 1464 2221 Cic.
1487 2181 1552 2221 Or.
1577 2183 1660 2221 155
1688 2183 1817 2222 tradit

263 2241 312 2280 de
349 2242 514 2280 liberum
551 2237 756 2294 genetiuo:
796 2239 891 2281 ‘non
929 2242 1028 2281 dicit
1065 2243 1248 2289 liberum,
1291 2244 1340 2282 ut
1379 2243 1561 2293 plerique
1598 2243 1815 2294 loquimur,

265 2314 355 2340 cum
399 2302 560 2350 cupidos
603 2302 769 2341 liberum
813 2304 885 2341 aut
926 2304 970 2341 in
1014 2303 1178 2342 liberum
1222 2303 1300 2341 loco
1339 2303 1525 2352 dicimus,
1570 2303 1639 2343 sed
1670 2305 1717 2343 ut
1748 2303 1817 2343 isti

264 2358 423 2408 uolunt’
462 2361 487 2401 i.
508 2375 539 2400 8.
572 2361 799 2401 liberorum.
867 2362 979 2402 Idem
1024 2362 1161 2402 eodem
1199 2375 1303 2402 anno
1341 2364 1513 2414 protulit
1550 2363 1816 2403 Baehrensius

264 2421 363 2460 FPL
394 2435 432 2472 p.
462 2422 566 2472 213,
611 2422 695 2462 502
747 2435 875 2473 neque
926 2424 1061 2462 tamen
1107 2423 1306 2463 Mercerus
1357 2424 1510 2474 primus
1559 2423 1602 2462 id
1653 2425 1818 2469 liberum

266 2482 497 2534 genetiuum
539 2482 635 2533 poni
678 2483 826 2533 uoluit,
870 2483 957 2533 sed,
1001 2484 1047 2523 ut
1084 2483 1231 2523 diserte
1270 2485 1433 2535 exponit
1470 2483 1511 2522 in
1548 2485 1654 2524 notis
1692 2498 1730 2536 p.
1759 2485 1814 2523 94

266 2542 358 2581 edit
388 2543 516 2593 1614,
548 2542 812 2583 adiectiuum:
845 2543 983 2583 eodem
1013 2544 1132 2583 modo
1165 2543 1300 2595 posuit
1331 2545 1496 2583 liberum
1525 2542 1719 2595 Corpetus
1747 2546 1817 2595 qui

267 2602 425 2653 scripsit
469 2604 607 2653 cupide
659 2604 778 2643 sicuti
822 2603 1031 2644 Mercerus.
1112 2605 1300 2644 Imitatus
1352 2617 1436 2644 esse
1484 2604 1647 2644 uidetur
1695 2606 1816 2655 poeta

265 2663 477 2702 Menandri
525 2663 776 2716 Misogynem
836 2662 950 2703 CAF
980 2664 1044 2703 ΙΠ
1074 2678 1112 2715 p
1142 2666 1216 2714 94,
1256 2665 1340 2704 325
1362 2664 1399 2703 Κ
1448 2663 1550 2718 γυνὴ
1601 2664 1816 2739 πρλυτελής

267 2717 339 2761 ἐστ’
374 2720 554 2775 ὀχληρόν,
587 2718 674 2763 οὐδ’
710 2721 755 2779 ἐᾷ
787 2724 859 2776 ζῆν
891 2722 960 2763 τὸν
992 2719 1157 2776 λαβόνθ’
1192 2722 1246 2773 ὡς
1281 2722 1448 2777 βούλετ’.
1512 2720 1591 2764 ἀλλ’
1625 2723 1752 2764 ἔνεστί
1780 2740 1817 2764 τι

267 2779 425 2834 ἀγαθὸν
445 2777 520 2821 ἀπ’
555 2781 689 2834 αὐτῆς,
719 2783 876 2831 παῖδες·
908 2778 1059 2823 ἐλθόντ’
1095 2783 1151 2832 εἰς
1181 2784 1304 2825 νόσον
1336 2781 1366 2837 †
1397 2783 1466 2825 τὸν
1498 2783 1635 2837 ἔχοντα
1666 2785 1815 2837 ταύτην

267 2839 534 2895 ἐθεράπευσεν
550 2840 753 2894 ἐπιμελῶς,
773 2840 982 2895 ἀτυχοῦντι
994 2841 1321 2897 συμπαρέμεινεν,
1340 2842 1601 2884 ἀποθανόντα
1614 2858 1652 2884 τε
1667 2843 1810 2895 ἔθαψε.

389 2896 500 2942 687.
532 2902 688 2941 Nonius
720 2916 759 2953 p.
781 2903 880 2952 381,
907 2904 961 2942 23
991 2900 1170 2943 ‘Referre
1196 2904 1396 2956 significat
1420 2905 1596 2972 perferre
1621 2899 1817 2958 (proferre

268 2955 582 3015 Lachmannus),
606 2962 794 3001 indicare.
822 2995 829 3002 .
870 2962 1082 3003 .Lucilius
1107 2963 1175 3002 lib.
1195 2961 1527 3014 XXV1“quo‹1
1516 2977 1550 3003 1s
1572 2966 1818 3014 intellegebar

271 3018 530 3074 (intellegebat
558 3016 717 3076 Iunius)
743 2993 871 3073 posse,
897 3023 948 3062 ad
975 3017 1053 3077 (ita
1078 3024 1117 3062 L
1142 3036 1192 3063 m.
1215 3027 1238 3063 1
1272 3024 1380 3063 haud
1406 3024 1443 3062 L
1469 3037 1519 3064 m.
1539 3019 1640 3079 264)
1666 3038 1816 3076 paucos
