2060 3444
904 282 920 318 1
944 294 980 318 u.
1008 285 1111 318 3—8.
1753 279 1780 323 5

233 400 304 453 qui
334 399 444 439 ducis
475 399 664 447 seruauit,
695 397 798 437 illud
821 399 866 437 im
890 397 1006 438 rebus
1031 397 1146 436 nulla
1171 397 1252 437 alia
1278 396 1326 436 de
1352 407 1473 435 causa
1498 395 1635 436 omisit
1660 406 1782 446 quam

234 459 340 511 quod
371 472 451 499 non
483 459 618 510 potuit
647 458 894 510 intellegere.
958 455 1072 503 Quod
1105 457 1257 497 codices
1296 457 1477 508 plerique
1515 456 1627 496 ducis
1664 454 1781 495 omit-

232 521 343 570 tunt,
380 519 422 559 id
454 519 593 559 eadem
625 519 672 558 de
705 530 825 558 causa
855 518 1008 557 factum
1040 529 1124 557 esse
1155 517 1345 557 arbitror:
1384 529 1479 555 nam
1516 516 1627 556 ducis
1664 527 1782 556 uoca-

232 580 372 620 bulum
404 579 512 632 quod
542 580 610 619 uix
642 580 748 619 recte
780 578 970 618 defendas
1001 578 1089 617 loco
1123 576 1201 617 Cic.
1228 577 1276 617 de
1302 590 1358 617 or.
1384 576 1446 615 ΠΙ
1473 577 1528 615 63
1566 576 1783 616 admodum

233 641 446 681 obscurum
483 641 545 680 est
583 642 623 679 et
660 639 840 689 difficile,
883 639 932 678 ut
970 639 1143 691 glossam
1182 650 1266 678 esse
1308 637 1465 676 librarii
1508 637 1619 676 nullo
1663 636 1782 676 modo

232 701 362 753 possit
398 700 514 741 credi.
578 700 694 739 Vnde
731 699 993 750 archetypum
1029 698 1260 749 praebuisse
1299 698 1473 737 arbitror
1506 697 1618 746 Lupi
1653 699 1783 737 cuius-

234 761 327 802 dam
358 762 470 802 ducis
499 762 543 801 in
574 761 700 800 rebus.
763 761 890 800 Ducis
921 758 1162 799 uocabulum
1194 759 1429 809 corruptum
1461 769 1545 797 esse
1583 758 1702 797 sicuti
1740 758 1783 797 in

232 822 349 862 rebus
386 823 596 862 senserunt
634 820 780 861 codicis
818 818 1127 870 Guelferbytani
1163 818 1351 858 librarius
1389 819 1492 858 teste
1523 818 1668 868 Lione,
1713 819 1783 868 qui

232 882 380 922 habeat
409 883 565 927 iudicis,
598 883 638 921 et
662 881 880 920 Masuicius
914 879 983 930 qui
1002 879 1109 919 idem
1134 879 1375 919 uocabulum
1405 879 1513 918 recte
1538 879 1783 918 restituerit:

233 942 342 994 quod
372 941 709 993 Guelferbytanus
740 954 813 992 pro
848 942 891 980 in
927 941 1044 980 rebus
1081 941 1218 991 posuit
1253 941 1312 979 rei
1348 940 1580 991 genetiuum
1618 939 1783 989 quintae

232 1005 279 1042 ut
310 1003 453 1055 opinor
483 1002 780 1052 declinationis,
817 1001 860 1040 id
892 1002 1160 1041 commentum
1195 1013 1280 1041 esse
1315 999 1613 1051 ineptissimum
1650 1000 1783 1050 quiuis

232 1063 353 1103 facile
383 1062 582 1103 concedet.
645 1062 732 1114 Ego
763 1061 865 1101 nihil
901 1060 1035 1113 aptius
1072 1062 1210 1100 inueni
1247 1073 1371 1112 quam
1406 1060 1510 1099 illud
1548 1059 1653 1110 quod
1691 1072 1783 1111 pro-

230 1123 348 1175 posui
375 1123 477 1163 stud.
504 1123 630 1163 Lucil.
656 1137 694 1173 p.
723 1123 778 1161 62
811 1123 858 1162 de
885 1123 1046 1162 interitu
1071 1122 1183 1171 Lupi
1207 1122 1416 1162 cuiusdam
1438 1120 1584 1160 iudicis
1608 1121 1784 1169 inprobi:

230 1197 327 1224 nam
375 1185 543 1224 iudicem
585 1183 744 1235 Lupum
795 1196 819 1221 a
861 1182 1019 1222 Lucilio
1070 1182 1335 1222 acerbissimis
1383 1180 1565 1222 uersibus
1614 1180 1785 1221 lacerari

232 1245 462 1284 etiamnunc
506 1245 674 1295 apparet
716 1243 810 1282 libri
841 1242 1017 1281 XXVIII
1047 1256 1113 1282 uu.
1149 1243 1233 1282 784
1246 1255 1353 1294 seqq.
1428 1242 1489 1281 De
1526 1240 1571 1281 L.
1599 1239 1783 1281 Cornelio

230 1304 403 1345 Lentulo
434 1304 549 1355 Lupo
580 1304 673 1343 uide
703 1304 881 1356 prolegg.
908 1317 946 1354 p.
972 1302 1152 1343 XXXVI.

352 1360 398 1406 4.
430 1364 596 1404 Seruius
623 1367 760 1404 auctus
788 1366 828 1403 et
853 1363 1016 1403 Seruius
1044 1363 1095 1404 ad
1119 1363 1319 1403 Aeneidos
1345 1363 1402 1402 IX
1430 1364 1513 1402 227
1544 1359 1783 1407 ‘Consilium

232 1426 397 1466 summis
427 1427 543 1478 regni
574 1425 621 1464 de
653 1425 770 1464 rebus
807 1424 1020 1464 habebant.
1082 1424 1274 1470 Summis,
1311 1426 1446 1463 utrum
1483 1424 1687 1469 maximis,
1728 1435 1783 1462 cm

232 1487 335 1536 quod
362 1486 564 1535 putabcmt
600 1498 665 1526 eas
702 1486 746 1524 in
790 1487 954 1525 extremo
992 1485 1116 1524 sitas?
1162 1487 1197 1524 et
1240 1487 1295 1525 est
1329 1483 1477 1523 Lucilii
1522 1496 1659 1523 uersus
1702 1496 1783 1523 uno

230 1548 391 1587 tantum
423 1559 602 1586 sermone
634 1546 809 1585 mutato:
841 1558 935 1584 nam
966 1546 1036 1584 ille
1069 1546 1129 1585 ait
1161 1542 1404 1586 “consilium
1427 1576 1433 1582 .
1457 1575 1464 1583 .
1487 1575 1495 1583 .
1518 1540 1783 1583 habebant''.'

233 1606 343 1654 Quae
375 1609 469 1646 ante
499 1607 605 1646 hunc
635 1621 673 1646 u.
707 1605 934 1657 exposuerit
964 1605 1155 1656 Lucilius,
1189 1606 1399 1657 intelleges
1431 1605 1590 1644 conlato
1623 1606 1784 1643 saturae

233 1667 406 1707 Senecae
443 1667 602 1706 exordio
642 1663 763 1714 ‘Quid
802 1667 937 1705 actum
975 1667 1029 1706 sit
1065 1666 1107 1704 in
1153 1666 1263 1705 caelo
1309 1668 1401 1705 ante
1439 1665 1545 1704 diem
1575 1664 1647 1703 III.
1692 1665 1783 1704 idus

233 1727 416 1768 Octobris
449 1740 553 1766 anno
585 1740 703 1776 nouo,
734 1727 851 1765 initio
885 1726 1034 1766 saeculi
1064 1726 1298 1776 felicissimi,
1330 1726 1423 1765 uolo
1455 1726 1671 1764 memoriae
1701 1726 1783 1764 tra-

233 1785 354 1828 dere’.
421 1788 476 1826 Di
512 1787 665 1827 scilicet
702 1799 838 1826 omnes
876 1786 1088 1826 consilium
1125 1786 1291 1826 summis
1329 1786 1537 1825 hominum
1575 1785 1622 1824 de
1665 1785 1783 1825 rebus

231 1848 444 1888 habebant.
494 1847 643 1887 Versus
675 1847 808 1898 potius
841 1846 891 1886 ab
923 1847 1094 1899 utroque
1125 1848 1247 1898 poeta
1279 1846 1330 1886 ad
1362 1845 1667 1887 similitudinem
1695 1859 1782 1886 uer-

233 1921 300 1948 sus
333 1908 509 1948 Enniani
540 1908 708 1948 alicuius
741 1908 801 1947 est
831 1907 973 1947 factus.

355 1963 399 2010 5.
450 1968 652 2019 Interpres
707 1967 948 2007 Veronensis
1009 1967 1198 2007 Aeneidis
1242 1967 1321 2005 XII
1355 1967 1441 2007 680
1491 1980 1528 2018 p.
1568 1967 1675 2018 449,
1705 1966 1783 2006 9Η

287 2060 295 2068 .
324 2060 332 2068 .
358 2029 451 2079 ique
485 2025 737 2080 “amplius²',
775 2028 818 2067 id
855 2029 916 2067 est
953 2028 1117 2077 diutius,
1154 2028 1335 2067 ulterius.
1397 2026 1524 2066 Lucil.
1559 2024 1671 2078 “quo
1711 2039 1780 2078 po—

232 2090 372 2140 pulum
393 2088 523 2139 adque
551 2089 689 2128 urbem
707 2091 846 2138 pactos
871 2101 1031 2128 seruare
1057 2089 1227 2139 petisset
1247 2119 1255 2127 .
1277 2119 1284 2126 .
1307 2084 1379 2126 .''.’
1430 2087 1558 2127 Iulius
1578 2087 1691 2126 Rom.
1719 2100 1782 2139 ap.

234 2149 459 2189 Charisium
486 2148 554 2188 GL
573 2149 594 2188 I
624 2163 662 2200 p.
694 2149 790 2198 195,
813 2149 885 2188 ΘΚ
914 2145 1127 2199 ‘Amplius
1153 2148 1332 2188 Lucilius
1362 2150 1591 2187 saturarum
1616 2147 1636 2186 I
1670 2144 1783 2198 “quo

225 2213 390 2259 pactum
417 2201 612 2260 p'opulum
637 2210 759 2260 atque
784 2209 925 2249 urbem
950 2222 1112 2249 seruare
1130 2210 1290 2258 potissit
1314 2209 1487 2259 amplius
1512 2204 1783 2248 romanam''.'

232 2270 502 2310 Veronensem
535 2270 792 2310 scholiastam
822 2269 970 2309 rectius
1003 2270 1125 2308 uerba
1155 2271 1300 2320 poetae
1332 2282 1454 2320 quam
1478 2269 1704 2308 Romanum
1736 2269 1784 2308 de

234 2344 311 2381 quo
349 2331 445 2370 conf
477 2331 655 2382 prolegg.
687 2343 726 2380 p.
752 2330 881 2369 LXIX
918 2342 1097 2370 seruasse
1135 2330 1335 2369 euincitur
1372 2329 1510 2368 ordine
1550 2329 1783 2368 uerborum:

232 2391 512 2442 imperfectum
543 2390 789 2430 coniunctiui
814 2392 978 2440 potisset
1007 2390 1097 2429 ideo
1128 2389 1380 2441 probandum
1412 2391 1472 2429 est
1511 2390 1617 2440 quod
1654 2390 1784 2428 forma

233 2452 323 2502 ipsa
356 2452 547 2491 remotior
584 2465 608 2490 a
646 2451 930 2491 consuetudine
969 2452 1010 2489 et
1040 2465 1078 2489 u.
1109 2452 1131 2488 7
1171 2451 1322 2502 legitur
1353 2450 1586 2500 protolleret.
1650 2449 1783 2488 Verba

233 2523 314 2550 non
345 2512 439 2550 sunt
464 2511 529 2550 dei
556 2511 725 2550 alicuius
752 2511 1022 2551 contionantis
1049 2510 1118 2550 sed
1142 2511 1285 2561 poetae
1310 2510 1532 2550 narrantis:
1563 2509 1655 2549 uide
1681 2513 1783 2561 quae

235 2571 518 2611 adnotauimus
551 2571 602 2610 ad
632 2585 698 2610 uu.
727 2573 764 2611 7.
793 2573 831 2610 8.

357 2626 401 2672 ’7.
431 2631 587 2671 Nonius
618 2645 657 2682 p.
687 2631 784 2681 159,
807 2633 860 2671 22
890 2628 1127 2671 ‘Protollere
1157 2632 1217 2671 est
1242 2630 1412 2670 differre.
1469 2630 1648 2670 Lucilius
1674 2631 1783 2682 saty-

234 2704 372 2731 rarum
401 2691 469 2731 lib.
496 2691 518 2731 I
550 2689 617 2732 “si
639 2723 645 2730 .
668 2724 675 2732 .
698 2723 705 2730 .
727 2692 778 2731 ad
809 2693 979 2731 iustrwm
999 2722 1007 2731 .
1028 2722 1037 2730 .
1058 2722 1067 2731 .
1086 2688 1275 2731 unum''.'
1338 2690 1441 2731 Vide
1480 2690 1531 2730 ad
1555 2704 1593 2730 u.
1622 2691 1660 2730 8.
1722 2690 1782 2730 De

236 2755 278 2790 at
308 2751 508 2803 particula
537 2754 631 2804 post
660 2754 697 2791 si
726 2763 807 2791 non
837 2751 1031 2802 usurpata
1062 2752 1157 2791 conf
1178 2751 1373 2804 Draegeri
1404 2751 1586 2802 exempla
1617 2751 1660 2789 in
1691 2763 1783 2802 syn-

234 2812 320 2851 taxi
350 2812 443 2851 hist.
468 2812 564 2864 ling.
591 2811 635 2851 L.
669 2805 782 2866 (edit.
809 2806 869 2866 II)
895 2811 937 2850 II
967 2825 1003 2862 p.
1034 2812 1132 2861 113,
1153 2812 1190 2851 6.

358 2866 403 2912 8.
435 2871 591 2912 Nonius
622 2886 660 2922 p.
688 2873 788 2921 497,
810 2874 866 2911 10
900 2869 1180 2912 ‘Accusatiuus
1212 2873 1367 2923 positus
1398 2884 1471 2922 pro
1500 2870 1692 2910 ablatiuo.
1714 2903 1722 2912 .
1744 2901 1782 2912 ..

236 2931 414 2971 Lucilius
447 2932 676 2983 satyrarum
702 2931 772 2971 lib.
795 2931 818 2979 I
851 2929 1028 2971 “munus
1049 2962 1058 2971 .
1079 2962 1087 2971 .
1109 2962 1117 2970 .
1130 2928 1346 2981 possint''.'
1401 2930 1674 2971 Consocianda
1699 2944 1783 2971 esse

235 2992 317 3031 tria
346 2991 426 3031 ista
457 2992 685 3043 fragmenta
711 2986 768 3046 (u.
796 2986 933 3046 5—8)
964 2991 1179 3032 uerborum
1208 2991 1403 3042 probatur
1428 2993 1469 3031 et
1493 2993 1783 3032 sententiarum

237 3051 511 3092 similitudine.
575 3052 705 3098 Quare
742 3065 832 3091 cum
863 3052 1039 3092 Mercero
1070 3054 1262 3105 petissent
1297 3066 1378 3092 non
1407 3053 1595 3102 potissimi
1629 3054 1672 3091 in
1709 3053 1784 3092 hoc
