2060 3444
806 265 924 301 XXIX
950 277 985 302 u.
1013 269 1214 302 804-806.
1700 263 1788 307 283

239 379 518 420 tantummodo
550 379 776 419 ablatiuum
808 391 943 419 casum
974 379 1094 419 huius
1127 379 1299 419 nominis
1331 379 1439 430 apud
1471 378 1658 430 antiquos
1694 380 1787 419 scri-

239 442 374 491 ptores
410 440 596 479 inueniri.
664 439 805 480 Posuit
836 439 1012 487 *Plautus
1051 440 1092 478 in
1139 452 1276 480 uersus
1318 441 1425 478 exitu
1459 439 1484 478 1.
1517 452 1547 479 s.
1580 439 1739 479 schema
1771 453 1790 479 c

239 501 434 551 correpta,
466 499 717 539 Achaeorum
749 501 910 539 secutus
942 499 1161 539 dialectum
1193 511 1283 539 cum
1310 499 1534 550 Hesychius
1561 513 1589 539 s.
1610 513 1647 539 u.
1669 497 1789 552 σχὲμα

239 560 380 600 doceat
410 559 591 600 Achaeos
629 561 688 599 ita
725 561 879 600 locutos
920 573 993 612 pro
1031 565 1180 613 σχῆμα,
1218 561 1359 600 contra
1396 559 1575 612 legitime
1610 560 1788 600 Naeuius

240 620 342 660 TRF
371 622 422 661 31
459 620 552 660 edit.
581 622 605 660 3
641 616 852 661 ‘Bacchico
879 634 969 660 cum
995 617 1225 670 schemate’3
1251 620 1387 659 Plauti
1413 620 1638 670 exemplum
1664 622 1790 660 secuti

240 694 324 721 esse
349 681 539 720 uidentur
566 680 761 720 Caecilius
789 676 877 734 (57.
908 682 960 720 76
976 681 1011 720 R
1037 681 1130 720 edit.
1159 675 1204 735 3)
1230 681 1475 731 Pomponius
1499 681 1595 720 150.
1634 680 1789 720 Medius

239 743 346 780 inter
381 741 573 781 Plautum
617 743 658 780 et
693 741 896 781 Naeuium
939 743 982 780 in
1026 741 1100 780 hoc
1143 754 1218 781 usu
1263 743 1345 781 stat
1375 739 1579 780 Lucilius.
1641 740 1790 780 Versus

238 801 401 841 uidetur
445 804 624 852 spectare
667 802 847 842 Atticam
891 802 1094 852 quandam
1138 801 1402 841 comoediam:
1447 802 1543 840 conf
1577 801 1697 841 Isocr.
1743 801 1790 840 de

241 862 411 902 antidos.
441 863 521 901 181
559 862 606 901 de
639 864 727 902 arte
758 862 1032 913 paedotribica
1064 856 1113 914 ἧς
1144 859 1170 914 ἡ
1202 859 1449 915 γυμναστικὴ
1482 859 1598 915 μέρος
1623 859 1706 901 ἐστί
1722 893 1729 900 .
1753 893 1759 900 .
1783 893 1789 899 .

239 920 402 963 ε’πειὸὰν
438 921 512 976 γὰρ
551 921 699 975 λάβωσι
731 922 934 974 μαθητάς,
973 922 1015 962 οἵ
1049 920 1120 974 μὲν
1157 922 1408 975 παιδοτρίβαι
1446 920 1492 961 τὰ
1530 921 1708 974 σχήματα
1744 920 1791 961 τὰ

240 981 340 1036 πρὸς
371 981 444 1034 τὴν
476 980 653 1036 ἀγωνίαν
684 981 882 1036 εὑρημένα
914 981 1005 1031 τοὺς
1038 988 1261 1033 φοιτῶντας
1299 981 1575 1022 διδάσκουσινε
1616 982 1664 1022 de
1702 982 1789 1034 pul·

236 1043 467 1083 >claritudine
499 1044 745 1083 schematum
773 1043 850 1083 Cic.
878 1043 943 1082 Or.
973 1044 1056 1082 228
1092 1040 1154 1082 ‘ut
1179 1043 1284 1083 enim
1314 1042 1487 1082 athletas
1515 1074 1522 1081 .
1545 1074 1553 1082 .
1574 1074 1582 1081 .
1609 1042 1791 1082 uidemus

242 1103 343 1143 nihil
374 1117 446 1143 nec
477 1104 646 1144 uitando
677 1104 808 1143 facere
847 1106 963 1143 caute
1001 1116 1072 1143 nec
1110 1103 1283 1155 petendo
1321 1103 1593 1153 uehementer,
1631 1103 1673 1142 in
1711 1117 1791 1154 quo

242 1176 322 1203 non
353 1166 485 1204 motus
515 1165 580 1203 hic
610 1164 759 1204 habeat
795 1164 1041 1214 palaestram
1079 1164 1298 1215 quandam,
1335 1165 1385 1202 ut
1422 1163 1612 1215 quicquid
1650 1163 1693 1203 in
1730 1163 1791 1202 his

241 1224 359 1264 rebus
389 1224 464 1263 fiat
493 1225 651 1263 utiliter
682 1225 734 1264 ad
763 1237 960 1276 pugnam,
998 1224 1104 1263 idem
1142 1224 1194 1263 ad
1228 1225 1435 1275 aspectum
1473 1224 1595 1263 etiam
1633 1225 1687 1264 sit
1723 1237 1791 1263 ue-

241 1282 438 1334 nustum'3
477 1285 524 1324 de
556 1298 610 1324 or.
637 1285 699 1324 III
727 1287 813 1325 200
853 1282 1205 1335 ‘quemadmodum
1243 1286 1313 1335 qui
1351 1286 1524 1324 utuntur
1561 1285 1682 1324 armis
1721 1286 1793 1323 aut

242 1345 446 1396 palaestra
472 1358 550 1384 non
577 1346 708 1384 solum
734 1345 811 1384 sibi
836 1345 994 1384 uitandi
1020 1347 1091 1384 aut
1116 1345 1291 1384 feriundi
1316 1345 1514 1384 rationem
1540 1357 1624 1384 esse
1643 1345 1791 1384 haben-

243 1405 335 1445 dam
366 1407 524 1456 putent,
555 1406 623 1445 sed
655 1405 777 1444 etiam
808 1408 854 1445 ut
886 1419 974 1445 cum
1007 1407 1220 1444 uenustate
1246 1402 1513 1445 moneantur’.
1536 1427 1590 1432 -—-
1613 1407 1793 1456 antiquo,

243 1466 338 1505 conf
358 1465 504 1505 Athen.
530 1466 624 1505 XIV
650 1479 687 1517 p.
717 1467 801 1505 629
817 1466 868 1504 B:
895 1465 973 1506 ἔστι
1000 1463 1041 1505 δὲ
1067 1463 1134 1504 καὶ
1160 1463 1208 1504 τὰ
1231 1470 1311 1505 τῶν
1337 1463 1510 1518 ἀρχαίων
1537 1466 1793 1518 δημιουργῶν

243 1524 446 1578 ἀγάλματα
476 1531 547 1578 τῆς
577 1529 746 1574 παλαιᾶς
779 1523 976 1580 ὀρχήσεως
1007 1525 1193 1576 λείψανα·
1226 1524 1288 1565 διὸ
1321 1524 1387 1565 καὶ
1419 1523 1588 1577 συνέστη
1620 1524 1667 1565 τὰ
1695 1524 1793 1565 κατὰ

243 1585 318 1637 τὴν
348 1585 598 1638 χειρονομίαν
630 1584 929 1639 ἐπιμελεστέρως
961 1585 1026 1626 διὰ
1058 1585 1208 1638 ταύτην
1239 1584 1312 1638 τὴν
1338 1585 1480 1626 αἰτίαν.
1530 1584 1694 1637 ἐζήτουν
1718 1584 1793 1639 γὰρ

245 1643 321 1686 κᾶν
352 1645 473 1702 ταύτῃ
505 1645 680 1698 κινήσεις
711 1645 834 1694 καλὰς
865 1645 932 1686 καὶ
963 1644 1230 1698 ἐλευθερίους,
1261 1644 1305 1686 ἒν
1336 1649 1390 1702 τῷ
1421 1639 1466 1686 εὖ
1492 1644 1534 1687 τὸ
1561 1643 1659 1700 μέγα
1684 1658 1793 1700 περι-

245 1705 530 1758 λαμβάνοντες·
568 1704 635 1745 καὶ
665 1705 711 1746 τὰ
743 1706 920 1759 σχήματα
952 1704 1166 1759 μετέφερον
1198 1704 1387 1746 ἐντεῦθεν
1418 1705 1475 1754 εἰς
1505 1705 1598 1754 τοὺς
1636 1705 1793 1760 χόρους,

244 1764 288 1806 ἐκ
319 1763 362 1806 δὲ
393 1771 473 1806 τῶν
503 1772 631 1820 χορῶν
661 1766 718 1815 εἰς
748 1765 842 1815 τοὺς
873 1766 1146 1819 παλαίστρας.Ἰ

366 1821 477 1866 805.
510 1827 667 1867 Nonius
700 1841 740 1878 p.
768 1828 866 1873 248,
894 1828 919 1866 8
960 1824 1152 1877 ‘Bellum,
1197 1827 1376 1878 elegans,
1420 1827 1564 1866 melius
1607 1827 1793 1877 prudens.

245 1886 423 1926 Lucilius
449 1887 518 1926 lib.
538 1887 734 1927 XXVIII]
761 1884 967 1927 “aetatem
989 1919 997 1926 .
1020 1918 1027 1925 .
1050 1919 1057 1926 .
1077 1884 1257 1939 putas''.'
1303 1887 1427 1926 Aetas
1453 1887 1575 1939 longa
1599 1888 1794 1940 magistra

247 1947 365 1987 Ouid.
391 1947 540 1987 heroid.
567 1947 603 1985 V
632 1949 705 1987 96:
752 1944 905 1987 ‘credas
944 1944 1110 1986 bonnm'
1150 1947 1304 1999 opinor,
1342 1949 1650 1987 antecesserunt.
1700 1947 1795 1987 Alia

247 2007 538 2060 significatione
572 2004 698 2048 ‘aetas
728 2005 841 2048 tulit'
876 2008 1032 2047 Terent.
1061 2007 1183 2047 Andr.
1212 2008 1317 2047 443:
1356 2008 1479 2047 simili
1510 2006 1678 2059 Adelph.
1707 2008 1792 2047 855

249 2065 493 2119 ‘Numquam
532 2068 592 2108 ita
629 2068 841 2119 quisquam
878 2062 996 2108 bene'
1016 2068 1212 2108 subducta
1248 2069 1404 2108 ratione
1442 2068 1494 2107 ad
1534 2068 1662 2108 uitam
1705 2068 1794 2117 fuit,

247 2129 347 2179 quin
375 2141 439 2168 res
472 2130 582 2169 aetas
613 2141 710 2168 usus
741 2141 896 2179 semper
927 2129 1082 2179 aliquid
1107 2129 1294 2180 adportet
1318 2125 1442 2168 noui’:
1475 2129 1570 2168 conf
1590 2128 1658 2167 lib.
1685 2128 1793 2168 XXX

246 2202 284 2227 u.
314 2189 440 2228 1054.

369 2244 482 2289 806.
514 2249 668 2288 Nonius
699 2263 737 2300 p.
765 2250 863 2299 436,
891 2251 943 2288 31
981 2245 1205 2301 ‘Cupiditas
1238 2250 1279 2288 et
1309 2248 1454 2299 cupido
1487 2248 1644 2288 diuersa
1683 2238 1794 2288 sunt:

166 2335 170 2340 -
248 2322 342 2348 nam
380 2308 579 2360 cupiditas
616 2308 744 2348 leuior
787 2311 859 2349 est.
926 2309 1104 2349 Lucilius
1141 2308 1210 2348 lib.
1239 2309 1432 2349 XVIIII
1473 2306 1704 2360 “cupiditas
1749 2322 1795 2348 ex

248 2370 412 2414 homine,
443 2369 584 2418 cupido
615 2381 661 2408 ex
691 2370 805 2408 stulto
837 2382 1056 2420 numquam
1086 2366 1292 2419 tollitur’'‚
1331 2369 1439 2420 quod
1471 2369 1670 2420 cupiditas
1701 2382 1795 2421 pars

249 2428 446 2480 quaedam
472 2429 525 2468 sit
550 2429 811 2480 temperatior
836 2429 1011 2469 defluens
1037 2443 1083 2468 ex
1110 2426 1322 2480 cupidine'.
1366 2429 1488 2468 Libro
1509 2429 1666 2468 XXIX
1688 2430 1794 2469 recte

249 2488 442 2529 adscribit
478 2489 776 2529 Lachmannus:
814 2490 920 2529 idem
957 2490 1127 2530 adnotat
1165 2486 1337 2529 ‘Nonius
1377 2486 1533 2529 delirat'
1579 2489 1796 2541 scribitque

250 2553 285 2589 et
319 2551 445 2588 stulto.
507 2549 564 2588 At
599 2550 754 2590 Nonius
792 2551 876 2589 sine
914 2549 1035 2590 dubio
1072 2550 1232 2601 scripsit
1269 2550 1410 2599 cupido
1449 2562 1494 2589 ex
1530 2551 1645 2589 stulto
1682 2562 1794 2589 num-

250 2621 370 2658 quam
406 2610 553 2649 tollitur
589 2609 708 2650 sicuti
745 2623 791 2650 ex
830 2611 914 2650 eius
952 2610 1204 2650 enarratione
1242 2610 1508 2662 intellegitur:
1552 2622 1681 2660 neque
1724 2612 1796 2658 est,

251 2669 358 2720 quod
395 2670 604 2721 deceptum
642 2684 733 2710 eum
776 2683 848 2710 sua
891 2670 1068 2710 stultitia
1111 2671 1251 2720 cupido
1295 2670 1539 2710 adiectiuum
1583 2670 1794 2710 credidisse

253 2728 491 2768 arbitremur
520 2742 594 2781 pro
622 2730 887 2780 substantiuo,
918 2730 1008 2770 ideo
1036 2730 1143 2782 quod
1167 2730 1220 2779 id,
1253 2730 1359 2781 quod
1383 2731 1490 2769 recte
1514 2730 1710 2769 traditum
1736 2732 1797 2769 est

253 2800 299 2828 cx
329 2789 443 2828 stulto
474 2791 566 2841 post
596 2789 698 2828 illud
729 2802 776 2829 ex
805 2791 957 2830 homme
988 2791 1129 2840 cupido
1161 2790 1335 2841 positum
1367 2790 1581 2829 admodum
1618 2790 1795 2841 languet.

252 2848 395 2899 Itaque
425 2849 611 2888 lacunam
643 2850 898 2889 statuendam
929 2862 1013 2890 esse
1044 2850 1301 2889 manifestum
1335 2852 1396 2889 est
1428 2862 1547 2900 quam
1579 2849 1654 2888 hoc
1678 2849 1796 2889 modo

253 2908 429 2959 expleas:
469 2906 682 2959 ‘cupiditas
715 2922 761 2948 ex
792 2909 952 2949 homine
982 2907 1101 2962 <tolli
1138 2909 1288 2961 poterit
1324 2910 1547 2960 praeceptis
1583 2909 1715 2949 bonis:
1753 2911 1798 2948 at

254 2980 356 3019 quae
388 2969 528 3008 innata
560 2970 620 3008 est
650 2967 786 3019 mala>
820 2969 964 3020 cupido
997 2982 1043 3009 ex
1075 2970 1199 3009 stulto
1231 2981 1450 3020 numquam
1482 2965 1669 3009 tollitur’.
1719 2969 1795 3008 Ex-

254 3028 353 3069 cidit
384 3030 489 3069 enim
519 3029 561 3068 in
594 3029 811 3082 archetypo
843 3042 944 3071 unus
973 3042 1125 3070 uersus.
1177 3029 1282 3078 Quid
1307 3028 1467 3070 intersit
1490 3029 1597 3070 inter
1622 3035 1797 3071 amorem
