2060 3444
258 255 345 298 270
794 251 958 293 ιΧΧῚῙΠΙ
982 263 1019 288 u.
1046 253 1245 288 755—761.

257 367 463 407 sententiis
501 367 709 405 excusatur
752 365 1054 404 consuetudine:
1097 364 1193 403 Hor.
1221 364 1335 414 epist.
1361 363 1403 402 H
1430 365 1468 414 2,
1497 364 1579 402 172
1627 361 1794 414 ‘puncto

257 426 359 478 quod
392 426 549 465 mobilis
580 426 700 465 horae
733 437 837 464 nunc
868 437 995 475 prece,
1026 436 1131 462 nunc
1162 423 1304 475 pretio,
1335 436 1439 462 nunc
1463 423 1518 473 ui,
1548 436 1652 463 nunc
1675 426 1797 463 morte
1860 431 1862 433 '

255 498 439 535 suprema
469 487 669 536 permutet
700 481 895 524 dominos’
931 483 1009 523 Cic.
1036 484 1084 523 de
1109 484 1211 536 legg.
1237 483 1280 522 H
1306 484 1360 522 48
1403 480 1466 522 ‘ne
1503 485 1630 523 morte
1668 483 1797 534 patris

257 546 431 585 familias
463 557 665 585 sacrorum
696 546 888 584 memoria
919 540 1141 583 occideret’.
1203 543 1417 582 Ablatiuus
1451 544 1579 583 salute
1616 543 1796 583 absolute

257 607 419 657 ponitur
450 606 634 644 similiter
671 618 732 655 ap.
759 604 950 643 Plautum
987 599 1178 658 (interpp.
1206 603 1256 642 ad
1281 603 1382 642 Men.
1412 598 1527 657 134).
1553 624 1611 630 -—
1636 603 1797 642 Nouum

256 668 390 704 tamen
430 665 583 715 aliquid
622 664 796 704 traditur
831 664 906 704 hoc
942 664 1089 703 Lucilii
1125 675 1243 702 uersu
1278 662 1410 702 uerbis
1449 663 1540 703 huic
1582 664 1799 703 transmisit

256 737 372 764 suam
407 726 535 764 seolen
573 724 678 775 quod
715 724 813 763 alibi
849 724 1043 763 traditum
1082 736 1162 762 non
1200 724 1259 762 est
1297 723 1344 762 de
1381 722 1611 762 Polemone:
1653 724 1688 762 is
1726 724 1798 762 aut

256 786 495 825 testamento
541 785 688 836 scripto
733 786 804 823 aut
846 797 1024 823 sermone
1073 784 1289 837 nouissimo
1340 795 1601 822 successorem
1649 783 1799 822 fecerat

260 844 459 884 Gratetem
497 845 711 884 secundum
749 844 965 883 Lucilium:
1004 844 1098 883 conf
1129 841 1384 893 Gomperzius
1424 841 1690 895 Sitzungsber.
1728 842 1799 882 der

248 905 389 944 *Wien.
415 904 544 944 Akad.
571 905 635 955 ph.
662 903 753 943 hist.
782 903 838 943 01.
867 903 989 943 CXLI
1018 904 1130 943 1899
1157 903 1237 942 VH
1261 916 1299 953 p.
1328 903 1352 941 5
1368 914 1475 953 seqq.
1501 902 1687 942 Academ.
1715 902 1797 942 ind.

381 1019 490 1063 757.
516 1024 670 1063 Nonius
696 1037 732 1074 p.
761 1024 859 1068 330,
887 1024 941 1062 33
981 1020 1268 1074 ‘Interpellare,
1300 1022 1440 1068 dicere,
1474 1022 1614 1061 ducere
1647 1017 1798 1077 (docere

258 1081 505 1135 Muellerus).
554 1083 731 1122 Lucilius
763 1083 830 1121 lib.
856 1083 1030 1121 XXVIII
1062 1077 1140 1136 (ita
1159 1083 1209 1133 L,
1239 1082 1434 1121 XXVHII
1455 1077 1510 1136 G)
1539 1079 1708 1122 “uerum
1729 1113 1736 1121 .
1759 1113 1766 1121 .
1789 1113 1796 1121 .

260 1139 444 1183 sciam''.’
508 1143 716 1194 Epistulae
755 1144 894 1182 similis
933 1144 1069 1182 satura
1107 1143 1228 1182 fuisse
1266 1142 1426 1181 uidetur
1460 1143 1572 1181 cuius
1612 1143 1698 1182 erat
1733 1143 1799 1182 hic

261 1215 417 1242 uersus:
450 1202 528 1242 010.
555 1204 668 1253 epist.
695 1203 774 1242 VH
803 1205 868 1250 10,
896 1203 920 1241 3
956 1199 1071 1241 ‘scire
1103 1203 1208 1241 enim
1240 1203 1376 1253 cupio,
1418 1202 1512 1252 quid
1545 1214 1659 1254 agas,
1703 1201 1799 1253 quid

261 1259 456 1314 expectes'
479 1276 509 1302 e.
531 1276 567 1313 q.
588 1276 616 1302 s.
639 1265 664 1301 4
699 1260 838 1313 ‘quare
870 1262 1051 1301 omnibus
1083 1262 1130 1301 de
1160 1262 1276 1301 rebus
1308 1263 1372 1300 fac
1402 1263 1448 1300 ut
1479 1275 1599 1312 quam
1625 1263 1799 1313 primum

261 1320 398 1362 sciam’
430 1325 497 1371 11,
525 1325 549 1362 2
585 1319 678 1362 ‘Sed
715 1323 810 1361 heus
841 1323 907 1372 tu,
945 1321 1040 1372 quid
1071 1320 1184 1373 agis?
1228 1321 1368 1372 ecquid
1398 1320 1472 1360 fit?
1499 1352 1506 1359 .
1529 1352 1536 1360 .
1558 1352 1566 1360 .
1600 1321 1677 1361 Sed
1702 1322 1798 1373 quid

261 1384 326 1433 sit,
358 1383 458 1421 scire
490 1379 636 1432 cupio’.
662 1404 721 1409 —
745 1382 970 1432 interpella,
1000 1383 1095 1421 uise.

383 1437 490 1482 758.
523 1442 677 1481 Nonius
702 1455 739 1492 p.
768 1443 868 1492 279,
895 1443 918 1481 3
954 1438 1048 1492 ‘Da,
1088 1441 1161 1481 dic.
1195 1469 1203 1480 .
1231 1471 1239 1480 .
1268 1471 1275 1479 .
1302 1443 1342 1480 et
1372 1441 1439 1479 lib.
1466 1441 1640 1480 XXVIII
1679 1438 1797 1492 “per-

262 1501 382 1541 suade
403 1503 443 1540 et
461 1502 600 1551 transi,
614 1502 680 1540 uel
701 1501 752 1540 da
771 1514 892 1552 quam
905 1501 954 1540 ob
968 1514 1051 1540 rem
1065 1497 1306 1541 transeas”.’
1347 1501 1521 1540 Enarrat
1535 1501 1798 1541 Buechelerus

260 1561 359 1600 Mus.
385 1561 508 1600 Rhen.
534 1561 667 1600 XLIII
695 1562 807 1600 1888
834 1575 871 1611 p.
901 1562 984 1600 293
1021 1561 1123 1599 hunc
1161 1573 1320 1600 uersum
1358 1561 1433 1600 1100
1470 1561 1647 1612 exemplo
1684 1574 1798 1601 usus:

264 1618 457 1660 ‘Athenas
488 1620 775 1660 transeundum
807 1633 889 1660 esse
921 1621 1114 1671 persuade
1145 1620 1259 1660 nobis
1285 1622 1326 1659 et
1350 1622 1523 1659 sinemus
1547 1622 1588 1660 te
1614 1622 1799 1671 transire,

262 1682 334 1720 aut
365 1681 428 1720 dic
459 1682 635 1732 aliquam
665 1681 916 1720 transitionis
946 1683 1041 1720 tuae
1070 1677 1259 1720 causam’:
1290 1680 1396 1719 idem
1421 1680 1556 1731 posuit
1579 1683 1671 1732 post
1694 1681 1799 1721 huno

261 1753 420 1780 uersum
445 1755 482 1779 u.
513 1742 595 1780 759
629 1741 703 1780 hoc
734 1740 850 1780 modo
883 1740 1133 1780 distinctum:
1176 1737 1255 1779 ‘uel
1287 1739 1320 1779 si
1352 1739 1432 1779 alio
1471 1753 1568 1791 opus
1607 1741 1677 1791 sit,
1714 1741 1798 1780 fore

261 1801 295 1839 si
326 1801 418 1839 hinc
450 1801 585 1851 aliquo
618 1797 806 1841 cesseris'.
870 1800 970 1839 Mihi
999 1801 1063 1839 uel
1095 1800 1296 1851 particula
1332 1800 1433 1840 falso
1470 1802 1603 1852 posita
1640 1800 1800 1840 uidetur

261 1863 307 1899 ut
337 1859 404 1898 lib.
431 1859 584 1899 XXVII
607 1874 646 1899 u.
676 1861 778 1899 718:
810 1873 882 1910 pro
915 1873 994 1910 qua
1024 1860 1092 1899 sed
1123 1860 1312 1899 substitui
1341 1860 1416 1899 hoc
1440 1859 1556 1899 modo
1583 1861 1652 1911 qui
1677 1861 1799 1900 inter-

262 1922 396 1970 preter
428 1916 490 1958 ‘ut
515 1920 587 1959 alii
611 1921 819 1959 transeant
842 1920 1036 1970 persuade
1062 1922 1103 1959 et
1127 1920 1276 1959 transi:
1307 1920 1376 1959 sed
1401 1920 1462 1971 da,
1495 1933 1614 1971 quam
1640 1921 1690 1960 ob
1714 1934 1799 1960 rem

264 1975 471 2018 transeas'.

385 2033 493 2078 759.
513 2039 666 2078 Nonius
685 2051 723 2088 p.
740 2039 837 2088 250,
853 2039 906 2078 33
930 2035 1104 2089 ‘Cedere,
1122 2038 1313 2078 recedere.
1344 2039 1523 2078 Lucilius
1542 2039 1610 2078 lib.
1625 2039 1799 2078 XXVIII

266 2095 364 2136 “uel
395 2099 430 2137 si
460 2098 539 2137 alio
572 2110 670 2149 opus
703 2099 756 2137 sit
780 2098 864 2137 fore
896 2099 931 2137 si
954 2098 1047 2138 hinc
1072 2098 1207 2148 aliquo
1236 2095 1457 2138 cesseris”.’
1516 2097 1620 2138 Conf
1642 2099 1797 2138 Terent.

262 2157 479 2196 Heautont.
501 2158 585 2196 572
614 2155 674 2196 ‘ut
697 2158 787 2197 hinc
811 2158 996 2197 concedas
1018 2159 1150 2207 aliwo
1170 2158 1219 2197 ab
1239 2171 1305 2197 ore
1325 2170 1462 2197 eorum
1481 2155 1796 2210 aliquantisper'.

264 2217 325 2256 Tu
363 2217 488 2257 credis
525 2216 704 2267 diuitias,
744 2218 916 2268 lucrum,
956 2219 1131 2268 corporis
1171 2218 1458 2268 ualetudinem,
1490 2219 1637 2259 amicos
1667 2219 1732 2258 uel
1764 2219 1799 2258 si

264 2277 344 2316 alia
386 2290 429 2316 re
473 2289 571 2328 opus
608 2278 679 2326 sit,
723 2278 856 2317 omnia
892 2279 971 2317 ista
1008 2279 1094 2317 fore
1130 2277 1222 2328 tibi,
1263 2279 1298 2318 si
1333 2278 1427 2317 hinc
1458 2279 1592 2330 aliquo
1623 2278 1796 2318 cesseris.

268 2336 344 2376 Sed
375 2337 460 2376 illic
490 2338 525 2376 si
557 2337 644 2386 eris,
677 2336 781 2376 dices
811 2338 877 2376 1110
906 2349 1046 2388 porcos
1079 2339 1210 2377 coctos
1242 2338 1457 2378 ambulare.

389 2391 498 2437 760.
529 2396 683 2436 Nonius
714 2411 751 2448 p.
773 2398 878 2446 496,
905 2398 961 2436 20
995 2394 1227 2437 ‘Genetiuus
1259 2411 1373 2437 casus
1402 2399 1556 2450 positus
1580 2411 1653 2450 pro
1686 2411 1797 2438 accu-

264 2457 405 2495 satiuo.
466 2455 643 2496 Lucilius
679 2457 747 2495 lib.
779 2457 953 2495 XXVHI
992 2451 1049 2511 (u.
1073 2452 1176 2511 768)
1297 2458 1403 2497 idem
1441 2455 1507 2498 “si
1545 2459 1702 2511 argenti
1737 2459 1798 2497 in-

264 2511 436 2567 diges”.'
508 2516 794 2567 Fragmentum
837 2516 1011 2556 eiusdem
1060 2530 1143 2556 esse
1185 2517 1278 2556 libri
1321 2520 1489 2570 apparet
1533 2519 1654 2569 atque
1695 2516 1796 2557 illud

264 2576 371 2625 quod
401 2576 618 2626 praecedit:
635 2575 741 2615 uide
773 2576 823 2614 ad
853 2577 920 2615 lib.
946 2577 1003 2615 IX
1028 2590 1066 2615 u.
1095 2578 1192 2616 341.

386 2630 495 2675 761.
531 2636 685 2675 Nonius
727 2649 765 2686 p.
794 2636 896 2685 384,
932 2638 984 2675 17
1027 2633 1293 2686 Ἑοᾶ1111ᾱο10,
1335 2637 1474 2676 redire.
1547 2637 1797 2688 Redundare‚

265 2693 486 2744 abundare,
529 2707 741 2746 superesse.
815 2695 992 2735 Lucilius
1040 2696 1109 2735 lib.
1140 2696 1315 2736 XXVIII
1364 2694 1524 2748 “primo
1575 2698 1799 2737 redwndant

200 2790 206 2794 ,
268 2751 480 2805 (redundat
504 2755 598 2793 olim
623 2756 807 2806 impressi
832 2756 871 2794 et
895 2750 1052 2810 Iunius)
1080 2769 1221 2795 aurum
1245 2769 1292 2796 ac
1316 2756 1494 2796 tensauri
1520 2751 1597 2809 (ita
1621 2757 1660 2796 L
1679 2769 1728 2796 m.
1752 2760 1795 2796 1:

264 2813 441 2853 thesauri
489 2814 527 2852 L
551 2827 600 2852 m.
621 2816 650 2854 2
677 2809 733 2868 G)
770 2812 970 2866 patent''.'
1041 2814 1218 2856 Grandes
1260 2818 1452 2867 pecuniae
1493 2817 1578 2856 11110
1621 2818 1661 2856 et
1702 2829 1796 2867 opes

265 2874 402 2911 statim
434 2873 496 2912 die
527 2874 656 2924 primo
687 2873 920 2924 redundant,
954 2887 1094 2914 aurum
1125 2888 1171 2915 ac
1201 2877 1380 2916 tensauri
1409 2877 1567 2927 patent:
1599 2876 1694 2916 conf
1716 2875 1794 2916 010.

264 2933 307 2970 111
337 2932 448 2971 Verr.
481 2934 556 2972 act.
581 2933 623 2972 H
645 2933 713 2972 lib.
733 2934 755 2972 I
781 2936 866 2974 100
893 2931 1001 2974 ‘hinc
1029 2935 1124 2975 illae
1149 2936 1485 2975 extraordinariae
1509 2937 1700 2987 pecuniae
1726 2966 1735 2975 .
1757 2967 1765 2975 .
1787 2967 1794 2975 .

264 2989 560 3030 redundarunt'.
597 3015 656 3020 —
691 2995 850 3044 patent,
880 2997 1039 3045 praesto
1071 2997 1180 3035 sunt:
1219 2995 1296 3034 010.
1323 2997 1436 3047 epist.
1461 2995 1521 3035 VI
1548 2997 1619 3046 10,
1647 2997 1672 3034 3
1713 2993 1796 3035 ‘sed
