2060 3444
264 291 350 333 102
855 286 924 322 Vn-
947 299 987 322 u.»
1011 290 1210 322 ses-272.

263 400 408 452 λευκὴν
441 399 511 452 μέν
544 415 632 439 τινα
663 397 728 438 καὶ
765 397 936 451 ἐπιμήκη
972 397 1040 438 τὸν
1077 398 1287 453 τράχηλον,
1326 396 1380 448 ὥς
1419 399 1585 447 εἰκάζειν
1621 399 1803 440 κύκνου

264 458 463 514 θυγατέρα
493 455 610 499 εἶναι’
642 461 722 499 κτλ.
742 482 797 487 -
819 461 853 500 si
885 459 1048 499 eliditur
1078 460 1120 498 in
1145 459 1259 499 breui
1286 460 1334 499 ut
1356 458 1452 500 Hor.
1479 473 1592 500 serm.
1618 460 1660 500 H
1686 461 1726 510 3,
1745 460 1798 500 41

263 521 388 562 Lucil.
413 520 481 560 lib.
508 520 565 559 VI
591 533 627 559 u.
657 520 753 559 252.

385 575 497 620 269.
529 579 680 619 Gellius
703 579 762 618 IX
790 580 858 628 14,
884 581 935 619 21
973 576 1035 618 ‘In
1067 592 1161 619 casu
1191 580 1326 618 autem
1351 578 1472 619 dandi
1498 581 1567 631 qui
1592 580 1804 632 purissime

264 642 390 681 locuti
421 641 525 690 sunt,
556 653 636 679 non
670 636 866 689 “faciei'’‚
897 640 958 678 uti
990 652 1094 679 nunc
1125 639 1283 688 dicitur,
1315 639 1383 679 sed
1417 635 1581 679 “facie'’
1609 639 1804 680 dixerunt.

264 701 443 741 Lucilius
468 700 510 739 in
537 700 683 739 saturis
709 694 867 753 (incert.
893 713 930 738 u.
961 694 1094 753 1257)
1123 730 1130 738 .
1153 731 1160 738 .
1183 730 1190 738 .
1215 698 1393 739 Lucilius
1417 700 1460 738 in
1485 699 1588 739 libro
1618 699 1806 751 septimo:

267 758 368 812 “qui
396 792 402 799 .
431 790 439 799 .
468 791 475 798 .
502 761 641 799 aetatis
673 754 811 813 (ασίαίὶ
844 759 940 798 olim
977 753 1179 814 impressi)
1208 789 1215 798 .
1244 790 1251 798 .
1280 790 1287 798 .
1314 758 1499 799 ostendat
1535 771 1576 799 se
1613 753 1674 813 (se
1710 759 1806 799 olim

266 815 461 874 deletum)
494 820 578 860 fore
606 851 612 858 .
636 851 642 858 .
666 851 672 858 .
699 815 981 870 polliceatur’'.
1033 818 1135 858 Sunt
1164 821 1301 858 tamen
1331 831 1412 859 non
1442 820 1573 870 pauci,
1604 819 1674 871 qui
1698 820 1807 859 utro-

266 882 386 932 bique
419 876 579 919 “faofi'’
613 881 761 931 legant.
813 878 889 918 Sed
923 878 963 918 O.
985 877 1132 919 Caesar
1156 879 1198 918 in
1223 878 1326 918 libro
1352 879 1400 919 de
1425 880 1613 932 analogia
1638 878 1808 919 seeundo

269 938 418 979 “huius
450 936 545 979 die”
580 942 620 979 et
646 936 795 978 “huius
821 935 983 990 specie”
1011 939 1222 978 dicendum
1245 935 1392 990 putat’.
1443 939 1559 978 Prius
1585 936 1806 990 exemplum

262 1014 314 1039 ex
328 1000 484 1039 Lucilio
498 1012 522 1039 a
535 998 664 1039 Gellio
679 1000 846 1039 allatum
860 993 919 1053 (u.
937 993 1071 1053 1257)
1091 999 1274 1038 datiuum
1287 1011 1422 1039 casum
1435 1000 1615 1050 spectare
1629 1000 1808 1051 apparet.

268 1061 452 1099 Alterum
484 1060 708 1110 exemplum
739 1059 829 1099 ideo
854 1072 934 1099 uon
960 1071 1118 1099 necesse
1144 1061 1204 1098 est
1229 1059 1411 1099 datiuum
1437 1060 1602 1110 spectet,
1632 1071 1809 1110 praeser-

268 1122 340 1160 tim
374 1133 462 1159 cum
494 1120 618 1159 uerba
650 1118 690 1158 G.
712 1118 894 1159 Caesaris
925 1118 973 1158 de
1005 1120 1191 1171 genetiuo
1223 1119 1342 1159 sicuti
1372 1120 1503 1158 totum
1535 1120 1656 1170 caput
1686 1120 1811 1171 agant

270 1181 429 1220 disertis
460 1180 604 1219 uerbis.
666 1179 810 1230 Itaque
841 1180 981 1218 aetat-is
1011 1179 1116 1229 quod
1148 1180 1189 1218 in
1222 1178 1322 1218 codd
1354 1180 1414 1219 est
1445 1178 1684 1218 seruandum
1722 1179 1809 1218 erit.

269 1239 436 1280 Accedit
479 1239 584 1290 quod
627 1239 805 1290 prolegg.
831 1252 868 1289 p.
894 1238 1081 1278 LXXVII
1125 1238 1329 1278 docuimus
1376 1238 1551 1278 Gellium
1600 1238 1676 1278 hoc
1723 1239 1810 1279 loeo

271 1299 398 1339 datiui
429 1301 532 1348 facie
563 1299 785 1350 exemplum
817 1298 1069 1338 Lucilianum
1102 1300 1142 1337 et
1179 1299 1356 1350 genetiui
1393 1298 1569 1338 eiusdem
1607 1297 1713 1349 quod
1751 1299 1812 1338 est

271 1361 422 1399 formae
454 1360 677 1409 exemplum
708 1371 788 1398 non
820 1371 865 1398 ex
898 1357 1034 1398 eodem
1060 1359 1221 1398 auctore
1248 1359 1471 1409 sumpsisse.
1514 1357 1645 1404 Quare
1668 1370 1811 1410 parum

272 1419 462 1459 concinne
488 1432 577 1458 eum
603 1419 807 1469 scripsisse
832 1431 911 1458 non
937 1420 998 1458 est
1022 1418 1129 1469 quod
1153 1418 1320 1458 mireris.
1364 1417 1498 1457 Verba
1522 1419 1616 1458 sunt
1634 1418 1812 1458 mulieris

272 1481 343 1519 aut
379 1479 551 1519 hominis
588 1478 852 1518 lenocinantis
890 1491 992 1529 quae
1029 1479 1205 1529 puellam
1246 1480 1317 1517 aut
1353 1491 1520 1529 puerum
1557 1478 1725 1530 instiget
1761 1478 1812 1517 ad

273 1541 482 1590 (maestum
514 1539 690 1589 corporis
721 1538 878 1578 blandis
904 1537 1046 1578 uerbis.
1096 1537 1280 1577 Amicum
1305 1539 1424 1578 uocat
1449 1539 1668 1578 amatorem
1694 1538 1814 1578 sicuti

273 1598 477 1638 Theodoto
513 1599 701 1638 meretrix
740 1611 802 1649 ap.
834 1597 1011 1649 Xenoph.
1044 1610 1204 1638 memor.
1230 1597 1293 1637 111
1321 1599 1393 1648 11,
1426 1599 1451 1636 4
1490 1595 1559 1636 ἐάν
1602 1612 1681 1649 τις,
1721 1595 1814 1650 ἔφη,

273 1659 389 1710 φίλος
420 1673 487 1710 μοι
516 1657 728 1711 γενόμενος
759 1651 804 1698 εὖ
834 1660 964 1698 ποιεῖν
994 1654 1133 1713 ἐθέλῃ,
1171 1651 1287 1705 οὗτός
1318 1671 1384 1709 μοι
1415 1657 1502 1710 βίος
1538 1655 1628 1697 ἐστι’.
1689 1655 1814 1698 Aetas

274 1722 315 1758 et
346 1718 467 1758 facies
498 1720 540 1757 in
571 1719 646 1759 hoc
677 1730 794 1758 uersu
826 1717 929 1758 sicut
958 1718 1001 1757 in
1032 1731 1070 1757 u.
1099 1719 1180 1757 271
1215 1711 1322 1757 idem
1353 1718 1464 1757 ualet
1494 1716 1600 1769 quod
1632 1716 1715 1770 ὥρα
1747 1714 1815 1756 καὶ

275 1779 414 1826 κάλλος
459 1778 564 1830 apud
609 1778 778 1818 Graecos
822 1778 948 1817 ueluti
991 1777 1096 1817 Plut.
1124 1776 1269 1818 Cleom.
1298 1778 1320 1816 1
1355 1776 1502 1817 Anton.
1531 1778 1584 1816 57
1620 1775 1730 1817 Caes.
1757 1777 1813 1816 45

275 1839 458 1879 Aeschin.
497 1839 621 1878 contr.
657 1838 854 1878 Timarch.
890 1838 973 1877 134
1006 1837 1129 1877 Arist.
1161 1837 1236 1876 Au.
1272 1838 1405 1877 1723:
1448 1834 1667 1877 ἀπόλαυσιν
1712 1835 1815 1889 ὥρας

276 1897 341 1938 καὶ
388 1898 566 1950 σώματος
609 1898 713 1938 Plut.
746 1899 912 1938 amator.
947 1898 973 1936 4
1005 1911 1043 1948 p.
1072 1898 1158 1937 750
1171 1896 1219 1936 D.
1292 1896 1338 1936 In
1389 1910 1479 1948 app.
1531 1896 1616 1936 crit.
1667 1896 1815 1936 scribas

275 1971 316 1998 se
345 1959 439 2007 fore.
1411 1986 1413 1989 .

398 2012 509 2058 271.
542 2017 697 2056 Nonius
728 2031 765 2068 p.
794 2018 863 2067 23,
890 2018 914 2056 2
949 2013 1094 2070 ‘Sagae
1125 2017 1311 2055 mulieres
1343 2015 1530 2055 dicuntur
1560 2016 1731 2055 feminae
1766 2015 1816 2055 ad

276 2078 495 2117 lubidinem
527 2078 705 2116 uirorum
736 2076 1015 2130 indagatriees.
1070 2076 1175 2115 unde
1206 2077 1247 2115 et
1277 2088 1439 2128 sagaces
1471 2088 1586 2116 canes
1618 2075 1817 2124 dicuntur,

278 2138 451 2178 ferarum
489 2137 554 2176 uel
591 2137 826 2176 animalium
863 2136 1118 2187 quaesitores.
1182 2135 1360 2176 Lucilius
1392 2137 1619 2187 satyrarum
1643 2135 1712 2174 lib.
1737 2135 1816 2174 VII

280 2194 488 2237 “aetatem
511 2228 518 2236 .
541 2227 548 2235 .
571 2227 578 2234 .
599 2193 894 2236 conciliatrix''.
939 2197 1144 2247 Turpilius
1163 2196 1456 2235 Boethuntibus
1483 2192 1605 2235 “Non
1637 2207 1712 2246 ago
1742 2195 1818 2234 hoc

278 2271 350 2308 per
380 2270 517 2309 sagam
549 2258 679 2308 pretio
710 2256 959 2306 conductam,
983 2258 1030 2295 ut
1057 2257 1179 2308 uulgo
1204 2252 1392 2296 solent’'.'
1443 2255 1598 2301 Nonius
1622 2256 1816 2306 interpres

279 2330 377 2370 saga
407 2317 703 2357 substantiuum
735 2329 831 2366 esse,
862 2329 941 2355 non
974 2315 1215 2356 adiectiuum
1245 2317 1352 2356 reete
1383 2316 1526 2355 statuit
1556 2315 1675 2355 sicuti
1711 2314 1818 2366 apud

280 2377 483 2416 Tibullum
508 2377 529 2415 I
555 2378 594 2426 5,
622 2377 676 2416 59
711 2373 771 2415 ‘at
802 2378 848 2415 tu
886 2388 1007 2426 quam
1043 2375 1215 2426 primum
1255 2387 1375 2427 sagae
1411 2376 1625 2426 praecepta
1660 2374 1818 2426 rapacis

280 2433 430 2476 desere'
469 2437 645 2488 positum
687 2436 891 2475 inuenitur
933 2448 1006 2487 pro
1049 2436 1150 2474 lena.
1229 2434 1432 2474 Laudauit
1475 2434 1620 2485 aliquis
1662 2434 1818 2485 puellae

281 2498 354 2536 aut
383 2496 497 2548 pueri
534 2497 710 2547 corporis
746 2497 916 2535 uirtutes
953 2508 1061 2534 more
1098 2495 1295 2534 lenarum:
1331 2495 1455 2534 uerba
1487 2493 1689 2534 laudantis
1726 2494 1820 2534 sunt

280 2570 344 2595 uu.
373 2557 470 2596 269.
498 2557 596 2596 270.

402 2610 511 2657 272.
543 2615 737 2667 Apuleius
770 2615 872 2667 apol.
899 2628 984 2666 cap,
1013 2616 1068 2655 10
1102 2611 1170 2653 ‘Et
1206 2613 1366 2666 quidem
1398 2612 1439 2653 G.
1466 2613 1679 2652 Lucullum
1715 2607 1817 2667 (IM—

281 2677 415 2715 cilium
444 2670 624 2730 Lipsius)
653 2688 905 2726 ⁴quamquam
936 2675 991 2714 sit
1019 2674 1212 2714 iambicus
1242 2675 1377 2714 tamen
1417 2672 1676 2724 improbarim
1713 2672 1818 2724 quod

283 2735 472 2775 Gentium
515 2737 556 2774 et
594 2734 849 2774 Macedonem
886 2746 1028 2785 pueros
1066 2733 1226 2774 directis
1266 2733 1492 2773 nominibus
1532 2732 1706 2772 carmine
1748 2744 1819 2772 suo

283 2791 562 2846 prostituerit’.
633 2794 803 2845 Sumpta
840 2806 923 2833 esse
959 2794 1057 2834 haec
1094 2793 1145 2832 ab
1184 2793 1354 2844 Apuleio
1394 2806 1439 2832 ex
1482 2792 1583 2831 libro
1625 2792 1820 2844 philologi

218 2896 224 2900 ,
284 2855 435 2907 egregii
467 2854 536 2905 qui
566 2853 614 2892 de
647 2854 846 2894 amoribus
878 2856 919 2893 et
949 2854 998 2893 de
1027 2854 1206 2904 personis
1235 2855 1444 2904 poetarum
1475 2853 1658 2892 accurate
1682 2852 1820 2904 egerit,

284 2916 462 2965 apparet.
510 2913 741 2954 Notandum
772 2915 844 2963 est,
876 2913 981 2964 quod
1011 2913 1227 2952 iambicum
1258 2912 1359 2951 dixit
1383 2911 1577 2964 Apuleius
1604 2911 1820 2950 Lucilium:

285 2973 430 3012 etenim
479 2975 622 3024 quarto
665 2973 823 3012 demum
866 2972 1022 3013 saeculo
1067 2974 1292 3012 saturarum
1335 2972 1548 3022 scriptores
1591 2967 1679 3010 ausi
1728 2972 1821 3010 sunt

285 3033 479 3083 satyricos
514 3033 579 3072 uel
617 3033 798 3072 satiricos
836 3032 1038 3083 appellare
1069 3034 1226 3083 poetas,
1263 3032 1370 3082 quod
1406 3030 1643 3071 uocabulum
1673 3029 1820 3081 Apulei
