2060 3444
283 284 368 327 150
877 281 928 316 XI
952 293 988 316 u.
1017 283 1214 317 aee—398.

280 413 317 449 p.
341 398 423 437 183
452 390 581 450 seqq.)
611 395 744 435 locum
774 395 898 434 istum
929 394 1057 434 facete
1080 393 1240 433 uidetur
1265 393 1501 445 expressisse
1526 394 1656 445 poeta.
1711 393 1818 433 Nam
1862 437 1864 439 ,

282 459 417 509 aperte
456 456 756 495 altercationem
789 454 987 506 Scipionis
1025 455 1066 494 et
1095 454 1223 493 Aselli
1258 454 1433 505 produnt
1462 454 1585 493 uerba
1618 452 1817 494 Ciceronis
1879 451 1881 453 ’

282 518 401 558 sicuti
432 517 535 555 alter
564 516 675 555 locus
701 515 749 553 de
775 516 875 554 orat.
900 514 942 553 II
969 514 1053 553 258
1088 510 1149 553 ‘ut
1173 514 1275 552 illud
1303 513 1513 564 Scipionis,
1545 526 1635 553 cum
1659 512 1818 553 Asellus

282 578 410 617 omnis
449 589 490 616 se
533 575 761 627 prouincias
800 574 1000 626 stipendia
1037 575 1253 613 merentem
1290 586 1524 625 peragrasse
1561 574 1819 626 gloriaretur:

284 635 425 689 “Agas
457 631 655 675 asellum''
690 636 730 674 et
766 631 924 684 cetera',
955 634 999 673 id
1029 635 1089 673 est
1119 634 1225 673 idem
1257 634 1365 684 quod
1395 633 1532 673 Febris
1558 633 1632 672 dea
1655 633 1820 673 Herculi

284 698 382 737 dicit
408 696 514 747 apud
547 695 736 734 Senecam
763 694 960 745 apocoloc.
989 695 1012 733 6
1039 691 1100 732 ‘tu
1125 695 1270 743 autem,
1297 694 1367 745 qui
1390 693 1507 744 plura
1530 693 1619 732 loca
1643 693 1820 742 calcasti,

285 770 404 808 quam
434 756 541 795 ullus
572 755 697 794 mulio
728 755 1018 806 perpetuarius,
1052 785 1059 793 .
1081 785 1088 793 .
1111 786 1118 793 .
1146 754 1246 793 scire
1278 753 1394 793 debes
1426 753 1554 792 multa
1579 753 1692 792 milia
1716 754 1822 792 inter

282 817 488 856 Xanthum
526 818 566 855 et
602 815 839 854 Rhodanum
875 810 1093 853 interesse'.
1163 813 1266 853 Oonf
1298 813 1473 852 Martial.
1498 813 1519 852 I
1547 814 1599 852 79
1643 810 1822 863 ‘Semper

286 878 371 930 agis
411 888 552 916 causas
696 874 739 913 Si
774 887 837 914 res
875 876 915 913 et
951 886 1092 914 causae
1130 874 1290 923 desunt,
1334 874 1439 926 agis,
1481 872 1638 922 Attale,
1681 873 1821 912 mulas.

256 942 259 944 ’
285 936 435 986 Attale,
467 949 516 975 ne
549 935 654 986 quod
687 947 795 986 agas,
828 934 942 984 desit,
973 946 1070 986 agas
1103 930 1304 973 animam’.

407 991 517 1036 397.
542 995 697 1034 Nonius
723 1008 761 1045 p.
784 995 881 1044 181,
903 995 956 1033 29
986 991 1131 1033 ‘Tenta
1156 993 1306 1033 dictum
1331 1006 1403 1044 pro
1430 994 1602 1032 extensa.
1631 1024 1638 1032 .
1660 1024 1667 1031 .
1690 1023 1697 1032 .
1717 992 1824 1032 idem

286 1057 354 1096 lib.
379 1055 437 1095 XI
481 1052 578 1095 “hic
611 1086 618 1094 .
647 1086 653 1093 .
683 1086 689 1093 .
721 1055 765 1093 in
813 1055 968 1094 ordines
1017 1050 1211 1093 tentae”.'
1286 1052 1434 1105 Agitur
1482 1053 1530 1091 de
1574 1053 1715 1093 castris
1758 1053 1824 1092 uel

286 1115 571 1156 hibernaculis:
628 1114 752 1166 pelles
808 1114 913 1153 enim
969 1115 1062 1153 sunt
1117 1114 1290 1153 tentoria
1337 1114 1522 1152 militum.
1603 1111 1824 1152 Concedere

287 1176 526 1216 uocabulum
550 1175 725 1214 militare
751 1175 828 1213 est:
855 1173 950 1213 conf
968 1173 1057 1212 Liu.
1082 1173 1272 1212 XXXVII
1299 1174 1367 1223 39,
1395 1174 1418 1212 2
1448 1170 1612 1212 ‘instare
1636 1173 1824 1223 hiemem3

289 1238 359 1276 aut
384 1236 456 1276 sub
482 1235 654 1287 pellibus
679 1234 881 1274 habendos
907 1234 1056 1273 milites
1081 1234 1177 1283 fore,
1203 1235 1273 1272 aut
1299 1234 1334 1272 si
1359 1233 1570 1273 concedere
1598 1234 1641 1272 in
1659 1232 1825 1272 hiberna

288 1297 427 1345 uellet,
465 1294 725 1335 differendum
762 1306 846 1333 esse
883 1294 926 1332 in
964 1295 1158 1333 aestatem
1194 1290 1372 1332 bellum'.
1439 1292 1572 1331 XXVI
1598 1294 1672 1342 20,
1699 1293 1722 1331 6
1768 1289 1824 1331 ‘in

288 1357 455 1397 hiberna
486 1355 635 1394 diuersi
665 1350 954 1394 concesserant’
982 1353 1019 1390 V
1046 1354 1084 1403 2,
1112 1355 1134 1392 1
1171 1350 1442 1392 ‘hibernacula
1468 1353 1601 1403 etiam,
1631 1365 1695 1392 res
1720 1364 1825 1391 noua

289 1417 412 1456 militi
448 1416 645 1465 Romano,
691 1414 892 1453 aedificari
934 1410 1088 1464 coepta’
1129 1413 1154 1452 6
1195 1410 1358 1464 ‘quippe
1399 1413 1491 1452 illos
1539 1413 1710 1451 hiemem
1753 1411 1825 1451 sub

289 1477 407 1516 tectis
452 1476 533 1515 suis
579 1487 713 1525 agere,
752 1504 760 1512 .
789 1505 796 1512 .
824 1504 832 1512 .
863 1473 1035 1512 militem
1077 1473 1301 1512 Romanum
1343 1473 1386 1511 in
1429 1484 1546 1523 opere
1590 1484 1637 1512 ac
1677 1471 1826 1522 labore,

290 1536 451 1575 niuibus
488 1535 722 1586 pruinisque
761 1533 948 1572 obrutum
986 1533 1058 1572 sub
1095 1532 1268 1583 pellibus
1305 1529 1463 1571 durare'
1502 1531 1637 1571 XXIII
1665 1532 1737 1582 18,
1771 1531 1824 1571 15

294 1594 403 1635 ‘nam
434 1597 474 1635 et
504 1594 708 1634 redierunt
738 1593 919 1645 plerique
951 1594 1092 1632 scortis
1123 1593 1315 1643 inpliciti,
1353 1593 1414 1642 et,
1450 1591 1521 1631 ubi
1549 1593 1723 1643 primum
1755 1591 1827 1631 sub

291 1655 462 1707 pellibus
498 1654 638 1694 haberi
675 1654 806 1704 coepti
843 1654 954 1702 sunt,
990 1654 1136 1703 uiaque
1175 1654 1215 1692 et
1254 1652 1357 1691 alius
1400 1652 1588 1691 militaris
1620 1651 1734 1691 labor
1764 1664 1828 1691 ex-

292 1717 409 1767 cepit,
459 1715 637 1754 tironum
686 1714 802 1753 modo
852 1713 1083 1763 corporibus
1133 1713 1356 1763 animisque
1406 1708 1668 1752 deficiebant’.
1755 1711 1829 1751 Vbi

293 1787 513 1816 concessum
548 1775 574 1813 i.
595 1787 626 1813 e.
664 1773 735 1813 ubi
773 1774 923 1813 milites
960 1774 1003 1812 in
1039 1786 1163 1812 unum
1199 1773 1330 1812 locum
1361 1773 1506 1812 coacti:
1542 1772 1708 1811 uerbum
1739 1771 1829 1811 sub-

294 1836 515 1876 stantiuum
556 1834 618 1873 bis
662 1834 852 1873 omissum
895 1834 964 1872 est.
1032 1832 1172 1872 Potest
1219 1833 1417 1883 pertinere
1460 1833 1729 1884 fragmentum
1778 1831 1829 1870 ad

293 1896 442 1934 bellum
473 1894 747 1944 Hispanicum.

415 1950 526 1994 398.
558 1954 712 1992 Nonius
756 1966 804 1992 ex
846 1953 1107 2004 grammatico
1150 1965 1187 2002 p.
1216 1953 1319 2002 394,
1352 1953 1406 1990 22
1454 1948 1664 2002 ‘Spurcum
1707 1951 1830 1990 etiam

294 2014 474 2053 fetidum.
508 2045 515 2052 .
538 2045 544 2051 .
567 2044 574 2051 .
600 2013 777 2052 Lucilius
815 2012 882 2051 lib.
903 2012 960 2050 XI
998 2009 1191 2062 “praetor
1218 2042 1225 2049 .
1248 2042 1254 2049 .
1277 2042 1284 2049 .
1312 2024 1431 2061 quam
1466 2023 1632 2059 spurcus
1669 2023 1735 2050 ore
1762 2041 1769 2049 .
1792 2041 1799 2049 .
1821 2041 1829 2048 .

295 2070 478 2113 unum”.’
540 2071 710 2122 Spurcos
741 2084 807 2111 ore
837 2073 863 2110 i.
885 2084 915 2111 e.
943 2070 1131 2118 δυσώδεις
1167 2068 1300 2122 (Plato
1334 2069 1446 2109 OAF
1471 2070 1492 2109 I
1518 2070 1601 2109 652
1616 2065 1671 2124 Κ)
1703 2070 1829 2109 Lach-

295 2146 483 2173 mannus:
525 2144 685 2182 spu-reos
728 2143 792 2171 ore
835 2132 973 2182 quales
1017 2132 1099 2170 sint
1141 2131 1314 2181 explicat
1352 2129 1429 2170 Cic.
1461 2131 1504 2168 in
1540 2129 1652 2169 Verr.
1678 2129 1742 2168 III
1775 2130 1828 2168 23

298 2191 516 2244 ‘Apronius
554 2193 641 2241 ille,
680 2193 765 2242 qui,
802 2194 848 2230 ut
883 2192 969 2242 ipse
1006 2204 1085 2230 non
1123 2191 1251 2230 solum
1282 2191 1386 2240 uita,
1418 2190 1679 2240 sedcorpore
1710 2190 1830 2240 atque

297 2266 362 2293 ore
405 2252 621 2304 significat,
664 2253 857 2291 immensa
901 2252 1036 2302 aliqua
1078 2263 1228 2302 uorago
1272 2252 1332 2289 est
1375 2252 1415 2289 et
1458 2262 1601 2302 gurges
1640 2250 1832 2288 uitiorum

339 2344 345 2352 .
378 2343 384 2351 .
429 2314 630 2363 postremo
679 2313 728 2351 ut
776 2311 873 2350 odor
920 2310 1076 2362 Aproni
1103 2311 1376 2350 'taeterrimus
1426 2310 1505 2349 oris
1556 2310 1596 2348 et
1644 2310 1831 2360 corporis,

299 2386 428 2423 quem,
466 2374 512 2411 ut
549 2373 664 2410 aiunt
693 2385 742 2410 ne
772 2371 924 2410 bestiae
957 2370 1117 2422 quidem
1148 2371 1251 2409 ferre
1282 2370 1460 2420 possent,
1497 2369 1568 2408 uni
1597 2369 1668 2408 isti
1698 2369 1831 2410 suauis

299 2435 339 2472 et
393 2432 587 2471 iucundus
637 2428 866 2470 uideretur’.
939 2431 983 2469 in
1025 2430 1155 2470 Pison.
1191 2431 1244 2469 13
1291 2427 1396 2469 ‘cum
1450 2430 1528 2468 isto
1585 2441 1651 2468 ore
1706 2428 1831 2468 fetido

298 2493 570 2531 taeterrimam
594 2490 708 2531 nobis
733 2491 922 2542 popinam
947 2486 1195 2529 inhalasses’.
1249 2489 1306 2528 At
1328 2489 1505 2528 Lucilius
1530 2501 1610 2528 non
1635 2500 1832 2540 ganeones

300 2554 340 2591 et
369 2552 587 2600 helluones,
619 2551 687 2599 sed
716 2551 897 2590 homines
928 2549 1110 2601 pathicos
1142 2550 1297 2600 spectat
1328 2550 1369 2588 et
1393 2550 1524 2588 scorta
1557 2548 1711 2587 uirilia:
1742 2548 1837 2587 conf

298 2612 472 2650 Martial.
505 2611 562 2649 XI
595 2611 650 2650 30
696 2607 754 2649 ‘os
797 2610 900 2649 male
944 2609 1153 2649 causidicis
1198 2611 1238 2648 et
1281 2609 1378 2648 dicis
1422 2608 1527 2648 olere
1570 2608 1716 2658 poetis:
1765 2607 1834 2646 sed

299 2671 478 2710 fellatori
510 2671 617 2709 Zoile
648 2671 761 2720 peius
794 2666 890 2708 olet’
917 2669 1074 2708 Petron.
1096 2671 1120 2708 9
1155 2666 1375 2708 ‘muliebris
1399 2669 1619 2718 patientiae
1645 2668 1832 2717 scortum,

301 2732 412 2769 cuius
456 2743 505 2768 ne
542 2731 714 2780 'spiritus
758 2729 919 2780 quidem
960 2741 1083 2779 purus
1126 2725 1200 2768 est'
1242 2730 1293 2767 21
1339 2725 1540 2767 ‘cinaedus
1666 2739 1737 2766 nos

217 2799 223 2803 ’
300 2790 424 2829 basiis
465 2789 695 2829 olidissimis
732 2785 988 2840 inquinauit'.
1052 2788 1229 2839 Appiani
1259 2788 1391 2827 locum
1420 2787 1520 2826 Iber.
1548 2787 1602 2826 85
1636 2784 1766 2826 ἐλθὼν
1791 2783 1833 2825 δὲ

303 2845 343 2903 (ὁ
381 2848 562 2888 Σκιπίων
611 2847 675 2888 ἐπὶ
719 2843 969 2902 Νομαντίαν)
1015 2846 1210 2900 ἐμπόρους
1258 2855 1296 2886 τε
1339 2846 1489 2894 πάντας
1539 2844 1724 2897 ἐξήλαυνε
1768 2843 1834 2884 καὶ

302 2907 456 2960 ἑταίρας
493 2906 559 2947 καὶ
597 2907 753 2960 μάντεις
790 2906 856 2947 καὶ
892 2907 1020 2954 θύτας
1057 2909 1202 2947 cursim
1242 2920 1331 2946 cum
1361 2907 1423 2946 his
1454 2906 1632 2946 uersibus
1664 2904 1834 2944 contulit

302 2968 349 3006 R.
378 2968 677 3007 Bouterwekius
727 2968 775 3007 de
819 2967 859 3006 O.
888 2967 1043 3006 Lucilio
1093 2967 1253 3006 satirico
1296 2965 1525 3018 Merseburg
1569 2965 1680 3004 1871
1726 2978 1764 3015 p.
1795 2965 1832 3003 6.

302 3027 450 3079 Agitur
487 3029 623 3077 aperte
660 3027 708 3065 de
740 3026 924 3078 Scipione
962 3035 1079 3077 quem
1108 3026 1249 3065 laudat
1278 3026 1391 3065 miles
1424 3026 1586 3075 quidam
1616 3037 1707 3064 cum
1737 3023 1835 3063 dicit
