2060 3444
847 272 898 307 IX
923 284 958 308 u.
987 276 1188 309 εῖτ-381.
1712 273 1793 316 141

242 400 332 428 rum
364 399 430 438 ea,
468 399 572 439 quae
603 399 731 439 usque
763 387 816 427 ad
846 388 986 427 nostra
1016 388 1199 439 tempora
1231 387 1432 439 feruntur,
1473 387 1631 428 inuenit
1665 401 1795 442 gram·

243 450 415 488 maticus
453 448 599 487 aetatis
636 447 844 498 Sullanae,
883 450 956 487 aut
987 448 1039 487 M.
1061 447 1253 487 Varronis
1292 448 1522 489 simillimus
1564 451 1651 500 aut,
1690 450 1797 501 quod

242 507 344 548 mihi
374 509 463 548 ueri
493 508 745 548 simillimum
776 508 939 548 uidetur
970 508 1099 548 Varro
1130 509 1236 559 ipse,
1275 510 1345 559 qui
1382 510 1425 547 in
1462 509 1566 549 libro
1605 509 1653 549 de
1692 511 1796 550 anti-

245 569 400 620 quitate
431 569 659 608 litterarum
692 568 742 608 ad
773 569 818 608 L.
838 568 1005 608 Accium
1037 569 1186 619 scripto
1219 569 1267 607 de
1299 569 1528 609 nominibus
1566 570 1796 609 litterarum

243 630 327 682 egit
346 624 658 684 (Wilmannsius
685 629 738 686 de*
757 629 951 669 Varronis
977 629 1091 669 libris
1117 630 1390 680 grammaticis
1416 643 1453 680 p.
1484 624 1588 684 125)
1615 631 1688 669 XX
1714 631 1797 670 fere

244 691 360 730 annis
390 691 483 740 post
513 689 663 730 Lucilii
691 691 874 729 mortem.
924 690 1100 739 Nomina
1132 690 1239 729 enim
1270 690 1499 730 litterarum
1524 690 1619 730 XXI
1647 693 1682 730 si
1707 705 1795 742 per-

243 763 448 791 censemus
481 763 505 789 a
531 763 552 790 e
577 751 593 790 i
618 764 641 790 o
667 765 694 789 11
720 751 763 790 ef
785 751 821 790 el
847 763 910 790 em
936 763 985 789 en
1011 763 1054 789 er
1078 762 1119 790 es
1144 750 1193 789 be
1218 763 1268 800 pe
1295 750 1342 789 de
1368 752 1408 789 te
1436 763 1478 790 ce
1505 764 1553 803 ge
1579 751 1632 790 ha
1656 752 1711 790 ka
1740 765 1796 802 qu

242 812 285 850 ix
308 833 358 838 —
380 825 408 862 y
440 811 547 850 enim
579 813 619 851 et
650 825 670 850 z
696 810 868 851 Graecas
893 811 1012 850 mitto
1033 832 1092 837 —-
1111 823 1227 850 nemo
1254 812 1398 861 opinor
1422 824 1503 851 non
1527 812 1640 851 uidet
1664 813 1795 863 primo

244 871 388 911 obtutu
427 872 525 911 haec
568 885 640 912 nec
684 873 838 923 priscae
883 872 1099 911 uetustatis
1143 883 1226 911 esse
1276 873 1322 910 ut
1366 870 1519 911 Graeca
1568 873 1797 912 litterarum

243 933 408 971 nomina
444 945 516 972 nec
557 945 652 972 casu
691 933 818 982 facta,
862 931 931 971 sed
976 931 1025 971 ab
1068 931 1230 971 homine
1268 931 1511 972 Graecorum
1556 933 1603 972 de
1647 934 1795 972 litteris

244 993 428 1032 doctrina
458 992 615 1032 imbuto
648 993 808 1044 singula
839 991 1008 1044 singulis
1040 992 1188 1032 litteris
1220 1004 1304 1032 esse
1335 993 1528 1044 imposita
1554 1006 1601 1032 ea
1625 995 1795 1044 ratione,

243 1054 289 1092 ut
319 1053 478 1093 uocales
511 1067 627 1093 suum
659 1066 839 1104 quaeque
870 1065 1013 1092 sonum
1037 1052 1213 1092 habeant
1237 1065 1310 1103 pro
1335 1055 1508 1104 nomine,
1541 1055 1794 1094 consonanti-

242 1113 316 1154 bus
349 1126 368 1153 e
399 1113 571 1153 addatur
600 1113 873 1164 postpositum
903 1114 1043 1163 mutis,
1075 1113 1385 1153 semiuocalibus
1417 1115 1708 1165 antepositum,
1749 1116 1796 1154 ut

243 1173 414 1224 denique
439 1174 492 1213 ha
516 1174 570 1213 ka
595 1187 650 1225 qu
674 1175 716 1213 ix
741 1175 1000 1226 segregentur
1032 1187 1054 1212 a
1087 1175 1229 1213 ceteris
1267 1176 1475 1214 nominum
1511 1176 1670 1215 ratione
1707 1189 1794 1214 mu-

241 1235 344 1284 tata,
375 1234 409 1274 si
439 1234 557 1274 modo
588 1235 733 1274 harum
764 1235 993 1274 litterarum
1025 1236 1218 1284 quattuor
1247 1236 1412 1274 nomina
1445 1235 1572 1275 eidem
1601 1236 1796 1276 debentur

243 1295 308 1334 cui
338 1294 595 1346 reliquarum.
658 1295 750 1334 Vna
787 1295 940 1335 scilicet
976 1295 1065 1346 lege
1090 1295 1168 1334 XII
1199 1297 1462 1336 consonantes
1493 1296 1652 1336 litteras
1690 1309 1795 1336 com-

241 1355 454 1406 prehendit
483 1357 519 1396 is
551 1357 622 1407 qui
651 1356 725 1395 illa
756 1356 921 1395 nomina
951 1356 1088 1406 posuit
1118 1355 1283 1406 primus,
1313 1357 1374 1395 ita
1406 1358 1453 1396 ut
1482 1369 1606 1407 supra
1634 1357 1794 1397 demon-

243 1417 384 1466 straui,
411 1428 429 1455 e
454 1416 592 1455 littera
618 1416 773 1456 addita:
803 1416 911 1456 idem
937 1416 1120 1455 omnibus
1146 1416 1454 1456 semiuocalibus
1480 1417 1655 1457 fulcrum
1680 1430 1794 1468 prae-

242 1477 397 1527 posuit,
439 1478 670 1527 postposuit
705 1477 839 1516 mutis.
910 1475 1177 1516 Semiuocales
1216 1476 1303 1516 dico
1348 1490 1457 1517 more
1501 1479 1682 1518 omnium
1725 1479 1796 1529 qui

242 1536 356 1576 nobis
395 1539 545 1577 seruati
582 1539 677 1576 sunt
713 1538 1066 1590 grammaticorum
1106 1538 1364 1588 antiquorum
1394 1538 1420 1587 f
1439 1539 1452 1577 l
1475 1550 1515 1576 m
1538 1551 1568 1578 n
1592 1551 1614 1577 r
1639 1551 1659 1578 s
1683 1551 1710 1578 x
1735 1560 1794 1566 —

244 1597 366 1636 etiam
398 1597 505 1648 apud
536 1597 707 1638 Graecos
733 1598 752 1645 ξ
784 1598 890 1637 inter
930 1597 1190 1636 semiuocales
1222 1599 1283 1637 est
1315 1597 1422 1649 apud
1453 1598 1618 1650 Dionys.
1652 1599 1782 1639 Thrac

243 1670 280 1707 p.
311 1659 378 1707 11,
406 1659 430 1696 5
463 1657 598 1710 Vhlig.
631 1658 796 1708 Dionys.
823 1657 953 1697 Halic.
986 1657 1034 1696 de
1067 1670 1238 1708 compos.
1271 1658 1380 1697 uerb.
1413 1671 1498 1709 cap.
1524 1659 1620 1698 XIV
1651 1659 1730 1699 uol.
1757 1659 1794 1697 V

243 1731 281 1768 p.
312 1718 379 1767 78,
406 1718 482 1756 4R
511 1718 689 1757 —item
725 1719 859 1757 mutas
891 1718 913 1756 b
939 1730 959 1757 c
983 1718 1010 1757 d
1031 1730 1058 1768 9
1081 1718 1106 1756 h
1131 1719 1206 1767 kp
1232 1730 1255 1767 q
1281 1721 1305 1757 t.
1366 1718 1455 1758 Iam
1479 1720 1504 1757 k
1534 1719 1673 1759 littera
1705 1722 1746 1759 et
1771 1733 1794 1770 q

243 1778 406 1816 nomina
438 1791 484 1817 ex
515 1778 722 1818 uocalibus
755 1790 858 1829 quae
890 1790 957 1817 eas
997 1779 1112 1828 sequi
1150 1778 1356 1818 adsoleant
1393 1781 1567 1819 traxere:
1606 1792 1626 1819 0
1655 1780 1794 1820 littera

243 1850 340 1877 uero
373 1851 452 1888 quo
481 1838 796 1891 distingueretur
820 1850 844 1878 a
869 1839 920 1878 lca
946 1838 1069 1888 affini,
1102 1851 1120 1878 e
1145 1839 1326 1880 uocalem
1351 1839 1535 1879 adiunxit
1559 1841 1793 1893 grammati-

244 1910 312 1938 cus
344 1900 386 1938 et
409 1899 504 1939 huic
528 1898 606 1950 ipsi
632 1901 673 1938 et
698 1899 875 1950 quinque
900 1899 1066 1950 reliquis
1092 1899 1215 1938 mutis
1238 1912 1264 1949 9
1290 1900 1311 1938 b
1329 1912 1362 1948 p
1388 1901 1414 1940 d
1439 1903 1463 1940 t.
1509 1900 1617 1947 Quas
1643 1901 1792 1940 similes

245 1971 327 1998 esse
358 1960 464 1998 inter
496 1971 536 1998 se
568 1959 711 2010 uoluit,
743 1959 954 1999 dissimiles
980 1960 1005 1998 h
1036 1959 1207 2010 litterae,
1241 1961 1305 1999 cui
1331 1972 1357 1999 α
1388 1961 1569 2000 litteram
1603 1962 1794 2012 apposuit

243 2020 377 2059 nescio
409 2031 543 2070 quare,
574 2020 744 2059 fortasse
773 2019 872 2070 *quia
902 2020 978 2060 hoc
1010 2019 1351 2070 simplicissimum
1375 2021 1605 2061 uidebatur:
1637 2022 1743 2061 idem
1767 2035 1794 2061 x

243 2078 423 2119 litteram
453 2081 601 2120 exemit
631 2093 652 2118 e
684 2080 990 2120 semiuocalibus
1021 2081 1253 2132 praeposita
1276 2083 1309 2131 i,
1345 2094 1435 2121 cum
1465 2083 1645 2133 reliquae
1677 2095 1696 2122 e
1726 2083 1793 2122 lit-

242 2141 331 2179 tera
355 2140 592 2192 fulciantur3
624 2141 777 2180 scilicet
801 2143 907 2180 recte
937 2141 1139 2192 explicant
1164 2143 1420 2193 grammatici
1443 2143 1504 2182 ita
1528 2143 1681 2182 sactum
1707 2156 1791 2182 esse

242 2200 459 2240 secundum
489 2201 732 2240 uocabulum
764 2199 960 2241 Graecum
990 2201 1109 2240 huius
1140 2201 1300 2241 litterae
1332 2201 1394 2250 ξεῖ
1420 2197 1632 2257 (Priscian.
1655 2202 1722 2242 GL
1749 2204 1791 2242 H

242 2274 281 2311 p.
310 2262 348 2311 8,
377 2263 443 2300 12.
472 2262 527 2301 20
554 2260 746 2301 Anecdot.
772 2261 930 2301 Heluet.
957 2260 1025 2301 GL
1051 2261 1152 2300 VIII
1176 2275 1214 2312 p.
1243 2263 1342 2312 224,
1371 2264 1424 2302 12
1439 2258 1508 2318 K)
1558 2263 1661 2303 Vide
1690 2277 1792 2314 quae

244 2321 292 2360 de
335 2321 562 2360 nominibus
604 2322 834 2361 litterarum
878 2321 1051 2361 dixerint
1094 2321 1284 2362 Priscian.
1309 2323 1352 2362 Π
1375 2337 1413 2374 p.
1442 2326 1481 2373 7,
1508 2325 1562 2363 26
1598 2324 1707 2363 Seru.
1733 2324 1792 2363 IV

243 2394 281 2431 p.
303 2382 402 2431 422,
425 2382 491 2421 15.
524 2377 674 2435 [Serg]
692 2382 751 2421 IV
775 2395 814 2433 p.
836 2383 935 2432 476,
958 2383 1024 2422 31.
1054 2382 1152 2432 520,
1175 2383 1241 2422 18.
1268 2382 1444 2434 Pompei.
1465 2383 1502 2421 V
1520 2398 1559 2434 p.
1583 2386 1681 2434 101,
1703 2386 1726 2424 9
1743 2384 1790 2423 Κ.

244 2441 539 2481 Tantummodo
571 2442 679 2493 apud
709 2442 883 2482 Probum
906 2443 965 2481 IV
989 2456 1028 2494 p.
1056 2443 1125 2492 49,
1153 2444 1206 2482 31
1242 2455 1287 2482 ex
1317 2456 1389 2494 pro
1420 2445 1462 2483 ioe
1493 2444 1689 2484 traditum
1720 2446 1792 2494 est,

245 2501 351 2551 quod
370 2501 649 2554 corrigendum
667 2514 751 2542 osse
770 2505 955 2554 apparet:
976 2503 1071 2542 conf
1085 2517 1123 2554 p.
1139 2503 1239 2553 422,
1255 2503 1320 2542 16.
1364 2504 1508 2554 Itaque
1522 2517 1613 2543 cum
1625 2505 1792 2556 planum

245 2562 298 2600 sit
334 2561 559 2602 litterarum
595 2562 834 2602 Latinarum
869 2564 1032 2603 nomina
1069 2576 1150 2603 non
1181 2575 1276 2602 casu
1307 2564 1426 2615 facta,
1459 2564 1528 2604 sed
1556 2564 1606 2604 ab
1631 2565 1791 2604 homine

245 2621 474 2661 doctissimo
511 2624 604 2673 post
638 2623 786 2662 Lucilii
823 2625 997 2663 aetatem
1034 2624 1200 2664 inuenta
1237 2636 1339 2674 esse,
1384 2625 1453 2675 qui
1477 2624 1594 2664 XVII
1632 2625 1790 2665 litteras

244 2693 270 2719 a
297 2682 348 2720 ei
373 2693 395 2720 o
419 2683 529 2732 ufl
556 2684 963 2734 mnrsbpcydt
987 2697 1066 2723 uno
1093 2684 1230 2724 ordine
1257 2685 1611 2736 comprehenderit,
1636 2686 1791 2735 hkqoe

243 2741 420 2792 reliquas
434 2755 480 2781 ex
492 2742 567 2782 hoc
580 2743 717 2782 ordine
731 2743 891 2783 eiecerit
900 2738 948 2798 ¹),
961 2744 1063 2783 nihil
1075 2745 1163 2783 ueri
1175 2744 1345 2784 similius
1360 2746 1430 2795 est,
1446 2759 1566 2796 quam
1578 2745 1631 2784 M.
1647 2745 1791 2784 Teren-

244 2802 348 2840 tium
372 2801 594 2842 Varronem
618 2802 781 2842 illorum
806 2805 1012 2843 nominum
1038 2816 1121 2843 esse
1146 2805 1408 2851 inuentorem,
1440 2818 1559 2856 quem
1583 2806 1656 2845 has
1681 2805 1789 2856 ipsas

244 2861 362 2900 XVH
390 2862 551 2901 tantum
580 2862 738 2902 litteras
771 2863 994 2916 agnouisse,
1025 2865 1049 2902 k
1074 2876 1098 2914 q
1121 2876 1148 2903 a:
1171 2866 1219 2904 ut
1250 2865 1482 2916 superfiuas,
1517 2866 1543 2903 h
1574 2867 1620 2903 ut
1650 2867 1789 2905 notam

342 3002 376 3047 1)
402 3000 685 3037 Animaduertit
726 3002 928 3049 Pompeius
954 3002 988 3038 V
1018 3015 1055 3049 p.
1084 3007 1170 3048 101,
1199 3007 1243 3039 18
1288 3003 1439 3050 Sergius
1464 3003 1516 3039 IV
1541 3016 1577 3050 p.
1598 3008 1687 3050 478,
1713 3008 1733 3039 2
1755 3004 1788 3040 K

243 3047 403 3085 istarum
427 3048 641 3086 litterarum
666 3060 787 3096 quam*
805 3050 1020 3087 nominibus
1046 3051 1245 3098 patiuntur
1269 3051 1531 3088 exclusionem.
