<?xml version="1.0" encoding="UTF-8"?>
<!DOCTYPE html PUBLIC "-//W3C//DTD XHTML 1.0 Transitional//EN"
    "http://www.w3.org/TR/xhtml1/DTD/xhtml1-transitional.dtd">
<html xmlns="http://www.w3.org/1999/xhtml" xml:lang="en" lang="en">
 <head>
  <title>
</title>
<meta http-equiv="Content-Type" content="text/html;charset=utf-8" />
  <meta name='ocr-system' content='tesseract 3.04.00' />
  <meta name='ocr-capabilities' content='ocr_page ocr_carea ocr_par ocr_line ocrx_word'/>
</head>
<body>
  <div class='ocr_page' id='page_1' title='image "./carminumreliquia02luciuoft_0039.png"; bbox 0 0 2060 3444; ppageno 0'>
   <div class='ocr_carea' id='block_1_1' title="bbox 908 259 1790 302">
    <p class='ocr_par' dir='ltr' id='par_1_1' title="bbox 908 259 1790 302">
     <span class='ocr_line' id='line_1_1' title="bbox 908 259 1790 302; baseline 0.008 -7"><span class='ocrx_word' id='word_1_1' title='bbox 908 260 925 295; x_wconf 89' lang='grc' dir='ltr'>Ι</span> <span class='ocrx_word' id='word_1_2' title='bbox 950 272 985 296; x_wconf 87' lang='lat' dir='ltr'><strong>u.</strong></span> <span class='ocrx_word' id='word_1_3' title='bbox 1014 264 1141 296; x_wconf 83' lang='lat'><strong>9-11.</strong></span> <span class='ocrx_word' id='word_1_4' title='bbox 1765 259 1790 302; x_wconf 85' lang='grc'><strong>7</strong></span> 
     </span>
    </p>
   </div>
   <div class='ocr_carea' id='block_1_2' title="bbox 239 360 1823 3079">
    <p class='ocr_par' dir='ltr' id='par_1_2' title="bbox 243 360 1792 546">
     <span class='ocr_line' id='line_1_2' title="bbox 244 360 1792 430; baseline -0.003 -13"><span class='ocrx_word' id='word_1_5' title='bbox 244 360 380 430; x_wconf 74' lang='grc' dir='ltr'><strong><em>ἡμέων</em></strong></span> <span class='ocrx_word' id='word_1_6' title='bbox 408 375 482 430; x_wconf 75' lang='grc' dir='ltr'><strong>γάρ</strong></span> <span class='ocrx_word' id='word_1_7' title='bbox 515 386 615 427; x_wconf 85' lang='grc' dir='ltr'><strong><em>φασι</em></strong></span> <span class='ocrx_word' id='word_1_8' title='bbox 646 371 729 415; x_wconf 80' lang='grc' dir='ltr'>κάκ’</span> <span class='ocrx_word' id='word_1_9' title='bbox 765 373 950 428; x_wconf 75' lang='grc' dir='ltr'><strong><em>ἔμμεναι,</em></strong></span> <span class='ocrx_word' id='word_1_10' title='bbox 982 374 1025 414; x_wconf 82' lang='grc' dir='ltr'><strong>οἵ</strong></span> <span class='ocrx_word' id='word_1_11' title='bbox 1052 370 1095 414; x_wconf 76' lang='grc' dir='ltr'><strong>δὲ</strong></span> <span class='ocrx_word' id='word_1_12' title='bbox 1125 372 1192 414; x_wconf 76' lang='grc' dir='ltr'><strong>καὶ</strong></span> <span class='ocrx_word' id='word_1_13' title='bbox 1223 372 1341 414; x_wconf 82' lang='grc' dir='ltr'><strong><em>αὐτοί</em></strong></span> <span class='ocrx_word' id='word_1_14' title='bbox 1368 379 1520 429; x_wconf 79' lang='grc' dir='ltr'><strong><em>σφῇσιν</em></strong></span> <span class='ocrx_word' id='word_1_15' title='bbox 1549 371 1792 430; x_wconf 75' lang='grc' dir='ltr'><strong><em>ἀτασθαλίῃ-</em></strong></span> 
     </span>
     <span class='ocr_line' id='line_1_3' title="bbox 244 431 1792 490; baseline -0.002 -13"><span class='ocrx_word' id='word_1_16' title='bbox 244 448 308 477; x_wconf 89' lang='grc' dir='ltr'><strong>σιν</strong></span> <span class='ocrx_word' id='word_1_17' title='bbox 338 433 438 490; x_wconf 77' lang='grc' dir='ltr'><strong>ὗπὲρ</strong></span> <span class='ocrx_word' id='word_1_18' title='bbox 470 434 594 489; x_wconf 84' lang='grc' dir='ltr'><strong><em>μόρον</em></strong></span> <span class='ocrx_word' id='word_1_19' title='bbox 625 431 725 490; x_wconf 77' lang='grc' dir='ltr'><strong><em>ἄλγε’</em></strong></span> <span class='ocrx_word' id='word_1_20' title='bbox 760 434 929 489; x_wconf 75' lang='grc' dir='ltr'><strong><em>ἔχουσιν.</em></strong></span> <span class='ocrx_word' id='word_1_21' title='bbox 979 434 1189 475; x_wconf 89' lang='lat' dir='ltr'><strong>Lucretius</strong></span> <span class='ocrx_word' id='word_1_22' title='bbox 1213 434 1234 473; x_wconf 91' lang='grc' dir='ltr'>Ι</span> <span class='ocrx_word' id='word_1_23' title='bbox 1261 435 1347 475; x_wconf 86' lang='grc'><strong>330</strong></span> <span class='ocrx_word' id='word_1_24' title='bbox 1380 434 1478 474; x_wconf 91' lang='lat' dir='ltr'><strong>alibi</strong></span> <span class='ocrx_word' id='word_1_25' title='bbox 1508 446 1646 475; x_wconf 91' lang='lat' dir='ltr'><strong>uersus</strong></span> <span class='ocrx_word' id='word_1_26' title='bbox 1674 433 1792 474; x_wconf 87' lang='lat' dir='ltr'><strong>Luci-</strong></span> 
     </span>
     <span class='ocr_line' id='line_1_4' title="bbox 243 491 1791 546; baseline -0.003 -8"><span class='ocrx_word' id='word_1_27' title='bbox 243 498 342 538; x_wconf 87' lang='lat' dir='ltr'><strong>liani</strong></span> <span class='ocrx_word' id='word_1_28' title='bbox 368 496 519 537; x_wconf 89' lang='lat' dir='ltr'><strong>exitum</strong></span> <span class='ocrx_word' id='word_1_29' title='bbox 544 509 659 537; x_wconf 89' lang='lat' dir='ltr'><strong>suum</strong></span> <span class='ocrx_word' id='word_1_30' title='bbox 685 496 782 536; x_wconf 88' lang='lat' dir='ltr'><strong>fecit</strong></span> <span class='ocrx_word' id='word_1_31' title='bbox 807 494 1006 536; x_wconf 89' lang='lat' dir='ltr'><strong>sententia</strong></span> <span class='ocrx_word' id='word_1_32' title='bbox 1023 496 1182 534; x_wconf 87' lang='lat' dir='ltr'><strong>mutata</strong></span> <span class='ocrx_word' id='word_1_33' title='bbox 1200 505 1372 546; x_wconf 76' lang='lat' dir='ltr'><strong>namque</strong></span> <span class='ocrx_word' id='word_1_34' title='bbox 1391 497 1446 534; x_wconf 78' lang='lat' dir='ltr'><strong>est</strong></span> <span class='ocrx_word' id='word_1_35' title='bbox 1463 495 1507 534; x_wconf 78' lang='lat' dir='ltr'><strong>in</strong></span> <span class='ocrx_word' id='word_1_36' title='bbox 1524 495 1640 534; x_wconf 81' lang='lat' dir='ltr'><strong>rebus</strong></span> <span class='ocrx_word' id='word_1_37' title='bbox 1659 491 1791 535; x_wconf 74' lang='lat' dir='ltr'><strong>v&#39;mcme.</strong></span> 
     </span>
    </p>

    <p class='ocr_par' dir='ltr' id='par_1_3' title="bbox 239 549 1823 2776">
     <span class='ocr_line' id='line_1_5' title="bbox 366 549 1792 609; baseline -0.001 -12"><span class='ocrx_word' id='word_1_38' title='bbox 366 551 443 598; x_wconf 83' lang='lat'><strong>10.</strong></span> <span class='ocrx_word' id='word_1_39' title='bbox 476 556 700 609; x_wconf 83' lang='lat' dir='ltr'><strong>Porphyrio</strong></span> <span class='ocrx_word' id='word_1_40' title='bbox 739 557 790 596; x_wconf 91' lang='lat' dir='ltr'><strong>ad</strong></span> <span class='ocrx_word' id='word_1_41' title='bbox 827 556 924 596; x_wconf 93' lang='lat' dir='ltr'><strong>Hor.</strong></span> <span class='ocrx_word' id='word_1_42' title='bbox 956 555 1071 607; x_wconf 87' lang='lat' dir='ltr'><strong>epist.</strong></span> <span class='ocrx_word' id='word_1_43' title='bbox 1098 555 1118 594; x_wconf 94' lang='lat' dir='ltr'>I</span> <span class='ocrx_word' id='word_1_44' title='bbox 1145 556 1183 605; x_wconf 84' lang='lat'>3,</span> <span class='ocrx_word' id='word_1_45' title='bbox 1205 556 1229 594; x_wconf 88' lang='lat'><strong>6</strong></span> <span class='ocrx_word' id='word_1_46' title='bbox 1270 549 1394 609; x_wconf 83' lang='lat' dir='ltr'><strong>(Quid</strong></span> <span class='ocrx_word' id='word_1_47' title='bbox 1431 555 1612 595; x_wconf 87' lang='lat' dir='ltr'><strong>studiosa</strong></span> <span class='ocrx_word' id='word_1_48' title='bbox 1652 555 1792 595; x_wconf 85' lang='lat' dir='ltr'>cohors</span> 
     </span>
     <span class='ocr_line' id='line_1_6' title="bbox 243 612 1793 672; baseline -0.003 -14"><span class='ocrx_word' id='word_1_49' title='bbox 243 631 408 670; x_wconf 88' lang='lat' dir='ltr'><strong>operum</strong></span> <span class='ocrx_word' id='word_1_50' title='bbox 439 612 607 672; x_wconf 78' lang='lat' dir='ltr'><strong>struit?)</strong></span> <span class='ocrx_word' id='word_1_51' title='bbox 647 613 814 657; x_wconf 77' lang='lat' dir='ltr'><strong>‘Cohors</strong></span> <span class='ocrx_word' id='word_1_52' title='bbox 845 628 950 655; x_wconf 91' lang='lat' dir='ltr'><strong>nunc</strong></span> <span class='ocrx_word' id='word_1_53' title='bbox 982 615 1112 655; x_wconf 85' lang='lat' dir='ltr'><strong>amici.</strong></span> <span class='ocrx_word' id='word_1_54' title='bbox 1173 615 1279 654; x_wconf 86' lang='lat' dir='ltr'><strong>Nam</strong></span> <span class='ocrx_word' id='word_1_55' title='bbox 1318 616 1360 654; x_wconf 86' lang='lat' dir='ltr'><strong>et</strong></span> <span class='ocrx_word' id='word_1_56' title='bbox 1391 615 1571 655; x_wconf 82' lang='lat' dir='ltr'><strong>Lucilius</strong></span> <span class='ocrx_word' id='word_1_57' title='bbox 1603 628 1687 665; x_wconf 91' lang='lat' dir='ltr'><strong>eos,</strong></span> <span class='ocrx_word' id='word_1_58' title='bbox 1723 615 1793 666; x_wconf 91' lang='lat' dir='ltr'><strong>qui</strong></span> 
     </span>
     <span class='ocr_line' id='line_1_7' title="bbox 242 670 1793 730; baseline -0.001 -12"><span class='ocrx_word' id='word_1_59' title='bbox 242 691 333 719; x_wconf 88' lang='lat' dir='ltr'><strong>cum</strong></span> <span class='ocrx_word' id='word_1_60' title='bbox 362 677 614 730; x_wconf 75' lang='lat' dir='ltr'><strong>praesidibus</strong></span> <span class='ocrx_word' id='word_1_61' title='bbox 647 678 698 717; x_wconf 86' lang='lat' dir='ltr'><strong>ad</strong></span> <span class='ocrx_word' id='word_1_62' title='bbox 730 677 921 718; x_wconf 84' lang='lat' dir='ltr'><strong>salarium</strong></span> <span class='ocrx_word' id='word_1_63' title='bbox 953 678 1060 726; x_wconf 87' lang='lat' dir='ltr'><strong>eunt,</strong></span> <span class='ocrx_word' id='word_1_64' title='bbox 1097 675 1400 715; x_wconf 85' lang='lat' dir='ltr'><strong>mercedimeras</strong></span> <span class='ocrx_word' id='word_1_65' title='bbox 1436 670 1627 729; x_wconf 80' lang='lat' dir='ltr'><em>(mercede</em></span> <span class='ocrx_word' id='word_1_66' title='bbox 1663 687 1793 716; x_wconf 81' lang='lat' dir='ltr'><strong>meras</strong></span> 
     </span>
     <span class='ocr_line' id='line_1_8' title="bbox 243 730 1792 791; baseline -0.003 -12"><span class='ocrx_word' id='word_1_67' title='bbox 243 738 361 780; x_wconf 84' lang='lat' dir='ltr'><strong>codd:</strong></span> <span class='ocrx_word' id='word_1_68' title='bbox 405 751 467 778; x_wconf 90' lang='lat' dir='ltr'><strong>em</strong></span> <span class='ocrx_word' id='word_1_69' title='bbox 504 738 798 790; x_wconf 85' lang='lat' dir='ltr'><strong>Nettleshipius</strong></span> <span class='ocrx_word' id='word_1_70' title='bbox 835 730 1121 791; x_wconf 87' lang='lat' dir='ltr'><strong>Buechelerus)</strong></span> <span class='ocrx_word' id='word_1_71' title='bbox 1165 736 1342 788; x_wconf 85' lang='lat' dir='ltr'>legiones</span> <span class='ocrx_word' id='word_1_72' title='bbox 1387 733 1472 775; x_wconf 87' lang='lat' dir='ltr'><strong>ait&#39;.</strong></span> <span class='ocrx_word' id='word_1_73' title='bbox 1545 735 1700 776; x_wconf 89' lang='lat' dir='ltr'><strong>Nonius</strong></span> <span class='ocrx_word' id='word_1_74' title='bbox 1745 749 1792 775; x_wconf 90' lang='lat' dir='ltr'><strong>ex</strong></span> 
     </span>
     <span class='ocr_line' id='line_1_9' title="bbox 242 794 1791 852; baseline -0.003 -13"><span class='ocrx_word' id='word_1_75' title='bbox 242 799 505 852; x_wconf 82' lang='lat' dir='ltr'><strong>grammatico</strong></span> <span class='ocrx_word' id='word_1_76' title='bbox 531 812 569 850; x_wconf 93' lang='lat' dir='ltr'><strong>p.</strong></span> <span class='ocrx_word' id='word_1_77' title='bbox 592 798 691 848; x_wconf 88' lang='lat'>345,</span> <span class='ocrx_word' id='word_1_78' title='bbox 711 799 738 838; x_wconf 87' lang='grc'>6</span> <span class='ocrx_word' id='word_1_79' title='bbox 765 794 920 847; x_wconf 84' lang='lat' dir='ltr'><strong>‘Meret,</strong></span> <span class='ocrx_word' id='word_1_80' title='bbox 950 796 1225 836; x_wconf 86' lang='lat' dir='ltr'><strong>humillimum</strong></span> <span class='ocrx_word' id='word_1_81' title='bbox 1250 798 1291 836; x_wconf 86' lang='lat' dir='ltr'><strong>et</strong></span> <span class='ocrx_word' id='word_1_82' title='bbox 1322 795 1640 836; x_wconf 87' lang='lat' dir='ltr'><strong>sordidissimum</strong></span> <span class='ocrx_word' id='word_1_83' title='bbox 1673 808 1791 847; x_wconf 86' lang='lat' dir='ltr'><strong>quae-</strong></span> 
     </span>
     <span class='ocr_line' id='line_1_10' title="bbox 243 852 1790 911; baseline -0.003 -12"><span class='ocrx_word' id='word_1_84' title='bbox 243 860 350 900; x_wconf 86' lang='lat' dir='ltr'><strong>stum</strong></span> <span class='ocrx_word' id='word_1_85' title='bbox 392 859 542 911; x_wconf 82' lang='lat' dir='ltr'><strong>capit..</strong></span> <span class='ocrx_word' id='word_1_86' title='bbox 577 889 584 897; x_wconf 93' lang='lat'><strong>.</strong></span> <span class='ocrx_word' id='word_1_87' title='bbox 618 889 627 898; x_wconf 91' lang='lat'><strong>.</strong></span> <span class='ocrx_word' id='word_1_88' title='bbox 659 858 837 898; x_wconf 82' lang='lat' dir='ltr'><strong>Lucilius</strong></span> <span class='ocrx_word' id='word_1_89' title='bbox 874 857 942 897; x_wconf 90' lang='lat' dir='ltr'><strong>lib.</strong></span> <span class='ocrx_word' id='word_1_90' title='bbox 968 857 989 895; x_wconf 90' lang='grc' dir='ltr'>Ι</span> <span class='ocrx_word' id='word_1_91' title='bbox 1034 854 1102 896; x_wconf 76' lang='lat' dir='ltr'><strong>“et</strong></span> <span class='ocrx_word' id='word_1_92' title='bbox 1143 857 1314 896; x_wconf 81' lang='lat' dir='ltr'><strong>mercede</strong></span> <span class='ocrx_word' id='word_1_93' title='bbox 1359 859 1479 896; x_wconf 72' lang='lat' dir='ltr'><strong>‘meret</strong></span> <span class='ocrx_word' id='word_1_94' title='bbox 1519 852 1790 906; x_wconf 67' lang='lat' dir='ltr'><strong>releyiones’&#39;.’</strong></span> 
     </span>
     <span class='ocr_line' id='line_1_11' title="bbox 242 915 1792 969; baseline -0.003 -9"><span class='ocrx_word' id='word_1_95' title='bbox 242 919 390 960; x_wconf 87' lang='lat' dir='ltr'><strong>Poetae</strong></span> <span class='ocrx_word' id='word_1_96' title='bbox 419 919 545 960; x_wconf 90' lang='lat' dir='ltr'><strong>uerba</strong></span> <span class='ocrx_word' id='word_1_97' title='bbox 575 918 786 958; x_wconf 85' lang='lat' dir='ltr'><strong>restituere</strong></span> <span class='ocrx_word' id='word_1_98' title='bbox 816 917 1110 969; x_wconf 86' lang='lat' dir='ltr'><strong>Nettleshipius</strong></span> <span class='ocrx_word' id='word_1_99' title='bbox 1141 917 1245 956; x_wconf 91' lang='lat' dir='ltr'><strong>teste</strong></span> <span class='ocrx_word' id='word_1_100' title='bbox 1272 916 1451 956; x_wconf 88' lang='lat' dir='ltr'><strong>Holdero</strong></span> <span class='ocrx_word' id='word_1_101' title='bbox 1482 915 1525 955; x_wconf 90' lang='lat' dir='ltr'><strong>in</strong></span> <span class='ocrx_word' id='word_1_102' title='bbox 1550 915 1792 968; x_wconf 82' lang='lat' dir='ltr'><strong>Porphyrio-</strong></span> 
     </span>
     <span class='ocr_line' id='line_1_12' title="bbox 241 976 1792 1028; baseline -0.003 -8"><span class='ocrx_word' id='word_1_103' title='bbox 241 981 304 1020; x_wconf 87' lang='lat' dir='ltr'><strong>nis</strong></span> <span class='ocrx_word' id='word_1_104' title='bbox 336 980 431 1020; x_wconf 89' lang='lat' dir='ltr'><strong>edit.</strong></span> <span class='ocrx_word' id='word_1_105' title='bbox 460 980 485 1019; x_wconf 94' lang='lat'><strong>1.</strong></span> <span class='ocrx_word' id='word_1_106' title='bbox 518 992 546 1019; x_wconf 93' lang='lat' dir='ltr'><strong>s.</strong></span> <span class='ocrx_word' id='word_1_107' title='bbox 579 993 608 1020; x_wconf 91' lang='lat' dir='ltr'><strong>s.</strong></span> <span class='ocrx_word' id='word_1_108' title='bbox 642 981 683 1018; x_wconf 87' lang='lat' dir='ltr'><strong>et</strong></span> <span class='ocrx_word' id='word_1_109' title='bbox 720 978 987 1018; x_wconf 90' lang='lat' dir='ltr'><strong>Buechelerus</strong></span> <span class='ocrx_word' id='word_1_110' title='bbox 1024 977 1126 1018; x_wconf 90' lang='lat' dir='ltr'><strong>Mus.</strong></span> <span class='ocrx_word' id='word_1_111' title='bbox 1152 977 1276 1017; x_wconf 86' lang='lat' dir='ltr'><strong>Rhen.</strong></span> <span class='ocrx_word' id='word_1_112' title='bbox 1303 976 1476 1016; x_wconf 84' lang='lat' dir='ltr'>XLVIII</span> <span class='ocrx_word' id='word_1_113' title='bbox 1504 977 1618 1017; x_wconf 85' lang='lat'>1893</span> <span class='ocrx_word' id='word_1_114' title='bbox 1651 990 1688 1028; x_wconf 90' lang='lat' dir='ltr'><strong>p.</strong></span> <span class='ocrx_word' id='word_1_115' title='bbox 1717 977 1792 1016; x_wconf 84' lang='lat'><strong>87:</strong></span> 
     </span>
     <span class='ocr_line' id='line_1_13' title="bbox 241 1036 1792 1092; baseline -0.003 -11"><span class='ocrx_word' id='word_1_116' title='bbox 241 1041 372 1081; x_wconf 89' lang='lat' dir='ltr'><strong>multo</strong></span> <span class='ocrx_word' id='word_1_117' title='bbox 405 1041 580 1092; x_wconf 88' lang='lat' dir='ltr'><strong>optimus</strong></span> <span class='ocrx_word' id='word_1_118' title='bbox 611 1039 686 1078; x_wconf 89' lang='lat' dir='ltr'><strong>hoc</strong></span> <span class='ocrx_word' id='word_1_119' title='bbox 717 1039 804 1078; x_wconf 93' lang='lat' dir='ltr'><strong>loco</strong></span> <span class='ocrx_word' id='word_1_120' title='bbox 837 1039 898 1078; x_wconf 88' lang='lat' dir='ltr'><strong>est</strong></span> <span class='ocrx_word' id='word_1_121' title='bbox 929 1037 1002 1078; x_wconf 91' lang='lat' dir='ltr'><strong>cod</strong></span> <span class='ocrx_word' id='word_1_122' title='bbox 1032 1037 1240 1078; x_wconf 88' lang='lat' dir='ltr'><strong>Leidensis</strong></span> <span class='ocrx_word' id='word_1_123' title='bbox 1271 1037 1394 1077; x_wconf 90' lang='lat' dir='ltr'><strong>Nonii</strong></span> <span class='ocrx_word' id='word_1_124' title='bbox 1425 1036 1610 1077; x_wconf 89' lang='lat' dir='ltr'><strong>lectionis</strong></span> <span class='ocrx_word' id='word_1_125' title='bbox 1643 1038 1792 1087; x_wconf 88' lang='lat' dir='ltr'><strong>auctor,</strong></span> 
     </span>
     <span class='ocr_line' id='line_1_14' title="bbox 242 1097 1792 1152; baseline -0.003 -11"><span class='ocrx_word' id='word_1_126' title='bbox 242 1101 313 1152; x_wconf 90' lang='lat' dir='ltr'><strong>qui</strong></span> <span class='ocrx_word' id='word_1_127' title='bbox 342 1114 393 1141; x_wconf 88' lang='lat' dir='ltr'><strong>m.</strong></span> <span class='ocrx_word' id='word_1_128' title='bbox 418 1103 439 1140; x_wconf 91' lang='lat'>1</span> <span class='ocrx_word' id='word_1_129' title='bbox 475 1100 622 1140; x_wconf 89' lang='lat' dir='ltr'><strong>habeat</strong></span> <span class='ocrx_word' id='word_1_130' title='bbox 646 1100 867 1149; x_wconf 74' lang='lat' dir='ltr'><strong>releyiones,</strong></span> <span class='ocrx_word' id='word_1_131' title='bbox 900 1111 991 1138; x_wconf 91' lang='lat' dir='ltr'><strong>cum</strong></span> <span class='ocrx_word' id='word_1_132' title='bbox 1018 1098 1165 1149; x_wconf 82' lang='lat' dir='ltr'><strong>reliqui</strong></span> <span class='ocrx_word' id='word_1_133' title='bbox 1189 1097 1366 1138; x_wconf 87' lang='lat' dir='ltr'><strong>habeant</strong></span> <span class='ocrx_word' id='word_1_134' title='bbox 1390 1097 1624 1150; x_wconf 84' lang='lat' dir='ltr'><strong>religiones:</strong></span> <span class='ocrx_word' id='word_1_135' title='bbox 1657 1097 1792 1137; x_wconf 87' lang='lat' dir='ltr'><strong>arche-</strong></span> 
     </span>
     <span class='ocr_line' id='line_1_15' title="bbox 241 1157 1795 1213; baseline -0.003 -13"><span class='ocrx_word' id='word_1_136' title='bbox 241 1162 363 1213; x_wconf 83' lang='lat' dir='ltr'><strong>typus</strong></span> <span class='ocrx_word' id='word_1_137' title='bbox 399 1160 544 1200; x_wconf 84' lang='lat' dir='ltr'><strong>habuit</strong></span> <span class='ocrx_word' id='word_1_138' title='bbox 579 1159 886 1209; x_wconf 88' lang='lat' dir='ltr'><strong>mercedemere,</strong></span> <span class='ocrx_word' id='word_1_139' title='bbox 930 1159 996 1198; x_wconf 88' lang='lat' dir='ltr'><strong>cui</strong></span> <span class='ocrx_word' id='word_1_140' title='bbox 1032 1158 1230 1199; x_wconf 92' lang='lat' dir='ltr'><strong>uocabulo</strong></span> <span class='ocrx_word' id='word_1_141' title='bbox 1268 1159 1583 1210; x_wconf 88' lang='lat' dir='ltr'><strong>superscriptum</strong></span> <span class='ocrx_word' id='word_1_142' title='bbox 1620 1157 1700 1197; x_wconf 82' lang='lat' dir='ltr'><strong>fuit</strong></span> <span class='ocrx_word' id='word_1_143' title='bbox 1735 1161 1795 1197; x_wconf 81' lang='lat' dir='ltr'><strong>ret</strong></span> 
     </span>
     <span class='ocr_line' id='line_1_16' title="bbox 241 1216 1793 1273; baseline -0.003 -12"><span class='ocrx_word' id='word_1_144' title='bbox 241 1220 407 1273; x_wconf 82' lang='lat' dir='ltr'><strong>syllaba.</strong></span> <span class='ocrx_word' id='word_1_145' title='bbox 458 1221 620 1260; x_wconf 88' lang='lat' dir='ltr'><strong>Nouum</strong></span> <span class='ocrx_word' id='word_1_146' title='bbox 650 1221 725 1260; x_wconf 93' lang='lat' dir='ltr'><strong>hoc</strong></span> <span class='ocrx_word' id='word_1_147' title='bbox 756 1221 919 1271; x_wconf 88' lang='lat' dir='ltr'><strong>poetam</strong></span> <span class='ocrx_word' id='word_1_148' title='bbox 950 1219 1184 1270; x_wconf 87' lang='lat' dir='ltr'><strong>produxisse</strong></span> <span class='ocrx_word' id='word_1_149' title='bbox 1214 1218 1457 1258; x_wconf 91' lang='lat' dir='ltr'><strong>uocabulum</strong></span> <span class='ocrx_word' id='word_1_150' title='bbox 1484 1216 1793 1258; x_wconf 87' lang='lat' dir='ltr'><strong>mercedimerus</strong></span> 
     </span>
     <span class='ocr_line' id='line_1_17' title="bbox 242 1278 1792 1334; baseline -0.002 -13"><span class='ocrx_word' id='word_1_151' title='bbox 242 1282 294 1322; x_wconf 87' lang='lat' dir='ltr'><strong>ad</strong></span> <span class='ocrx_word' id='word_1_152' title='bbox 331 1280 554 1334; x_wconf 80' lang='grc' dir='ltr'><strong><em>μίσθαρνος</em></strong></span> <span class='ocrx_word' id='word_1_153' title='bbox 592 1279 789 1320; x_wconf 83' lang='lat' dir='ltr'><strong>Graecum</strong></span> <span class='ocrx_word' id='word_1_154' title='bbox 827 1281 989 1319; x_wconf 88' lang='lat' dir='ltr'><strong>enarrat</strong></span> <span class='ocrx_word' id='word_1_155' title='bbox 1025 1279 1292 1319; x_wconf 89' lang='lat' dir='ltr'><strong>Buechelerus</strong></span> <span class='ocrx_word' id='word_1_156' title='bbox 1330 1279 1355 1318; x_wconf 93' lang='grc'><strong>1.</strong></span> <span class='ocrx_word' id='word_1_157' title='bbox 1388 1291 1418 1319; x_wconf 87' lang='lat' dir='ltr'><strong>s.</strong></span> <span class='ocrx_word' id='word_1_158' title='bbox 1453 1278 1650 1331; x_wconf 80' lang='lat' dir='ltr'><strong>Legiones</strong></span> <span class='ocrx_word' id='word_1_159' title='bbox 1689 1291 1792 1330; x_wconf 90' lang='lat' dir='ltr'><strong>quae</strong></span> 
     </span>
     <span class='ocr_line' id='line_1_18' title="bbox 242 1339 1791 1393; baseline -0.003 -11"><span class='ocrx_word' id='word_1_160' title='bbox 242 1342 467 1393; x_wconf 80' lang='lat' dir='ltr'><strong>antiquitus</strong></span> <span class='ocrx_word' id='word_1_161' title='bbox 505 1341 748 1392; x_wconf 73' lang='lat' dir='ltr'><strong>stipendium</strong></span> <span class='ocrx_word' id='word_1_162' title='bbox 785 1339 1012 1391; x_wconf 86' lang='lat' dir='ltr'><strong>acceperint</strong></span> <span class='ocrx_word' id='word_1_163' title='bbox 1050 1353 1141 1379; x_wconf 86' lang='lat' dir='ltr'><strong>cum</strong></span> <span class='ocrx_word' id='word_1_164' title='bbox 1179 1339 1241 1379; x_wconf 89' lang='lat' dir='ltr'><strong>his</strong></span> <span class='ocrx_word' id='word_1_165' title='bbox 1278 1339 1411 1379; x_wconf 92' lang='lat' dir='ltr'><strong>uerbis</strong></span> <span class='ocrx_word' id='word_1_166' title='bbox 1457 1353 1481 1378; x_wconf 93' lang='lat' dir='ltr'><strong>a</strong></span> <span class='ocrx_word' id='word_1_167' title='bbox 1522 1340 1644 1391; x_wconf 91' lang='lat' dir='ltr'><strong>poeta</strong></span> <span class='ocrx_word' id='word_1_168' title='bbox 1687 1339 1791 1379; x_wconf 87' lang='lat' dir='ltr'><strong>uitu-</strong></span> 
     </span>
     <span class='ocr_line' id='line_1_19' title="bbox 241 1399 1792 1454; baseline -0.003 -12"><span class='ocrx_word' id='word_1_169' title='bbox 241 1403 374 1454; x_wconf 89' lang='lat' dir='ltr'><strong>perari</strong></span> <span class='ocrx_word' id='word_1_170' title='bbox 407 1402 514 1441; x_wconf 91' lang='lat' dir='ltr'><strong>credi</strong></span> <span class='ocrx_word' id='word_1_171' title='bbox 545 1415 625 1441; x_wconf 91' lang='lat' dir='ltr'><strong>non</strong></span> <span class='ocrx_word' id='word_1_172' title='bbox 656 1401 802 1453; x_wconf 83' lang='lat' dir='ltr'><strong>possit,</strong></span> <span class='ocrx_word' id='word_1_173' title='bbox 840 1400 1003 1440; x_wconf 78' lang='lat' dir='ltr'><strong>Horatii</strong></span> <span class='ocrx_word' id='word_1_174' title='bbox 1034 1400 1272 1440; x_wconf 86' lang='lat' dir='ltr'><strong>credendum</strong></span> <span class='ocrx_word' id='word_1_175' title='bbox 1304 1401 1381 1439; x_wconf 89' lang='lat' dir='ltr'><strong>erit</strong></span> <span class='ocrx_word' id='word_1_176' title='bbox 1410 1399 1622 1451; x_wconf 72' lang='lat' dir='ltr'><strong>interpreti</strong></span> <span class='ocrx_word' id='word_1_177' title='bbox 1655 1400 1792 1438; x_wconf 88' lang='lat' dir='ltr'><strong>cohor—</strong></span> 
     </span>
     <span class='ocr_line' id='line_1_20' title="bbox 241 1459 1793 1514; baseline -0.003 -11"><span class='ocrx_word' id='word_1_178' title='bbox 241 1465 324 1502; x_wconf 90' lang='lat' dir='ltr'><strong>tem</strong></span> <span class='ocrx_word' id='word_1_179' title='bbox 354 1462 600 1514; x_wconf 80' lang='lat' dir='ltr'><strong>praetoriam</strong></span> <span class='ocrx_word' id='word_1_180' title='bbox 630 1462 705 1502; x_wconf 89' lang='lat' dir='ltr'><strong>hoc</strong></span> <span class='ocrx_word' id='word_1_181' title='bbox 721 1460 987 1500; x_wconf 16' lang='lat' dir='ltr'><strong>,hemistichio</strong></span> <span class='ocrx_word' id='word_1_182' title='bbox 1019 1460 1168 1500; x_wconf 86' lang='lat' dir='ltr'><strong>Lucilii</strong></span> <span class='ocrx_word' id='word_1_183' title='bbox 1204 1461 1356 1500; x_wconf 76' lang='lat' dir='ltr'><strong>lacessi.</strong></span> <span class='ocrx_word' id='word_1_184' title='bbox 1421 1459 1551 1506; x_wconf 86' lang='lat' dir='ltr'><strong>Quam</strong></span> <span class='ocrx_word' id='word_1_185' title='bbox 1589 1460 1793 1499; x_wconf 88' lang='lat' dir='ltr'><strong>cohortem</strong></span> 
     </span>
     <span class='ocr_line' id='line_1_21' title="bbox 242 1517 1793 1575; baseline -0.003 -12"><span class='ocrx_word' id='word_1_186' title='bbox 242 1522 471 1575; x_wconf 83' lang='lat' dir='ltr'><strong>Scipionem</strong></span> <span class='ocrx_word' id='word_1_187' title='bbox 496 1521 768 1563; x_wconf 82' lang='lat' dir='ltr'><strong>Aemilianum</strong></span> <span class='ocrx_word' id='word_1_188' title='bbox 795 1535 899 1561; x_wconf 85' lang='lat' dir='ltr'><strong>anno</strong></span> <span class='ocrx_word' id='word_1_189' title='bbox 921 1517 1109 1573; x_wconf 72' lang='lat' dir='ltr'><strong>620s134</strong></span> <span class='ocrx_word' id='word_1_190' title='bbox 1136 1521 1372 1561; x_wconf 86' lang='lat' dir='ltr'><strong>instruxisse</strong></span> <span class='ocrx_word' id='word_1_191' title='bbox 1399 1521 1613 1571; x_wconf 87' lang='lat' dir='ltr'><strong>scriptores</strong></span> <span class='ocrx_word' id='word_1_192' title='bbox 1639 1522 1793 1560; x_wconf 89' lang='lat' dir='ltr'><strong>ueteres</strong></span> 
     </span>
     <span class='ocr_line' id='line_1_22' title="bbox 239 1579 1793 1635; baseline -0.003 -12"><span class='ocrx_word' id='word_1_193' title='bbox 239 1583 424 1623; x_wconf 86' lang='lat' dir='ltr'><strong>tradunt:</strong></span> <span class='ocrx_word' id='word_1_194' title='bbox 455 1583 562 1623; x_wconf 86' lang='lat' dir='ltr'><strong>Fest.</strong></span> <span class='ocrx_word' id='word_1_195' title='bbox 593 1597 632 1635; x_wconf 90' lang='lat' dir='ltr'><strong>p.</strong></span> <span class='ocrx_word' id='word_1_196' title='bbox 661 1582 813 1622; x_wconf 85' lang='lat' dir='ltr'><strong>223M:</strong></span> <span class='ocrx_word' id='word_1_197' title='bbox 847 1579 1072 1621; x_wconf 87' lang='lat' dir='ltr'><strong>‘Praetoria</strong></span> <span class='ocrx_word' id='word_1_198' title='bbox 1104 1581 1244 1620; x_wconf 84' lang='lat' dir='ltr'><strong>cohors</strong></span> <span class='ocrx_word' id='word_1_199' title='bbox 1277 1582 1337 1621; x_wconf 83' lang='lat' dir='ltr'><strong>est</strong></span> <span class='ocrx_word' id='word_1_200' title='bbox 1362 1580 1471 1620; x_wconf 89' lang='lat' dir='ltr'><strong>dicta</strong></span> <span class='ocrx_word' id='word_1_201' title='bbox 1496 1580 1605 1632; x_wconf 89' lang='lat' dir='ltr'><strong>quod</strong></span> <span class='ocrx_word' id='word_1_202' title='bbox 1631 1593 1655 1619; x_wconf 92' lang='lat' dir='ltr'><strong>a</strong></span> <span class='ocrx_word' id='word_1_203' title='bbox 1679 1593 1793 1631; x_wconf 87' lang='lat' dir='ltr'><strong>prae-</strong></span> 
     </span>
     <span class='ocr_line' id='line_1_23' title="bbox 241 1640 1793 1693; baseline -0.003 -10"><span class='ocrx_word' id='word_1_204' title='bbox 241 1645 328 1683; x_wconf 89' lang='lat' dir='ltr'><strong>tore</strong></span> <span class='ocrx_word' id='word_1_205' title='bbox 359 1655 440 1682; x_wconf 90' lang='lat' dir='ltr'><strong>non</strong></span> <span class='ocrx_word' id='word_1_206' title='bbox 472 1642 710 1683; x_wconf 86' lang='lat' dir='ltr'><strong>discedebat.</strong></span> <span class='ocrx_word' id='word_1_207' title='bbox 775 1641 908 1693; x_wconf 85' lang='lat' dir='ltr'><strong>Scipio</strong></span> <span class='ocrx_word' id='word_1_208' title='bbox 943 1642 1051 1681; x_wconf 85' lang='lat' dir='ltr'><strong>enim</strong></span> <span class='ocrx_word' id='word_1_209' title='bbox 1080 1640 1298 1681; x_wconf 84' lang='lat' dir='ltr'><strong>Africanus</strong></span> <span class='ocrx_word' id='word_1_210' title='bbox 1336 1641 1491 1692; x_wconf 88' lang='lat' dir='ltr'><strong>primus</strong></span> <span class='ocrx_word' id='word_1_211' title='bbox 1528 1640 1793 1680; x_wconf 87' lang='lat' dir='ltr'><strong>fortissimum</strong></span> 
     </span>
     <span class='ocr_line' id='line_1_24' title="bbox 241 1701 1792 1755; baseline -0.002 -12"><span class='ocrx_word' id='word_1_212' title='bbox 241 1716 438 1755; x_wconf 89' lang='lat' dir='ltr'><strong>quemque</strong></span> <span class='ocrx_word' id='word_1_213' title='bbox 476 1703 627 1754; x_wconf 89' lang='lat' dir='ltr'><strong>delegit</strong></span> <span class='ocrx_word' id='word_1_214' title='bbox 664 1702 733 1753; x_wconf 89' lang='lat' dir='ltr'><strong>qui</strong></span> <span class='ocrx_word' id='word_1_215' title='bbox 772 1702 820 1741; x_wconf 85' lang='lat' dir='ltr'><strong>ab</strong></span> <span class='ocrx_word' id='word_1_216' title='bbox 858 1715 905 1741; x_wconf 91' lang='lat' dir='ltr'><strong>eo</strong></span> <span class='ocrx_word' id='word_1_217' title='bbox 942 1703 986 1740; x_wconf 94' lang='lat' dir='ltr'><strong>in</strong></span> <span class='ocrx_word' id='word_1_218' title='bbox 1022 1701 1128 1741; x_wconf 90' lang='lat' dir='ltr'><strong>bello</strong></span> <span class='ocrx_word' id='word_1_219' title='bbox 1166 1715 1246 1741; x_wconf 91' lang='lat' dir='ltr'><strong>non</strong></span> <span class='ocrx_word' id='word_1_220' title='bbox 1285 1701 1533 1741; x_wconf 82' lang='lat' dir='ltr'><strong>discederent</strong></span> <span class='ocrx_word' id='word_1_221' title='bbox 1577 1702 1618 1740; x_wconf 88' lang='lat' dir='ltr'><strong>et</strong></span> <span class='ocrx_word' id='word_1_222' title='bbox 1661 1702 1792 1741; x_wconf 86' lang='lat' dir='ltr'><strong>cetero</strong></span> 
     </span>
     <span class='ocr_line' id='line_1_25' title="bbox 241 1758 1792 1812; baseline -0.002 -9"><span class='ocrx_word' id='word_1_223' title='bbox 241 1777 406 1804; x_wconf 88' lang='lat' dir='ltr'><strong>munere</strong></span> <span class='ocrx_word' id='word_1_224' title='bbox 442 1763 614 1803; x_wconf 82' lang='lat' dir='ltr'><strong>militiae</strong></span> <span class='ocrx_word' id='word_1_225' title='bbox 650 1763 843 1802; x_wconf 88' lang='lat' dir='ltr'><strong>uacarent</strong></span> <span class='ocrx_word' id='word_1_226' title='bbox 886 1763 927 1801; x_wconf 90' lang='lat' dir='ltr'><strong>et</strong></span> <span class='ocrx_word' id='word_1_227' title='bbox 969 1762 1197 1812; x_wconf 82' lang='lat' dir='ltr'><strong>sesquiplex</strong></span> <span class='ocrx_word' id='word_1_228' title='bbox 1240 1761 1487 1812; x_wconf 85' lang='lat' dir='ltr'><strong>stipendium</strong></span> <span class='ocrx_word' id='word_1_229' title='bbox 1530 1758 1792 1812; x_wconf 88' lang='lat' dir='ltr'><strong>acciperent&#39;:</strong></span> 
     </span>
     <span class='ocr_line' id='line_1_26' title="bbox 243 1820 1793 1875; baseline -0.002 -12"><span class='ocrx_word' id='word_1_230' title='bbox 243 1836 342 1875; x_wconf 91' lang='lat' dir='ltr'><strong>quos</strong></span> <span class='ocrx_word' id='word_1_231' title='bbox 372 1823 553 1864; x_wconf 89' lang='lat' dir='ltr'><strong>homines</strong></span> <span class='ocrx_word' id='word_1_232' title='bbox 578 1823 788 1874; x_wconf 88' lang='lat' dir='ltr'><strong>Appianus</strong></span> <span class='ocrx_word' id='word_1_233' title='bbox 813 1821 914 1862; x_wconf 90' lang='lat' dir='ltr'><strong>Iber.</strong></span> <span class='ocrx_word' id='word_1_234' title='bbox 937 1823 992 1862; x_wconf 89' lang='grc'><strong>84</strong></span> <span class='ocrx_word' id='word_1_235' title='bbox 1025 1822 1149 1862; x_wconf 87' lang='lat' dir='ltr'><strong>fuisse</strong></span> <span class='ocrx_word' id='word_1_236' title='bbox 1175 1823 1315 1861; x_wconf 89' lang='lat' dir='ltr'><strong>narrat</strong></span> <span class='ocrx_word' id='word_1_237' title='bbox 1340 1821 1484 1873; x_wconf 83' lang='grc' dir='ltr'><strong><em>φίλους</em></strong></span> <span class='ocrx_word' id='word_1_238' title='bbox 1508 1820 1793 1869; x_wconf 80' lang='grc' dir='ltr'><strong><em>πεντακοσίους</em></strong></span> 
     </span>
     <span class='ocr_line' id='line_1_27' title="bbox 243 1876 1793 1936; baseline -0.003 -12"><span class='ocrx_word' id='word_1_239' title='bbox 243 1883 314 1932; x_wconf 81' lang='grc' dir='ltr'><strong>οὓς</strong></span> <span class='ocrx_word' id='word_1_240' title='bbox 344 1882 385 1932; x_wconf 82' lang='grc' dir='ltr'><strong>ἐς</strong></span> <span class='ocrx_word' id='word_1_241' title='bbox 417 1883 506 1935; x_wconf 86' lang='grc' dir='ltr'><strong><em>ἴλην</em></strong></span> <span class='ocrx_word' id='word_1_242' title='bbox 537 1882 748 1932; x_wconf 78' lang='grc' dir='ltr'><strong><em>καταλέξας</em></strong></span> <span class='ocrx_word' id='word_1_243' title='bbox 779 1881 906 1922; x_wconf 79' lang='grc' dir='ltr'><em>ἐκάλει</em></span> <span class='ocrx_word' id='word_1_244' title='bbox 938 1882 1067 1934; x_wconf 85' lang='grc' dir='ltr'><strong><em>φίλων</em></strong></span> <span class='ocrx_word' id='word_1_245' title='bbox 1099 1881 1190 1933; x_wconf 82' lang='grc' dir='ltr'><strong><em>ἴλην</em></strong></span> <span class='ocrx_word' id='word_1_246' title='bbox 1220 1876 1509 1936; x_wconf 88' lang='lat' dir='ltr'><strong>(Mommsenus</strong></span> <span class='ocrx_word' id='word_1_247' title='bbox 1535 1882 1671 1921; x_wconf 90' lang='lat' dir='ltr'><strong>Herm.</strong></span> <span class='ocrx_word' id='word_1_248' title='bbox 1698 1881 1793 1920; x_wconf 91' lang='lat' dir='ltr'><strong>XIV</strong></span> 
     </span>
     <span class='ocr_line' id='line_1_28' title="bbox 245 1937 1793 1996; baseline -0.001 -13"><span class='ocrx_word' id='word_1_249' title='bbox 245 1945 358 1984; x_wconf 82' lang='lat'>1879</span> <span class='ocrx_word' id='word_1_250' title='bbox 386 1958 424 1995; x_wconf 89' lang='lat' dir='ltr'><strong>p.</strong></span> <span class='ocrx_word' id='word_1_251' title='bbox 452 1945 506 1983; x_wconf 83' lang='lat'><strong>27</strong></span> <span class='ocrx_word' id='word_1_252' title='bbox 546 1943 594 1983; x_wconf 88' lang='lat' dir='ltr'><strong>de</strong></span> <span class='ocrx_word' id='word_1_253' title='bbox 625 1945 711 1982; x_wconf 89' lang='lat' dir='ltr'><strong>iure</strong></span> <span class='ocrx_word' id='word_1_254' title='bbox 743 1943 851 1993; x_wconf 90' lang='lat' dir='ltr'><strong>publ.</strong></span> <span class='ocrx_word' id='word_1_255' title='bbox 878 1956 915 1994; x_wconf 89' lang='lat' dir='ltr'><strong>p.</strong></span> <span class='ocrx_word' id='word_1_256' title='bbox 942 1943 989 1981; x_wconf 79' lang='lat' dir='ltr'><strong>R.</strong></span> <span class='ocrx_word' id='word_1_257' title='bbox 1015 1942 1058 1982; x_wconf 94' lang='grc' dir='ltr'><strong>ΙΙ</strong></span> <span class='ocrx_word' id='word_1_258' title='bbox 1085 1944 1108 1982; x_wconf 87' lang='grc'>2</span> <span class='ocrx_word' id='word_1_259' title='bbox 1142 1937 1300 1996; x_wconf 84' lang='grc'>(1887)</span> <span class='ocrx_word' id='word_1_260' title='bbox 1333 1956 1371 1993; x_wconf 91' lang='grc' dir='ltr'><strong>Ρ.</strong></span> <span class='ocrx_word' id='word_1_261' title='bbox 1400 1943 1485 1982; x_wconf 86' lang='grc'><strong>863</strong></span> <span class='ocrx_word' id='word_1_262' title='bbox 1524 1942 1793 1992; x_wconf 85' lang='lat' dir='ltr'><strong>Marquardtii</strong></span> 
     </span>
     <span class='ocr_line' id='line_1_29' title="bbox 244 1997 1792 2058; baseline -0.002 -14"><span class='ocrx_word' id='word_1_263' title='bbox 244 2004 433 2044; x_wconf 85' lang='lat' dir='ltr'><strong>enchirid.</strong></span> <span class='ocrx_word' id='word_1_264' title='bbox 460 2004 498 2042; x_wconf 92' lang='lat' dir='ltr'><strong>V</strong></span> <span class='ocrx_word' id='word_1_265' title='bbox 530 1998 687 2058; x_wconf 87' lang='lat'>(1884)</span> <span class='ocrx_word' id='word_1_266' title='bbox 719 2018 757 2055; x_wconf 92' lang='lat' dir='ltr'><strong>p.</strong></span> <span class='ocrx_word' id='word_1_267' title='bbox 786 1997 903 2057; x_wconf 83' lang='lat'><strong>402).</strong></span> <span class='ocrx_word' id='word_1_268' title='bbox 957 2001 1171 2042; x_wconf 83' lang='lat' dir='ltr'><strong>Cohortem</strong></span> <span class='ocrx_word' id='word_1_269' title='bbox 1202 2015 1291 2041; x_wconf 90' lang='lat' dir='ltr'><strong>eam</strong></span> <span class='ocrx_word' id='word_1_270' title='bbox 1322 2002 1508 2042; x_wconf 88' lang='lat' dir='ltr'><strong>dixerunt</strong></span> <span class='ocrx_word' id='word_1_271' title='bbox 1532 2001 1670 2041; x_wconf 90' lang='lat' dir='ltr'><strong>Latini</strong></span> <span class='ocrx_word' id='word_1_272' title='bbox 1696 2003 1792 2052; x_wconf 87' lang='lat' dir='ltr'><strong>quia</strong></span> 
     </span>
     <span class='ocr_line' id='line_1_30' title="bbox 242 2062 1794 2114; baseline -0.003 -10"><span class='ocrx_word' id='word_1_273' title='bbox 242 2077 408 2105; x_wconf 89' lang='lat' dir='ltr'><strong>numero</strong></span> <span class='ocrx_word' id='word_1_274' title='bbox 438 2065 520 2103; x_wconf 85' lang='lat' dir='ltr'><strong>fere</strong></span> <span class='ocrx_word' id='word_1_275' title='bbox 555 2064 628 2103; x_wconf 89' lang='lat' dir='ltr'><strong>illa</strong></span> <span class='ocrx_word' id='word_1_276' title='bbox 671 2064 875 2103; x_wconf 90' lang='lat' dir='ltr'><strong>cohortem</strong></span> <span class='ocrx_word' id='word_1_277' title='bbox 919 2063 1136 2114; x_wconf 78' lang='lat' dir='ltr'><strong>aequabat:</strong></span> <span class='ocrx_word' id='word_1_278' title='bbox 1181 2063 1393 2102; x_wconf 86' lang='lat' dir='ltr'><strong>constabat</strong></span> <span class='ocrx_word' id='word_1_279' title='bbox 1430 2064 1471 2102; x_wconf 91' lang='lat' dir='ltr'><strong>et</strong></span> <span class='ocrx_word' id='word_1_280' title='bbox 1512 2062 1715 2113; x_wconf 89' lang='lat' dir='ltr'><strong>peditibus</strong></span> <span class='ocrx_word' id='word_1_281' title='bbox 1754 2064 1794 2100; x_wconf 89' lang='lat' dir='ltr'><strong>et</strong></span> 
     </span>
     <span class='ocr_line' id='line_1_31' title="bbox 242 2122 1791 2176; baseline -0.001 -12"><span class='ocrx_word' id='word_1_282' title='bbox 242 2125 444 2176; x_wconf 90' lang='lat' dir='ltr'><strong>equitibus</strong></span> <span class='ocrx_word' id='word_1_283' title='bbox 477 2137 646 2175; x_wconf 88' lang='lat' dir='ltr'><strong>quorum</strong></span> <span class='ocrx_word' id='word_1_284' title='bbox 679 2125 723 2163; x_wconf 88' lang='lat' dir='ltr'><strong>in</strong></span> <span class='ocrx_word' id='word_1_285' title='bbox 762 2137 926 2163; x_wconf 88' lang='lat' dir='ltr'><strong>numero</strong></span> <span class='ocrx_word' id='word_1_286' title='bbox 964 2124 1088 2162; x_wconf 88' lang='lat' dir='ltr'><strong>etiam</strong></span> <span class='ocrx_word' id='word_1_287' title='bbox 1118 2123 1319 2163; x_wconf 89' lang='lat' dir='ltr'><strong>Lucilium</strong></span> <span class='ocrx_word' id='word_1_288' title='bbox 1355 2123 1479 2162; x_wconf 88' lang='lat' dir='ltr'><strong>fuisse</strong></span> <span class='ocrx_word' id='word_1_289' title='bbox 1517 2122 1791 2162; x_wconf 86' lang='lat' dir='ltr'><strong>enarrauimus</strong></span> 
     </span>
     <span class='ocr_line' id='line_1_32' title="bbox 242 2182 1792 2237; baseline -0.002 -13"><span class='ocrx_word' id='word_1_290' title='bbox 242 2185 422 2237; x_wconf 70' lang='lat' dir='ltr'><strong>proleggl</strong></span> <span class='ocrx_word' id='word_1_291' title='bbox 452 2198 490 2235; x_wconf 90' lang='lat' dir='ltr'><strong>p.</strong></span> <span class='ocrx_word' id='word_1_292' title='bbox 516 2184 639 2224; x_wconf 86' lang='lat' dir='ltr'><strong>XXV.</strong></span> <span class='ocrx_word' id='word_1_293' title='bbox 701 2184 965 2224; x_wconf 82' lang='lat' dir='ltr'><strong>Macedonum</strong></span> <span class='ocrx_word' id='word_1_294' title='bbox 996 2196 1125 2223; x_wconf 89' lang='lat' dir='ltr'><strong>mores</strong></span> <span class='ocrx_word' id='word_1_295' title='bbox 1158 2196 1250 2222; x_wconf 88' lang='lat' dir='ltr'><strong>cum</strong></span> <span class='ocrx_word' id='word_1_296' title='bbox 1282 2184 1440 2223; x_wconf 87' lang='lat' dir='ltr'><strong>secutus</strong></span> <span class='ocrx_word' id='word_1_297' title='bbox 1473 2183 1527 2223; x_wconf 90' lang='lat' dir='ltr'><strong>sit</strong></span> <span class='ocrx_word' id='word_1_298' title='bbox 1559 2182 1694 2234; x_wconf 85' lang='lat' dir='ltr'><strong>Scipio</strong></span> <span class='ocrx_word' id='word_1_299' title='bbox 1726 2196 1792 2221; x_wconf 89' lang='lat' dir='ltr'><strong>ue-</strong></span> 
     </span>
     <span class='ocr_line' id='line_1_33' title="bbox 242 2239 1791 2299; baseline -0.003 -15"><span class='ocrx_word' id='word_1_300' title='bbox 242 2246 320 2285; x_wconf 91' lang='lat' dir='ltr'><strong>luti</strong></span> <span class='ocrx_word' id='word_1_301' title='bbox 356 2246 400 2284; x_wconf 92' lang='lat' dir='ltr'><strong>in</strong></span> <span class='ocrx_word' id='word_1_302' title='bbox 436 2244 620 2284; x_wconf 89' lang='lat' dir='ltr'><strong>uenando</strong></span> <span class='ocrx_word' id='word_1_303' title='bbox 659 2239 817 2299; x_wconf 86' lang='lat' dir='ltr'><strong>(Polyb.</strong></span> <span class='ocrx_word' id='word_1_304' title='bbox 845 2244 997 2283; x_wconf 90' lang='lat' dir='ltr'>XXXII</span> <span class='ocrx_word' id='word_1_305' title='bbox 1026 2244 1078 2283; x_wconf 90' lang='lat'><strong>15</strong></span> <span class='ocrx_word' id='word_1_306' title='bbox 1118 2243 1166 2283; x_wconf 91' lang='lat' dir='ltr'><strong>A.</strong></span> <span class='ocrx_word' id='word_1_307' title='bbox 1193 2243 1460 2296; x_wconf 86' lang='lat' dir='ltr'><strong>Kiesslingius</strong></span> <span class='ocrx_word' id='word_1_308' title='bbox 1497 2243 1600 2283; x_wconf 87' lang='lat' dir='ltr'><strong>Mus.</strong></span> <span class='ocrx_word' id='word_1_309' title='bbox 1632 2243 1791 2282; x_wconf 87' lang='lat' dir='ltr'><strong>Heluet.</strong></span> 
     </span>
     <span class='ocr_line' id='line_1_34' title="bbox 242 2299 1793 2359; baseline -0.003 -14"><span class='ocrx_word' id='word_1_310' title='bbox 242 2306 345 2345; x_wconf 88' lang='lat' dir='ltr'><strong>Nou.</strong></span> <span class='ocrx_word' id='word_1_311' title='bbox 372 2305 408 2342; x_wconf 94' lang='lat' dir='ltr'><strong>V</strong></span> <span class='ocrx_word' id='word_1_312' title='bbox 437 2305 550 2344; x_wconf 86' lang='lat'>1865</span> <span class='ocrx_word' id='word_1_313' title='bbox 583 2318 621 2356; x_wconf 89' lang='lat' dir='ltr'><strong>p.</strong></span> <span class='ocrx_word' id='word_1_314' title='bbox 650 2306 736 2344; x_wconf 83' lang='lat'><strong>334</strong></span> <span class='ocrx_word' id='word_1_315' title='bbox 746 2299 888 2359; x_wconf 69' lang='lat' dir='ltr'><strong>seqq),</strong></span> <span class='ocrx_word' id='word_1_316' title='bbox 913 2304 1122 2356; x_wconf 85' lang='lat' dir='ltr'><strong>probabile</strong></span> <span class='ocrx_word' id='word_1_317' title='bbox 1149 2306 1210 2343; x_wconf 90' lang='lat' dir='ltr'><strong>est</strong></span> <span class='ocrx_word' id='word_1_318' title='bbox 1235 2304 1375 2343; x_wconf 89' lang='lat' dir='ltr'><strong>ducem</strong></span> <span class='ocrx_word' id='word_1_319' title='bbox 1399 2304 1626 2343; x_wconf 86' lang='lat' dir='ltr'><strong>Romanum</strong></span> <span class='ocrx_word' id='word_1_320' title='bbox 1651 2303 1693 2341; x_wconf 89' lang='lat' dir='ltr'><strong>in</strong></span> <span class='ocrx_word' id='word_1_321' title='bbox 1717 2303 1793 2342; x_wconf 87' lang='lat' dir='ltr'><strong>hac</strong></span> 
     </span>
     <span class='ocr_line' id='line_1_35' title="bbox 242 2362 1823 2416; baseline -0.002 -11"><span class='ocrx_word' id='word_1_322' title='bbox 242 2379 285 2405; x_wconf 91' lang='lat' dir='ltr'><strong>re</strong></span> <span class='ocrx_word' id='word_1_323' title='bbox 318 2365 564 2405; x_wconf 90' lang='lat' dir='ltr'><strong>aemulatum</strong></span> <span class='ocrx_word' id='word_1_324' title='bbox 597 2378 680 2404; x_wconf 88' lang='lat' dir='ltr'><strong>esse</strong></span> <span class='ocrx_word' id='word_1_325' title='bbox 713 2379 852 2416; x_wconf 89' lang='lat' dir='ltr'><strong>regum</strong></span> <span class='ocrx_word' id='word_1_326' title='bbox 883 2364 1146 2405; x_wconf 85' lang='lat' dir='ltr'><strong>Macedonum</strong></span> <span class='ocrx_word' id='word_1_327' title='bbox 1185 2363 1275 2415; x_wconf 81' lang='grc' dir='ltr'><strong><em>ἴλην</em></strong></span> <span class='ocrx_word' id='word_1_328' title='bbox 1306 2369 1385 2403; x_wconf 85' lang='grc' dir='ltr'><strong>τῶν</strong></span> <span class='ocrx_word' id='word_1_329' title='bbox 1420 2362 1604 2416; x_wconf 80' lang='grc' dir='ltr'><strong><em>ἑταίρων,</em></strong></span> <span class='ocrx_word' id='word_1_330' title='bbox 1644 2364 1714 2414; x_wconf 92' lang='lat' dir='ltr'><strong>qui</strong></span> <span class='ocrx_word' id='word_1_331' title='bbox 1753 2365 1794 2402; x_wconf 90' lang='lat' dir='ltr'><strong>et</strong></span> <span class='ocrx_word' id='word_1_332' title='bbox 1820 2405 1823 2406; x_wconf 16' lang='lat'><em>⁷</em></span> 
     </span>
     <span class='ocr_line' id='line_1_36' title="bbox 244 2420 1792 2478; baseline -0.002 -13"><span class='ocrx_word' id='word_1_333' title='bbox 244 2425 354 2476; x_wconf 86' lang='grc' dir='ltr'><strong><em>φίλοι</em></strong></span> <span class='ocrx_word' id='word_1_334' title='bbox 391 2425 579 2464; x_wconf 87' lang='lat' dir='ltr'><strong>dicuntur</strong></span> <span class='ocrx_word' id='word_1_335' title='bbox 610 2420 672 2478; x_wconf 79' lang='lat' dir='ltr'><strong>(P.</strong></span> <span class='ocrx_word' id='word_1_336' title='bbox 694 2425 829 2476; x_wconf 84' lang='lat' dir='ltr'><strong>Spitta</strong></span> <span class='ocrx_word' id='word_1_337' title='bbox 867 2425 915 2464; x_wconf 88' lang='lat' dir='ltr'><strong>de</strong></span> <span class='ocrx_word' id='word_1_338' title='bbox 948 2425 1168 2464; x_wconf 88' lang='lat' dir='ltr'><strong>amicorum</strong></span> <span class='ocrx_word' id='word_1_339' title='bbox 1195 2455 1202 2463; x_wconf 92' lang='lat'><strong>.</strong></span> <span class='ocrx_word' id='word_1_340' title='bbox 1231 2455 1239 2463; x_wconf 94' lang='lat'><strong>.</strong></span> <span class='ocrx_word' id='word_1_341' title='bbox 1268 2455 1276 2463; x_wconf 90' lang='lat'><strong>.</strong></span> <span class='ocrx_word' id='word_1_342' title='bbox 1301 2424 1345 2463; x_wconf 88' lang='lat' dir='ltr'><strong>in</strong></span> <span class='ocrx_word' id='word_1_343' title='bbox 1374 2424 1639 2463; x_wconf 90' lang='lat' dir='ltr'><strong>Macedonum</strong></span> <span class='ocrx_word' id='word_1_344' title='bbox 1668 2437 1792 2475; x_wconf 85' lang='lat' dir='ltr'><strong>regno</strong></span> 
     </span>
     <span class='ocr_line' id='line_1_37' title="bbox 244 2479 1794 2539; baseline -0.002 -14"><span class='ocrx_word' id='word_1_345' title='bbox 244 2485 474 2525; x_wconf 90' lang='lat' dir='ltr'><strong>condicione</strong></span> <span class='ocrx_word' id='word_1_346' title='bbox 501 2484 650 2536; x_wconf 88' lang='lat' dir='ltr'><strong>Gryph.</strong></span> <span class='ocrx_word' id='word_1_347' title='bbox 680 2486 792 2524; x_wconf 84' lang='lat'>1875</span> <span class='ocrx_word' id='word_1_348' title='bbox 820 2499 858 2536; x_wconf 90' lang='grc' dir='ltr'><strong>Ρ.</strong></span> <span class='ocrx_word' id='word_1_349' title='bbox 889 2487 956 2535; x_wconf 88' lang='grc'>10,</span> <span class='ocrx_word' id='word_1_350' title='bbox 978 2479 1036 2539; x_wconf 84' lang='grc'><strong>9),</strong></span> <span class='ocrx_word' id='word_1_351' title='bbox 1062 2483 1246 2536; x_wconf 71' lang='grc' dir='ltr'><strong><em>βασιλικὴ</em></strong></span> <span class='ocrx_word' id='word_1_352' title='bbox 1274 2483 1337 2535; x_wconf 82' lang='grc' dir='ltr'><strong>ἴλη</strong></span> <span class='ocrx_word' id='word_1_353' title='bbox 1364 2485 1431 2523; x_wconf 92' lang='lat' dir='ltr'><strong>uel</strong></span> <span class='ocrx_word' id='word_1_354' title='bbox 1457 2482 1604 2536; x_wconf 76' lang='grc' dir='ltr'><strong><em>ἑταῖροι</em></strong></span> <span class='ocrx_word' id='word_1_355' title='bbox 1623 2484 1794 2522; x_wconf 89' lang='lat' dir='ltr'><strong>audiunt</strong></span> 
     </span>
     <span class='ocr_line' id='line_1_38' title="bbox 243 2539 1794 2599; baseline -0.002 -14"><span class='ocrx_word' id='word_1_356' title='bbox 243 2545 381 2597; x_wconf 84' lang='lat' dir='ltr'><strong>Polyb.</strong></span> <span class='ocrx_word' id='word_1_357' title='bbox 408 2546 444 2584; x_wconf 93' lang='lat' dir='ltr'>X</span> <span class='ocrx_word' id='word_1_358' title='bbox 471 2546 545 2596; x_wconf 82' lang='lat'>42,</span> <span class='ocrx_word' id='word_1_359' title='bbox 580 2547 603 2585; x_wconf 90' lang='grc'>6</span> <span class='ocrx_word' id='word_1_360' title='bbox 643 2545 775 2585; x_wconf 90' lang='grc' dir='ltr'>ΧΧΧΙ</span> <span class='ocrx_word' id='word_1_361' title='bbox 801 2547 846 2596; x_wconf 86' lang='grc'><strong>3,</strong></span> <span class='ocrx_word' id='word_1_362' title='bbox 881 2547 903 2584; x_wconf 86' lang='grc'>7</span> <span class='ocrx_word' id='word_1_363' title='bbox 946 2545 981 2582; x_wconf 92' lang='lat' dir='ltr'><strong>V</strong></span> <span class='ocrx_word' id='word_1_364' title='bbox 1009 2546 1082 2595; x_wconf 88' lang='lat'>53,</span> <span class='ocrx_word' id='word_1_365' title='bbox 1115 2546 1141 2583; x_wconf 83' lang='lat'>4</span> <span class='ocrx_word' id='word_1_366' title='bbox 1182 2539 1298 2599; x_wconf 93' lang='lat' dir='ltr'><strong>(XVI</strong></span> <span class='ocrx_word' id='word_1_367' title='bbox 1326 2545 1399 2594; x_wconf 87' lang='lat'><strong>18,</strong></span> <span class='ocrx_word' id='word_1_368' title='bbox 1435 2540 1490 2598; x_wconf 86' lang='lat'><strong>7).</strong></span> <span class='ocrx_word' id='word_1_369' title='bbox 1565 2543 1794 2594; x_wconf 85' lang='lat' dir='ltr'><strong>Oarpuntur</strong></span> 
     </span>
     <span class='ocr_line' id='line_1_39' title="bbox 243 2603 1793 2657; baseline -0.002 -12"><span class='ocrx_word' id='word_1_370' title='bbox 243 2606 370 2657; x_wconf 83' lang='lat' dir='ltr'><strong>igitur</strong></span> <span class='ocrx_word' id='word_1_371' title='bbox 401 2619 425 2645; x_wconf 89' lang='lat' dir='ltr'><strong>a</strong></span> <span class='ocrx_word' id='word_1_372' title='bbox 457 2605 529 2645; x_wconf 91' lang='lat' dir='ltr'><strong>deo</strong></span> <span class='ocrx_word' id='word_1_373' title='bbox 563 2605 669 2657; x_wconf 86' lang='lat' dir='ltr'><strong>apud</strong></span> <span class='ocrx_word' id='word_1_374' title='bbox 700 2608 863 2656; x_wconf 86' lang='lat' dir='ltr'><strong>poetam</strong></span> <span class='ocrx_word' id='word_1_375' title='bbox 892 2606 956 2644; x_wconf 90' lang='lat' dir='ltr'><strong>illi</strong></span> <span class='ocrx_word' id='word_1_376' title='bbox 986 2606 1166 2645; x_wconf 89' lang='lat' dir='ltr'><strong>homines</strong></span> <span class='ocrx_word' id='word_1_377' title='bbox 1201 2605 1270 2655; x_wconf 92' lang='lat' dir='ltr'><strong>qui</strong></span> <span class='ocrx_word' id='word_1_378' title='bbox 1301 2617 1382 2643; x_wconf 90' lang='lat' dir='ltr'><strong>non</strong></span> <span class='ocrx_word' id='word_1_379' title='bbox 1412 2604 1622 2657; x_wconf 86' lang='lat' dir='ltr'><strong>pugnandi</strong></span> <span class='ocrx_word' id='word_1_380' title='bbox 1656 2603 1793 2654; x_wconf 87' lang='lat' dir='ltr'><strong>cupidi</strong></span> 
     </span>
     <span class='ocr_line' id='line_1_40' title="bbox 245 2664 1791 2717; baseline -0.002 -12"><span class='ocrx_word' id='word_1_381' title='bbox 245 2666 313 2705; x_wconf 90' lang='lat' dir='ltr'><strong>sed</strong></span> <span class='ocrx_word' id='word_1_382' title='bbox 343 2666 537 2717; x_wconf 87' lang='lat' dir='ltr'><strong>pecuniae</strong></span> <span class='ocrx_word' id='word_1_383' title='bbox 567 2666 640 2705; x_wconf 84' lang='lat' dir='ltr'><strong>illa</strong></span> <span class='ocrx_word' id='word_1_384' title='bbox 672 2667 805 2705; x_wconf 88' lang='lat' dir='ltr'><strong>aetate</strong></span> <span class='ocrx_word' id='word_1_385' title='bbox 832 2665 1016 2706; x_wconf 85' lang='lat' dir='ltr'><strong>solebant</strong></span> <span class='ocrx_word' id='word_1_386' title='bbox 1041 2665 1225 2705; x_wconf 86' lang='lat' dir='ltr'><strong>comitari</strong></span> <span class='ocrx_word' id='word_1_387' title='bbox 1250 2665 1453 2716; x_wconf 89' lang='lat' dir='ltr'><strong>praesides</strong></span> <span class='ocrx_word' id='word_1_388' title='bbox 1478 2664 1791 2715; x_wconf 80' lang='lat' dir='ltr'><strong>prouinciarum,</strong></span> 
     </span>
     <span class='ocr_line' id='line_1_41' title="bbox 245 2725 1338 2776; baseline 0 -12"><span class='ocrx_word' id='word_1_389' title='bbox 245 2726 279 2764; x_wconf 85' lang='grc' dir='ltr'><strong>Ε</strong></span> <span class='ocrx_word' id='word_1_390' title='bbox 311 2726 420 2766; x_wconf 90' lang='lat' dir='ltr'><strong>Iouis</strong></span> <span class='ocrx_word' id='word_1_391' title='bbox 452 2726 633 2765; x_wconf 87' lang='lat' dir='ltr'><strong>oratione</strong></span> <span class='ocrx_word' id='word_1_392' title='bbox 665 2739 804 2766; x_wconf 89' lang='lat' dir='ltr'><strong>uersus</strong></span> <span class='ocrx_word' id='word_1_393' title='bbox 835 2725 996 2765; x_wconf 89' lang='lat' dir='ltr'><strong>uidetur</strong></span> <span class='ocrx_word' id='word_1_394' title='bbox 1027 2738 1111 2765; x_wconf 89' lang='lat' dir='ltr'><strong>esse</strong></span> <span class='ocrx_word' id='word_1_395' title='bbox 1144 2727 1338 2776; x_wconf 88' lang='lat' dir='ltr'><strong>sumptus.</strong></span> 
     </span>
    </p>

    <p class='ocr_par' dir='ltr' id='par_1_4' title="bbox 245 2780 1792 3079">
     <span class='ocr_line' id='line_1_42' title="bbox 368 2780 1792 2837; baseline -0.001 -13"><span class='ocrx_word' id='word_1_396' title='bbox 368 2780 444 2826; x_wconf 91' lang='lat' dir='ltr'><strong>ll.</strong></span> <span class='ocrx_word' id='word_1_397' title='bbox 476 2786 631 2825; x_wconf 89' lang='lat' dir='ltr'><strong>Nonius</strong></span> <span class='ocrx_word' id='word_1_398' title='bbox 670 2799 716 2824; x_wconf 85' lang='lat' dir='ltr'><strong>ex</strong></span> <span class='ocrx_word' id='word_1_399' title='bbox 760 2787 1023 2837; x_wconf 81' lang='lat' dir='ltr'><strong>grammatico</strong></span> <span class='ocrx_word' id='word_1_400' title='bbox 1062 2800 1100 2836; x_wconf 90' lang='lat' dir='ltr'><strong>p.</strong></span> <span class='ocrx_word' id='word_1_401' title='bbox 1131 2786 1227 2836; x_wconf 82' lang='grc'>161,</span> <span class='ocrx_word' id='word_1_402' title='bbox 1256 2787 1309 2824; x_wconf 91' lang='lat'><strong>14</strong></span> <span class='ocrx_word' id='word_1_403' title='bbox 1357 2782 1596 2835; x_wconf 85' lang='lat' dir='ltr'><strong>‘Popinones</strong></span> <span class='ocrx_word' id='word_1_404' title='bbox 1641 2785 1706 2823; x_wconf 90' lang='lat' dir='ltr'><strong>uel</strong></span> <span class='ocrx_word' id='word_1_405' title='bbox 1749 2784 1792 2823; x_wconf 91' lang='lat' dir='ltr'><strong>hi</strong></span> 
     </span>
     <span class='ocr_line' id='line_1_43' title="bbox 247 2845 1791 2896; baseline -0.001 -12"><span class='ocrx_word' id='word_1_406' title='bbox 247 2858 347 2896; x_wconf 90' lang='lat' dir='ltr'><strong>quos</strong></span> <span class='ocrx_word' id='word_1_407' title='bbox 383 2858 490 2884; x_wconf 91' lang='lat' dir='ltr'><strong>nunc</strong></span> <span class='ocrx_word' id='word_1_408' title='bbox 526 2845 695 2885; x_wconf 87' lang='lat' dir='ltr'><strong>dicimus</strong></span> <span class='ocrx_word' id='word_1_409' title='bbox 732 2845 998 2896; x_wconf 86' lang='lat' dir='ltr'><strong>tabernarios,</strong></span> <span class='ocrx_word' id='word_1_410' title='bbox 1037 2859 1060 2884; x_wconf 89' lang='lat' dir='ltr'><strong>a</strong></span> <span class='ocrx_word' id='word_1_411' title='bbox 1098 2845 1275 2896; x_wconf 90' lang='lat' dir='ltr'><strong>popinis,</strong></span> <span class='ocrx_word' id='word_1_412' title='bbox 1313 2846 1380 2883; x_wconf 92' lang='lat' dir='ltr'><strong>uel</strong></span> <span class='ocrx_word' id='word_1_413' title='bbox 1415 2845 1611 2883; x_wconf 84' lang='lat' dir='ltr'><strong>luxuriosi</strong></span> <span class='ocrx_word' id='word_1_414' title='bbox 1649 2845 1719 2895; x_wconf 90' lang='lat' dir='ltr'><strong>qui</strong></span> <span class='ocrx_word' id='word_1_415' title='bbox 1750 2857 1791 2883; x_wconf 90' lang='lat' dir='ltr'><strong>se</strong></span> 
     </span>
     <span class='ocr_line' id='line_1_44' title="bbox 245 2902 1791 2956; baseline -0.001 -12"><span class='ocrx_word' id='word_1_416' title='bbox 245 2906 405 2956; x_wconf 90' lang='lat' dir='ltr'><strong>popinis</strong></span> <span class='ocrx_word' id='word_1_417' title='bbox 437 2905 598 2944; x_wconf 85' lang='lat' dir='ltr'><strong>dedunt.</strong></span> <span class='ocrx_word' id='word_1_418' title='bbox 621 2936 628 2943; x_wconf 90' lang='lat'><strong>.</strong></span> <span class='ocrx_word' id='word_1_419' title='bbox 651 2936 658 2944; x_wconf 90' lang='lat'><strong>.</strong></span> <span class='ocrx_word' id='word_1_420' title='bbox 680 2936 689 2944; x_wconf 91' lang='lat'><strong>.</strong></span> <span class='ocrx_word' id='word_1_421' title='bbox 721 2905 901 2944; x_wconf 89' lang='lat' dir='ltr'><strong>Lucilius</strong></span> <span class='ocrx_word' id='word_1_422' title='bbox 927 2905 995 2944; x_wconf 94' lang='lat' dir='ltr'><strong>lib.</strong></span> <span class='ocrx_word' id='word_1_423' title='bbox 1021 2905 1042 2943; x_wconf 94' lang='lat' dir='ltr'>I</span> <span class='ocrx_word' id='word_1_424' title='bbox 1069 2902 1297 2954; x_wconf 71' lang='lat' dir='ltr'><strong>“insumam</strong></span> <span class='ocrx_word' id='word_1_425' title='bbox 1327 2906 1527 2944; x_wconf 75' lang='lat' dir='ltr'><strong>honestam</strong></span> <span class='ocrx_word' id='word_1_426' title='bbox 1551 2906 1791 2956; x_wconf 88' lang='lat' dir='ltr'><strong>turpemque</strong></span> 
     </span>
     <span class='ocr_line' id='line_1_45' title="bbox 247 2962 1791 3015; baseline -0.001 -11"><span class='ocrx_word' id='word_1_427' title='bbox 247 2965 376 3005; x_wconf 90' lang='lat' dir='ltr'><strong>odisse</strong></span> <span class='ocrx_word' id='word_1_428' title='bbox 412 2962 666 3015; x_wconf 85' lang='lat' dir='ltr'><strong>popinam”.&#39;</strong></span> <span class='ocrx_word' id='word_1_429' title='bbox 728 2965 985 3010; x_wconf 86' lang='lat' dir='ltr'><strong>Adiectiuum</strong></span> <span class='ocrx_word' id='word_1_430' title='bbox 1020 2966 1217 3014; x_wconf 76' lang='lat' dir='ltr'><strong>infamam</strong></span> <span class='ocrx_word' id='word_1_431' title='bbox 1252 2964 1344 3004; x_wconf 90' lang='lat' dir='ltr'><strong>inde</strong></span> <span class='ocrx_word' id='word_1_432' title='bbox 1383 2978 1408 3004; x_wconf 92' lang='lat' dir='ltr'><strong>a</strong></span> <span class='ocrx_word' id='word_1_433' title='bbox 1445 2965 1619 3004; x_wconf 89' lang='lat' dir='ltr'><strong>Mercero</strong></span> <span class='ocrx_word' id='word_1_434' title='bbox 1658 2977 1791 3004; x_wconf 85' lang='lat' dir='ltr'><strong>serua-</strong></span> 
     </span>
     <span class='ocr_line' id='line_1_46' title="bbox 246 3020 1792 3079; baseline 0 -15"><span class='ocrx_word' id='word_1_435' title='bbox 246 3027 341 3065; x_wconf 87' lang='lat' dir='ltr'><strong>runt</strong></span> <span class='ocrx_word' id='word_1_436' title='bbox 379 3020 559 3079; x_wconf 86' lang='lat' dir='ltr'><strong>(Neueus</strong></span> <span class='ocrx_word' id='word_1_437' title='bbox 601 3025 648 3064; x_wconf 91' lang='lat' dir='ltr'><strong>de</strong></span> <span class='ocrx_word' id='word_1_438' title='bbox 693 3026 831 3065; x_wconf 86' lang='lat' dir='ltr'><strong>formis</strong></span> <span class='ocrx_word' id='word_1_439' title='bbox 862 3026 888 3065; x_wconf 87' lang='lat'><strong>1.</strong></span> <span class='ocrx_word' id='word_1_440' title='bbox 915 3025 958 3064; x_wconf 91' lang='lat' dir='ltr'><strong>L.</strong></span> <span class='ocrx_word' id='word_1_441' title='bbox 985 3021 1045 3065; x_wconf 77' lang='lat'><strong>11⁸</strong></span> <span class='ocrx_word' id='word_1_442' title='bbox 1075 3040 1113 3077; x_wconf 91' lang='lat' dir='ltr'><strong>p.</strong></span> <span class='ocrx_word' id='word_1_443' title='bbox 1143 3021 1247 3079; x_wconf 89' lang='lat'>157)</span> <span class='ocrx_word' id='word_1_444' title='bbox 1287 3025 1406 3065; x_wconf 88' lang='lat' dir='ltr'><strong>sicuti</strong></span> <span class='ocrx_word' id='word_1_445' title='bbox 1446 3025 1601 3074; x_wconf 73' lang='lat' dir='ltr'><strong>yracila</strong></span> <span class='ocrx_word' id='word_1_446' title='bbox 1643 3025 1792 3076; x_wconf 84' lang='lat' dir='ltr'><strong>legitur</strong></span> 
     </span>
    </p>
   </div>
  </div>
 </body>
</html>
