2060 3444
805 261 925 301 XXVI
951 276 985 300 u.
1014 265 1214 299 nea—599.
1698 261 1785 306 223

237 380 406 421 eximiae
450 379 621 433 gloriam
665 380 735 430 qui
776 380 859 418 iam
903 379 1026 418 fuerit
1062 379 1276 418 assecutus.
1346 377 1390 417 Si
1427 378 1672 429 quaerimus,
1718 378 1784 429 qui

237 442 388 481 factum
432 442 502 490 sit,
546 442 592 479 ut
635 440 763 479 altero
807 440 894 479 loco
933 438 981 478 D.
1007 438 1207 489 Laelium,
1246 438 1373 478 altero
1411 438 1572 477 Iunium
1605 436 1786 490 Congum

237 502 398 542 saturae
441 501 631 539 lectorem
674 513 757 540 esse
801 502 921 551 poeta
964 500 1168 550 scripserit
1207 511 1292 538 sese
1329 498 1451 548 uelle,
1494 498 1612 538 facile
1656 500 1787 538 oritur

234 562 410 612 suspicio
449 562 520 600 aut
557 560 684 599 altero
723 561 810 599 loco
849 561 920 599 aut
956 560 1128 609 utroque
1166 572 1255 598 eum
1286 558 1459 598 indicari
1489 559 1702 609 hominem,
1734 559 1785 599 ad

238 634 357 672 quem
399 624 577 661 saturam
621 621 798 671 scripsit,
842 620 1078 659 historicum
1114 619 1230 658 illum
1267 619 1524 669 antiquitatis
1562 618 1785 658 studiosum

238 695 356 732 quem
400 682 580 732 appellat
623 695 660 719 ιι.
695 681 778 719 612
825 681 866 719 et
903 679 1198 719 adulescentem
1236 680 1480 730 spectatum,
1525 692 1643 729 quem
1687 681 1785 718 satis

236 741 409 781 dilucide
453 740 690 794 significarit
707 766 712 772 κ
732 753 771 780 ιι.
800 741 904 780 617:
948 753 1041 779 nam
1081 739 1274 778 Horatius
1319 752 1477 790 quoque
1517 739 1542 777 l.
1563 752 1592 779 s.
1613 751 1643 778 s.
1680 739 1786 779 inter

236 814 302 841 eos
342 802 540 851 homines,
584 813 683 852 quos
721 802 877 841 saturas
921 812 1013 840 suas
1058 800 1190 852 legere
1233 812 1316 840 sese
1356 812 1499 850 cupere
1537 800 1785 850 pronuntiat,

236 862 510 902 Maecenatem
540 863 733 911 nominat,
766 860 815 900 ad
849 874 963 911 quem
997 859 1065 899 lib.
1085 860 1106 898 Ι
1132 861 1287 899 miserit
1312 861 1352 899 et
1379 858 1514 900 Cicero
1545 860 1588 898 in
1619 859 1713 899 libri
1737 860 1785 899 de

235 935 317 973 rep.
349 922 370 961 I
400 922 650 973 praefatione
682 922 707 960 1.
727 934 756 961 s.
777 934 806 961 s.
838 920 946 960 Iunii
970 919 1099 972 Congi
1123 920 1325 960 Luciliani
1354 921 1514 959 nomine
1540 920 1668 959 facete
1694 933 1785 959 eum

237 982 439 1034 significat
475 982 525 1021 ad
564 994 681 1033 quem
722 994 822 1033 opus
852 981 956 1021 illud
985 981 1098 1020 misit
1129 981 1310 1032 quisquis
1341 981 1421 1020 fuit
1451 980 1532 1019 ille.
1596 979 1675 1019 Sed
1707 994 1786 1031 qua

236 1044 392 1082 ratione
429 1042 532 1082 hanc
569 1042 810 1082 sententiam
849 1040 1083 1081 confirmare
1114 1042 1283 1092 possim,
1320 1054 1397 1080 non
1430 1040 1577 1080 habeo:
1609 1040 1702 1080 uide
1734 1041 1786 1080 ad

237 1116 273 1142 u.
297 1103 381 1142 612
409 1115 518 1154 seqq.

358 1157 468 1203 597.
500 1162 655 1202 Nonius
691 1176 730 1213 p.
760 1163 862 1212 126,
896 1163 922 1201 4
966 1158 1248 1211 ‘Inuidiosum‚
1292 1161 1398 1212 quod
1437 1162 1492 1200 sit
1527 1161 1695 1201 uitabile
1734 1161 1786 1201 ad

222 1218 452 1262 'uidendum
484 1217 560 1278 (ita
591 1223 701 1263 editt:
731 1222 949 1261 uiuendum
981 1217 1108 1276 codd).
1171 1221 1350 1262 Lucilius
1381 1221 1450 1261 lib.
1471 1221 1604 1260 XXVI
1637 1218 1784 1261 “sculi-

237 1286 313 1322 tate
339 1314 347 1322 .
368 1314 377 1323 .
399 1314 408 1322 .
434 1295 589 1322 summa
620 1283 662 1321 in
693 1295 736 1322 re
766 1294 921 1322 summa
948 1314 955 1321 .
978 1314 984 1321 .
1008 1314 1016 1322 .
1043 1279 1372 1333 exoptabilem''.'
1435 1282 1547 1321 Idem
1578 1296 1615 1333 p.
1639 1283 1737 1332 226,
1759 1284 1783 1321 6

237 1340 427 1394 ‘Squalor
450 1343 662 1383 masculini
687 1344 748 1383 est
772 1343 938 1396 generis.
990 1343 1172 1382 feminini
1200 1374 1207 1382 .
1230 1374 1237 1381 .
1260 1374 1267 1381 .
1294 1342 1398 1392 (sine
1421 1344 1577 1382 nomine
1597 1342 1785 1391 auctoris)

238 1401 487 1454 “squalitate
513 1416 669 1443 summa
687 1404 819 1444 scabie
915 1400 1115 1443 obruta'’.'
1164 1403 1276 1442 Idem
1294 1417 1332 1454 p.
1348 1404 1448 1452 401,
1470 1404 1523 1442 29
1547 1400 1785 1453 ‘Summum,

236 1466 466 1503 extremum.
507 1494 515 1502 .
538 1495 546 1502 .
568 1496 576 1503 .
608 1464 786 1504 Lucilius
826 1463 893 1502 lib.
920 1463 1054 1502 XXVI
1093 1460 1316 1503 “isculitate
1357 1476 1514 1503 summa
1551 1463 1683 1502 scabie
1718 1495 1754 1502 ..

236 1521 482 1564 obrutam”.’
552 1524 715 1576 Tragici
756 1525 898 1575 poetae
942 1526 1141 1563 tumorem
1183 1523 1341 1562 irrideri
1385 1525 1573 1574 apparet:
1616 1523 1785 1563 Pacuuii

236 1584 455 1635 Antiopam
489 1586 664 1635 spectari
694 1586 920 1635 suspicatur
944 1583 1161 1623 Muellerus
1194 1585 1264 1634 qui
1295 1584 1449 1623 confert
1478 1583 1597 1622 huius
1623 1583 1784 1623 fabulae

238 1646 378 1696 fragm.
405 1644 479 1682 XV
504 1645 540 1683 R
583 1644 829 1696 adscriptum
873 1657 898 1683 a
940 1644 1156 1683 scholiasta
1200 1643 1251 1683 ad
1294 1643 1420 1683 Persii
1470 1656 1630 1683 uersum
1673 1644 1692 1682 I
1719 1645 1781 1683 ‘77

237 1701 373 1755 (quem
419 1704 470 1743 ad
506 1718 544 1743 u.
573 1704 656 1743 587
702 1699 928 1758 posuimus)
971 1704 1033 1743 his
1077 1703 1208 1743 uerbis
1250 1700 1487 1756 ‘Antiopam
1530 1716 1784 1743 uerrucosam

237 1764 396 1804 Persius
429 1764 528 1804 dicit
559 1777 660 1814 quae
692 1763 800 1815 apud
831 1763 977 1803 Dircen
1009 1764 1175 1803 seruitio
1207 1776 1398 1815 oppressa
1421 1765 1465 1803 in
1490 1765 1671 1814 squalore
1694 1765 1784 1814 fluit,

237 1826 310 1864 sic:
342 1824 494 1863 inluuie
526 1826 701 1875 corporis
732 1824 787 1863 Et
817 1837 930 1864 coma
960 1824 1118 1874 prolixa
1147 1826 1308 1875 impexa
1339 1825 1639 1876 conglomerata
1664 1826 1785 1876 atque

236 1881 427 1924 horrida'.
477 1885 567 1924 Huc
587 1884 740 1924 accedit
760 1885 867 1935 quod
890 1884 975 1936 ipse
1000 1884 1159 1925 Persius
1184 1883 1332 1924 Lucilii
1356 1886 1539 1924 imitator
1564 1884 1784 1935 Antiopam

236 1946 366 1995 ipsam
392 1946 590 1984 nominat:
621 1957 759 1985 uersus
791 1945 960 1995 denique
992 1944 1400 1985 exitusPacuuianus
1433 1946 1511 1984 est:
1542 1945 1618 1984 inc.
1646 1946 1730 1985 356
1750 1946 1784 1984 R

239 2002 334 2055 ‘qua
366 2006 405 2044 te
438 2005 651 2055 adplicasti
680 2007 816 2044 tamen
841 2006 1040 2045 aerumnis
1066 2002 1225 2044 obruta'
1254 2018 1372 2056 quem
1402 2019 1440 2044 u.
1467 2018 1557 2044 cum
1583 2005 1784 2056 Antiopae

237 2065 377 2117 fragm.
411 2064 506 2103 XIV
558 2066 810 2116 comparauit
860 2064 1119 2105 Ribbeckius:
1176 2065 1272 2105 conf
1331 2063 1458 2116 [Seu]
1511 2065 1650 2105 Octau.
1699 2066 1782 2104 103

238 2121 436 2175 ‘miserii·s‚
460 2125 571 2164 luctu
603 2122 762 2165 obruta'
797 2119 934 2179 (267).
998 2124 1195 2165 Similiter
1235 2127 1356 2175 atque
1388 2125 1547 2165 Persius
1578 2125 1785 2176 respondit

236 2184 416 2224 Lucilius
449 2182 554 2236 ‘quis
585 2187 700 2225 curat
731 2187 960 2235 etiamnunc
984 2185 1206 2236 Antiopam
1231 2187 1449 2236 squalitate
1475 2183 1707 2224 obrutam'?
1727 2208 1781 2212 -—

239 2258 366 2295 neque
397 2245 570 2285 inimicis
602 2243 856 2296 inuidiosam,
887 2259 1016 2296 neque
1042 2247 1170 2285 amico
1196 2245 1481 2296 exoptabilem:
1513 2245 1630 2285 Hom.
1651 2247 1673 2294 ζ
1698 2247 1782 2285 184

235 2299 341 2344 πόλλ’
376 2302 494 2358 ἄλγεα
525 2303 778 2357 δυσμενέεσσι
802 2305 978 2360 χάρματα
1004 2301 1041 2345 δ’
1064 2303 1291 2361 εὐμενέτῃσι
1316 2306 1495 2356 Xenoph.
1517 2306 1663 2357 Gyrup.
1683 2306 1784 2345 VHI

239 2367 284 2415 3,
312 2366 335 2403 5
375 2370 460 2413 πῶς
489 2363 540 2404 ἂν
571 2368 653 2413 τοῖς
693 2363 766 2418 μὲν
796 2363 928 2414 εὔνοις
959 2365 1142 2405 κάλλιστα
1174 2365 1274 2405 ἰδεῖν
1305 2369 1459 2406 ποιοῖτο
1490 2365 1564 2419 τὴν
1595 2364 1783 2418 ἐξέλασιν,

236 2427 318 2472 τοῖς
350 2422 392 2464 δὲ
424 2423 633 2477 δυσμενέσι
664 2424 931 2478 φοβερώτατα.

359 2479 469 2525 599.
500 2485 656 2525 Nonius
686 2499 725 2536 p.
749 2487 851 2536 125,
879 2488 934 2526 34
969 2483 1180 2536 ‘Inluuies‚
1218 2486 1363 2526 sordes.
1405 2516 1442 2524 ..
1465 2518 1472 2525 .
1499 2485 1676 2525 Lucilius
1714 2486 1781 2525 lib.

238 2544 370 2583 XXVI
391 2541 487 2584 “hic
514 2576 521 2583 .
544 2577 551 2584 .
573 2576 581 2584 .
607 2546 815 2586 mualnitie
832 2547 1085 2595 inperfwndie
1102 2543 1318 2585 incuria'’.'
1376 2545 1604 2598 Significari
1623 2546 1783 2585 uidetur

236 2605 298 2643 hic
323 2604 511 2644 aduerbio
537 2618 671 2646 carcer
697 2619 774 2656 quo
799 2607 910 2645 iussu
935 2606 1033 2658 Lyci
1060 2608 1101 2646 et
1118 2606 1263 2646 Dircae
1290 2606 1568 2646 continebatur
1592 2607 1781 2657 Antiopa.

238 2663 371 2703 Verba
413 2665 542 2704 multa
582 2667 625 2705 in
667 2666 825 2717 syllaba
868 2679 971 2717 quae
1013 2667 1212 2717 incipiant
1254 2667 1442 2706 similiter
1478 2666 1614 2718 posuit
1650 2666 1781 2705 Plaut.

238 2723 339 2762 Rud.
361 2725 445 2763 652
467 2724 585 2776 Verg.
606 2725 704 2764 Aen.
724 2725 766 2764 Π
786 2727 860 2765 84:
887 2727 981 2765 conf
1002 2726 1090 2766 Liu.
1109 2727 1203 2765 XXI
1223 2728 1292 2777 40,
1314 2728 1338 2766 9
1364 2722 1544 2766 ‘umbrae
1560 2727 1782 2776 hominum,

239 2784 356 2834 fame,
393 2784 554 2836 frigore,
584 2785 751 2835 inluuie,
787 2786 972 2836 squalore
1003 2783 1159 2826 enecti'.
1221 2786 1392 2826 Versum
1423 2787 1585 2826 sanauit
1615 2785 1781 2826 Guietus

240 2844 307 2894 qni
340 2844 544 2895 scripserit
573 2846 865 2894 inperfwnditie,
897 2847 970 2884 alii
999 2848 1270 2897 transponunt
1300 2846 1424 2885 uerba
1448 2846 1611 2886 tradita.
1668 2846 1783 2893 Quod

243 2903 381 2954 Eur-ip.
403 2901 529 2943 Orest.
552 2905 635 2943 226
669 2905 849 2956 appellat
879 2903 1044 2945 ἀλουσία
1070 2900 1235 2958 (Herod.
1255 2905 1317 2944 III
1339 2907 1393 2944 52
1420 2904 1631 2962 ἀλουσίῃσί
1652 2921 1691 2946 τε
1716 2905 1778 2946 καὶ

238 2961 408 3019 ἀσιτίῃσι
449 2958 778 3019 συμπεπτωκότα)
820 2965 861 3003 id
906 2965 1074 3005 Latinus
1117 2967 1236 3016 poeta
1273 2965 1401 3004 tribus
1438 2965 1613 3005 reddidit
1650 2966 1781 3006 uerbis

238 3023 389 3063 inluuie
431 3018 582 3078 (Plaut.
609 3024 778 3064 Mostell.
805 3020 902 3080 40),
949 3025 1155 3064 inbalozitie
1204 3024 1310 3076 quod
1363 3038 1513 3065 nouum
1556 3029 1618 3066 est
1662 3028 1781 3066 sicuti
