2060 3444
728 249 858 288 incert.
886 250 963 286 sed.
989 262 1025 286 u.
1054 254 1302 287 1152—1153.
1705 250 1793 295 365

367 359 508 405 1152.
554 364 779 405 Scholiasta
828 363 978 404 Lucan.
998 364 1035 402 V
1063 365 1147 404 672
1187 378 1225 415 p.
1249 365 1332 403 183
1384 364 1551 404 Vseneri
1603 362 1792 406 ‘decimus

242 423 401 476 fluctus]
447 425 641 474 (1601111113,
691 425 893 475 hucusque
942 437 1132 465 numerus
1181 426 1324 464 crescit
1360 456 1367 463 .
1396 456 1404 464 .
1433 457 1440 464 .
1476 425 1652 465 decimus
1696 439 1790 477 ergo

240 498 428 538 magnus,
478 488 524 524 ut
572 485 750 525 Lucilius
801 480 879 539 (ita
928 484 1145 524 Vsenerus:
1202 485 1331 524 lucius
1387 482 1480 539 cod)
1542 482 1792 526 “decimariis

240 542 487 586 fluctibus”.’
551 545 699 585 Paulus
738 558 784 585 ex
816 545 933 585 Festo
965 559 1001 596 p.
1027 547 1093 595 71,
1123 546 1176 584 15
1217 542 1464 584 ‘Decumana
1495 558 1574 585 oua
1605 546 1793 585 dicuntur

240 608 282 646 et
311 606 522 646 decumani
558 606 703 646 fluctus
741 605 835 656 quia
872 607 967 644 sunt
1003 618 1160 657 magna.
1223 605 1329 645 Nam
1371 608 1412 645 et
1442 619 1563 645 ouum
1594 606 1788 646 decimum

239 668 369 706 maius
412 666 591 706 nascitur
633 668 673 706 et
713 666 856 705 fluctus
894 666 1068 705 decimus
1106 665 1193 704 fieri
1236 667 1433 706 maximus
1478 663 1638 706 dicitur’
1683 667 1791 706 idem

239 741 276 778 p.
299 728 338 776 4,
367 728 389 765 7
426 723 605 766 ‘Albesia
631 729 744 766 scuta
769 726 1014 776 dicebantur,
1046 726 1190 776 quibus
1215 726 1420 776 Albenses,
1453 728 1523 777 qui
1548 728 1643 766 sunt
1667 727 1792 767 Marsi

240 787 407 840 generiS,
438 788 503 826 usi
533 788 637 826 sunt.
693 786 804 826 Haec
834 787 973 826 eadem
998 786 1218 825 decumana
1247 786 1498 826 uocabantur
1529 787 1635 837 quod
1661 790 1792 827 essent

231 847 505 898 amplissima,
543 849 591 886 ut
627 847 837 887 decumani
873 843 1031 886 fluctus'
1073 845 1184 886 GGL
1211 846 1248 884 V
1279 861 1317 898 p.
1341 848 1414 896 16,
1443 850 1495 887 19
1543 844 1790 886 Ἱ)60111118110

240 902 476 962 (decumane
496 904 588 962 cod)
608 908 795 957 maximo,
816 920 840 946 a
858 907 982 946 fluctu
1002 902 1157 961 (fructu
1177 902 1270 962 cod)
1289 904 1458 946 decimo'
1482 902 1558 962 (=
1574 922 1612 959 p.
1629 909 1698 957 60,
1714 903 1790 962 23)

239 981 276 1018 p.
300 969 398 1017 566,
424 969 480 1007 49
515 965 804 1007 ‘Decumanum
849 980 970 1006 ouum
1014 969 1054 1006 et
1096 967 1240 1006 fluctus
1284 967 1453 1007 dicimus
1499 969 1593 1018 quia
1638 981 1793 1019 semper

239 1027 439 1067 decimum
482 1041 605 1067 ouum
645 1029 686 1067 61
725 1028 879 1067 (16011118
917 1027 1026 1067 1111(18
1062 1028 1192 1067 maior
1228 1024 1315 1068 est'.
1378 1027 1513 1067 Licuit
1549 1028 1647 1068 haec
1683 1028 1791 1080 frag-

240 1090 376 1127 menta
408 1090 542 1127 omnia
573 1088 747 1127 tribuere
777 1087 933 1127 Lucilio
964 1101 1038 1138 per
1067 1089 1343 1128 testimonium
1375 1088 1614 1128 scholiastae
1638 1088 1792 1128 Lucani

242 1148 340 1187 editi
372 1148 421 1187 ab
453 1148 629 1187 Vsenero
662 1148 769 1199 quod
798 1149 895 1187 fecit
924 1148 1150 1188 Muellerus.
1212 1147 1380 1188 Accedit
1415 1149 1521 1199 quod
1551 1149 1793 1189 decumanus

243 1207 487 1247 adiectiuum
518 1210 677 1259 praeter
707 1207 907 1247 Lucilium
938 1221 1055 1247 nemo
1080 1208 1242 1248 uidetur
1266 1221 1489 1260 usurpasse.
1547 1208 1661 1255 Quod
1687 1209 1791 1248 unde

240 1268 452 1308 deductum
479 1268 542 1318 sit,
567 1269 782 1308 nescimus:
809 1269 1021 1308 castrensis
1046 1269 1088 1308 id
1113 1268 1235 1308 fuisse
1260 1271 1453 1308 sermonis
1480 1271 1791 1309 consentaneum

239 1331 309 1368 est.
384 1329 517 1368 Verrii
567 1329 817 1379 aliorumque
867 1331 1224 1380 interpretamenta
1273 1342 1380 1369 uana
1430 1331 1654 1369 commenta
1706 1342 1790 1369 esse

239 1391 425 1439 apparet:
475 1389 523 1428 de
573 1389 802 1429 decumanis
848 1389 1034 1428 fluctibus
1079 1389 1243 1429 eandem
1287 1403 1387 1440 puer
1430 1389 1625 1429 didicerat
1668 1391 1791 1429 111161·-

241 1450 502 1499 pretationem
550 1447 721 1489 Ouidius
772 1451 842 1500 qui
889 1450 994 1489 trist.
1020 1450 1041 1488 I
1067 1451 1111 1499 2,
1139 1451 1194 1488 49
1242 1446 1328 1500 ‘qui
1370 1451 1483 1489 uenit
1526 1450 1592 1490 hic
1634 1450 1792 1500 fluctus,

238 1509 382 1548 61101113
414 1511 682 1560 supereminet
713 1522 865 1549 omnes:
897 1511 1095 1560 posterior
1125 1522 1230 1549 nono
1263 1512 1324 1550 631
1348 1510 1638 1561 undecimoque
1663 1508 1788 1562 prior'

239 1572 400 1608 metam.
425 1569 483 1608 XI
510 1570 595 1608 530
635 1567 805 1609 ‘uastius
843 1571 1052 1621 insurgens
1090 1569 1266 1619 decimae
1309 1570 1392 1609 ruit
1432 1570 1606 1621 impetus
1643 1568 1789 1609 undae'

243 1630 338 1668 conf
364 1628 511 1668 Lucan.
538 1630 563 1668 l.
585 1642 614 1668 3.
634 1643 663 1669 3.
689 1629 852 1669 Lucian.
880 1629 927 1668 de
959 1630 1125 1669 merced.
1153 1630 1263 1669 cond.
1293 1631 1316 1668 2
1350 1628 1444 1678 τοὺς
1474 1628 1517 1669 ἐν
1541 1633 1627 1678 ταῖς
1647 1630 1791 1679 οἰκίαις

239 1694 432 1742 χειμῶνας
462 1687 529 1728 καὶ
566 1687 635 1737 τὰς
674 1689 879 1743 τρικυμίας
916 1688 983 1729 καὶ
1013 1688 1064 1742 νὴ
1099 1689 1177 1729 Δία
1207 1690 1476 1742 πεντακυμίας
1508 1705 1546 1730 τε
1578 1689 1645 1730 καὶ
1676 1690 1790 1730 δεκα-

242 1749 388 1800 κυμίας
419 1750 521 1792 nihil
554 1750 604 1788 ad
635 1750 875 1789 uocabulum
905 1749 1107 1789 Latinum.

364 1803 506 1850 1153.
544 1809 673 1858 Varro
717 1810 765 1849 de
807 1810 949 1862 lingua
985 1810 1132 1849 Latina
1172 1810 1274 1850 libro
1312 1810 1370 1849 IX
1396 1811 1449 1849 81
1495 1808 1647 1850 ‘Etiam
1690 1811 1791 1850 illud

239 1871 386 1920 putant
423 1882 507 1909 esse
545 1882 686 1909 causae
725 1882 795 1909 cur
830 1883 910 1909 non
947 1871 1002 1910 sit
1039 1865 1172 1924 (addit
1208 1872 1250 1909 ‘bn
1282 1866 1557 1924 Florentinus)
1590 1871 1791 1923 analogia,

242 1929 348 1980 quod
379 1929 556 1969 Lucilius
600 1930 738 1970 scribit
783 1927 945 1970 “decuis
988 1932 1072 1970 siue
1117 1931 1326 1971 decusibus
1365 1928 1469 1970 est''.
1533 1932 1602 1982 qui
1644 1934 1790 1981 errant,

242 1989 347 2040 quod
383 1989 564 2030 Lucilius
607 2003 685 2030 non
730 1990 869 2030 debuit
913 1990 1112 2039 dubitare,
1155 1987 1185 2043 †
1223 1991 1330 2041 quod
1373 1994 1598 2042 utrumque.
1646 1992 1790 2042 ...ab

239 2050 431 2090 tressibus
469 2051 605 2089 uirilia
642 2051 912 2090 multitudinis
952 2047 1026 2090 “hi
1055 2048 1231 2090 tresses''
1276 2053 1317 2091 et
1349 2048 1443 2091 “his
1475 2052 1667 2092 tressibus
1700 2064 1791 2091 con-

244 2107 371 2160 fido”‚
401 2110 606 2162 singulare
639 2108 745 2150 “hoc
782 2112 919 2150 tressis
950 2108 1109 2150 habeo’'
1153 2113 1193 2150 et
1227 2109 1333 2150 “hoc
1364 2113 1481 2151 tresis
1515 2106 1591 2166 (ita
1621 2112 1791 2151 Floren-

242 2165 365 2223 timus)
416 2167 613 2210 confido’'.
688 2172 744 2210 sic
794 2171 978 2222 deinceps
1030 2171 1081 2210 ad
1125 2167 1401 2226 (Florentinus
1452 2167 1516 2226 ac)
1568 2170 1790 2212 centussis'.

242 2229 354 2276 Quod
399 2230 531 2269 adfert
573 2232 798 2281 exemplum
842 2228 933 2270 ‘hoc
975 2231 1112 2271 tressis
1155 2231 1282 2271 habeo
1325 2232 1401 2271 hoc
1443 2232 1580 2272 tressis
1619 2229 1789 2271 confido'

242 2289 489 2329 demonstrat
520 2291 717 2342 singulari
746 2303 910 2330 numero
942 2291 1220 2330 indeclinabile
1251 2293 1349 2342 poni
1379 2305 1511 2343 posse:
1548 2293 1656 2343 quod
1685 2295 1790 2331 recte

241 2349 421 2389 restituit
463 2349 507 2388 L.
529 2349 764 2402 Spengelius
809 2350 917 2401 apud
959 2350 1158 2390 Lucilium
1208 2351 1414 2391 scribendo
1467 2349 1657 2392 ‘decussis
1707 2354 1791 2392 siue

243 2409 470 2449 decussibus
503 2407 590 2449 est'.
645 2410 816 2450 Addidit
846 2410 1023 2450 Lucilius
1054 2411 1176 2450 uerba
1214 2412 1294 2450 tria
1325 2414 1513 2461 extrema,
1553 2425 1631 2462 quo
1662 2412 1791 2464 magis

244 2468 465 2508 ablatiuum
501 2470 698 2509 indicaret
733 2471 875 2510 lectori
911 2484 1030 2521 quem
1067 2484 1114 2510 ex
1153 2471 1427 2510 indeclinabili
1457 2472 1691 2524 intellegere
1722 2472 1791 2511 ille

244 2529 438 2579 nequiret.
502 2529 630 2569 Sicuti
658 2530 836 2571 Lucilius
868 2531 1000 2582 priore
1036 2531 1124 2570 1000
1157 2531 1309 2571 Statius
1341 2532 1502 2582 scripsit
1527 2532 1614 2571 silu.
1635 2532 1694 2570 IV
1709 2533 1747 2580 9,
1763 2533 1788 2571 9

244 2589 292 2628 de
317 2588 420 2628 libro
448 2586 562 2628 ‘mihi
587 2590 768 2630 constitit
793 2588 981 2631 decussis'
1009 2591 1114 2631 Fest.
1134 2605 1173 2642 p.
1196 2593 1294 2642 334,
1322 2592 1376 2631 33
1397 2591 1450 2630 Μ.
1471 2604 1500 2631 3.
1521 2606 1558 2631 11.
1585 2593 1790 2631 sestertius

245 2645 339 2699 ‘quo
382 2651 561 2701 tempore
598 2651 634 2690 is
672 2650 824 2691 decusis
862 2648 1053 2702 ualebat',
1095 2651 1204 2691 idem
1245 2652 1414 2691 Paulus:
1466 2653 1606 2692 contra
1648 2652 1790 2691 Festus

244 2722 282 2759 p.
311 2709 415 2758 237,
450 2711 503 2748 19
543 2722 572 2750 3.
604 2724 641 2749 u.
685 2711 893 2761 peculatus
938 2708 1128 2762 ‘Tarpeia
1169 2713 1257 2764 lege
1302 2714 1465 2752 cautum
1505 2714 1581 2760 est,
1630 2714 1678 2751 ut
1720 2712 1790 2751 bos

246 2767 486 2819 centusibus,
517 2770 604 2808 ouis
630 2770 838 2810 decusibus
870 2768 1180 2810 aestimaretur’.
1236 2771 1296 2810 De
1322 2772 1610 2823 orthographia
1634 2771 1792 2810 monuit

247 2826 419 2879 Georges
451 2828 493 2867 in
524 2829 650 2869 lexico
682 2829 902 2869 formarum
933 2843 962 2869 3.
982 2844 1020 2868 11.
1046 2831 1110 2869 bes
1141 2831 1313 2870 decussis
1344 2833 1532 2870 centussis
1562 2831 1740 2870 litteram
1772 2843 1790 2869 3

245 2887 363 2927 3101111
393 2887 467 2926 hoc
496 2888 584 2927 loco
616 2901 734 2939 saepe
758 2902 839 2928 non
864 2889 1110 2940 geminatam
1139 2890 1332 2929 inueniri:
1366 2891 1489 2929 etiam
1513 2889 1620 2930 Pers.
1645 2890 1683 2928 V
1706 2891 1786 2929 191

247 2950 410 2996 cerame,
437 2947 491 2986 76
519 2950 631 2987 tresis
656 2948 797 2988 habuit
823 2949 1063 2999 archetypus
1083 2949 1228 2988 codicis
1247 2949 1477 2988 Pithoeani:
1502 2950 1598 2989 conf
1612 2949 1791 2989 Heraeus

245 3007 444 3059 Philolog.
464 3006 555 3046 LIX
590 3009 704 3048 1900
735 3022 773 3059 p.
795 3009 892 3047 317.
954 3007 1076 3048 Libro
1106 3008 1165 3047 IX
1206 3009 1392 3048 attribuit
1422 3009 1648 3049 Muellerus.
1710 3010 1792 3062 Agi
