2060 3444
279 291 366 335 294
841 287 959 322 XXIX
983 299 1018 322 u.
1046 289 1244 322 εει-856.

279 405 356 442 VII
376 418 412 454 p.
436 404 517 441 316
536 401 564 440 C
591 400 665 440 ἔδω
693 396 728 439 6'
758 398 928 450 ἐμαυτὸν
955 399 1081 451 ὥσπερ
1107 397 1337 445 πουλύπους
1356 400 1425 449 qui
1444 399 1554 438 locus
1573 399 1633 437 ita
1652 397 1810 451 uidetur

280 477 363 502 esse
414 461 711 501 constituendus
764 458 839 499 ἔδω
889 454 926 498 δ’
961 456 1129 509 ἐμαυτὸν
1177 454 1352 509 (advoc)
1400 456 1528 511 ὥσπερ
1580 453 1810 504 πουλύποῦς

281 519 412 576 (GAF
438 522 458 559 I
488 535 525 571 p.
550 521 633 559 764
647 515 713 573 K).
776 519 834 558 De
872 517 1082 569 polypodis
1123 518 1343 556 uoracitate
1380 518 1508 556 multa
1543 516 1698 556 Aelian.
1724 530 1809 557 uar.

279 584 370 621 hist.
397 582 416 619 Ι
453 584 494 619 1:
533 580 669 619 eadem
707 579 967 618 similitudine
1004 590 1098 617 usus
1136 579 1196 616 est
1234 576 1453 616 Carneades
1492 589 1554 627 ap.
1587 576 1694 615 Stob.
1727 576 1801 615 fior

280 641 464 679 LXXXII
499 642 563 678 13.
625 640 671 678 In
704 640 850 678 litteris
894 639 1090 688 corruptis
1133 637 1440 676 cuimedemtiam
1482 636 1663 685 uerbum,
1707 635 1812 686 quod

280 702 481 751 pert-ineat
506 699 555 738 ad
574 700 795 748 paulisper,
827 711 915 736 cum
947 698 1021 736 hoc
1052 697 1215 736 uerbum
1241 710 1330 735 cum
1358 696 1611 746 sequentibus
1643 697 1816 746 nequeat

282 761 479 811 coniungi,
511 760 669 810 oportet
699 758 906 809 indagare:
938 757 1079 807 scripsi
1109 757 1235 808 igitur
1267 753 1346 795 ‘cui
1383 756 1586 806 paulisper
1622 768 1684 794 me
1712 755 1814 804 dem,

282 821 362 859 iam
394 820 483 858 edet
512 819 610 857 haec
641 830 681 856 se
712 820 758 856 ut
787 818 958 868 polypus
990 812 1111 866 ipsa’:
1150 817 1212 855 cui
1242 817 1284 854 in
1323 815 1619 854 antecedentem
1656 827 1814 854 uersum

266 880 411 918 reieci.
471 878 619 929 Agitur
662 877 709 915 de
748 878 947 927 zelotypa:
985 877 1019 915 si
1056 889 1118 914 me
1155 875 1257 914 dabo
1294 875 1499 925 paulisper
1535 874 1606 914 alii
1646 874 1815 923 mulieri,

282 940 460 978 furenter
484 938 590 976 irata
616 937 801 987 pollicem
820 936 934 975 rodet
953 935 1070 975 sicuti
1090 934 1257 974 Canidia
1275 934 1414 973 Horat.
1436 934 1548 984 epod.
1567 933 1604 971 V
1625 935 1699 973 47:
1725 935 1820 973 conf

285 998 403 1038 schol.
430 998 481 1036 ad
511 998 547 1035 h.
574 1011 610 1035 u.
637 997 794 1035 Petron.
822 996 959 1047 fragm.
986 995 1094 1034 111ss
1122 994 1325 1034 Sittelium
1357 994 1404 1033 de
1430 993 1609 1045 gestibus
1633 995 1814 1032 ueterum

283 1072 320 1108 p.
351 1053 435 1111 16).
508 1057 711 1107 Aristoph.
744 1056 861 1106 Vesp.
900 1056 982 1094 286
1029 1049 1124 1106 μηδ’
1179 1053 1281 1093 οὕτω
1333 1051 1499 1093 σεαυτὸν
1553 1052 1661 1093 ἔσθιε
1719 1048 1813 1104 μηδ’

284 1133 321 1155 w
335 1131 501 1156 ανακῖει.

311 1133 332 1170 l
405 1171 514 1215 863.
555 1176 708 1215 Nonius
751 1189 788 1225 p.
818 1175 920 1224 153,
954 1176 1007 1212 17
1061 1171 1301 1222 ‘Permities‚
1350 1173 1588 1223 periculum,
1641 1171 1816 1211 exitium.

288 1236 465 1275 Lucilius
490 1236 557 1274 lib.
580 1235 816 1274 XXVIIII
837 1229 914 1287 (ita
938 1233 1160 1272 Leidensis=
1193 1233 1401 1271 XXVIII
1428 1227 1576 1286 Guelf.)
1609 1228 1744 1271 “nunc
1774 1234 1819 1271 tu

287 1326 294 1334 .
309 1327 315 1334 .
329 1326 336 1334 .
351 1297 499 1344 nuptiis
511 1296 575 1334 uel
587 1307 667 1334 sese
680 1307 797 1345 neges
812 1288 937 1347 (neces
950 1287 1172 1346 Leidensis)
1187 1294 1226 1331 te
1243 1323 1249 1331 .
1264 1324 1270 1330 .
1285 1323 1291 1330 .
1300 1294 1506 1341 permistae
1521 1286 1709 1345 (pernici-e
1723 1291 1819 1330 olim

285 1349 549 1409 impressi)”.'
606 1355 773 1393 Numeri
797 1353 901 1393 salui
933 1355 1026 1392 sunt
1050 1354 1090 1391 et
1121 1353 1207 1392 sani
1239 1354 1280 1390 in
1306 1351 1438 1391 uerbis
1465 1349 1584 1390 ‘nunc
1609 1352 1653 1390 tu
1679 1353 1818 1390 contra

287 1416 398 1453 uenis
440 1415 505 1455 uel
549 1414 618 1464 qui
655 1415 697 1452 in
737 1410 901 1464 nuptis'.
968 1412 1115 1451 Versus
1160 1411 1211 1450 ad
1253 1412 1550 1463 chronologiam
1593 1412 1819 1450 saturarum

287 1474 548 1513 definiendam
591 1474 728 1525 magni
772 1475 831 1512 est
874 1472 1074 1511 momenti.
1142 1471 1320 1522 Vsurpat
1358 1473 1479 1522 poeta
1514 1471 1556 1509 in
1595 1470 1818 1521 antiquiore

287 1537 509 1573 saturarum
549 1546 712 1584 corpore
749 1533 967 1571 etiamtunc
1009 1534 1144 1570 contra
1174 1544 1282 1570 more
1314 1530 1433 1569 Ennii
1464 1531 1608 1569 ultima
1639 1533 1820 1580 correpta

289 1595 358 1643 qui
384 1588 492 1646 (ann.
519 1607 555 1631 u.
578 1593 662 1632 463
678 1587 733 1645 V)
760 1593 802 1630 in
827 1593 935 1631 exitu
961 1591 1179 1630 hexametri
1203 1590 1338 1640 posuit
1364 1587 1518 1629 ‘contra
1542 1586 1665 1628 tueri'
1686 1584 1819 1642 (Van.

287 1653 334 1691 de
360 1653 384 1691 1.
405 1653 493 1691 Lat.
512 1652 590 1690 VII
620 1646 707 1705 12),
731 1653 773 1690 in
799 1652 995 1702 principio
1022 1645 1130 1703 (ann.
1154 1663 1193 1688 11.
1216 1651 1300 1688 563
1315 1645 1371 1703 V)
1399 1647 1554 1689 ‘contra
1579 1645 1817 1688 carinantes'

288 1708 416 1765 (Seru.
437 1714 542 1751 auct.
563 1711 613 1750 ad
638 1711 734 1750 Aen.
755 1711 855 1750 VIII
875 1705 998 1764 361):
1025 1722 1096 1761 pro
1123 1709 1295 1760 spondeo
1322 1711 1459 1761 posuit
1483 1708 1620 1748 incert.
1646 1722 1683 1747 u.
1708 1707 1820 1747 1186

289 1774 328 1811 et
352 1773 443 1822 post
468 1785 616 1810 annum
641 1771 722 1810 fere
750 1765 946 1823 628s126
976 1767 1131 1809 ‘contra
1156 1769 1400 1808 defensorem
1422 1768 1631 1807 hominum
1649 1780 1819 1807 morum-

289 1845 364 1881 que
404 1828 611 1870 bonorum'
655 1830 793 1870 incert.
828 1843 866 1868 u.
891 1830 1022 1878 13353
1064 1843 1142 1879 qua
1185 1829 1226 1867 in
1269 1841 1453 1868 mensura
1494 1829 1654 1879 poetam
1698 1829 1823 1867 secuti

289 1893 382 1930 sunt
413 1904 547 1930 omnes
577 1903 701 1940 usque
733 1890 783 1928 ad
815 1889 1015 1928 saeculum
1046 1903 1083 1939 p.
1105 1887 1173 1927 Oh.
1193 1888 1261 1926 IV.
1327 1887 1472 1928 Contra
1508 1889 1644 1927 uenire
1674 1887 1823 1927 dictum

290 1953 350 1989 est
380 1950 428 1989 de
459 1950 620 1989 obuiam
650 1951 693 1987 in
730 1949 799 1988 uia
835 1948 1022 1988 euntibus
1048 1948 1174 1987 ueluti
1207 1948 1371 1994 Quintil.
1398 1948 1468 1996 VI,
1495 1948 1533 1997 3,
1561 1948 1616 1986 95
1648 1947 1825 1986 Martialt

289 2009 382 2048 XIV
410 2011 463 2047 62
497 2010 633 2047 quen.
654 2009 674 2046 I
703 2010 804 2058 160,
848 2008 938 2046 inde
982 2009 1042 2046 ita
1082 2010 1142 2046 est
1171 2007 1430 2055 translatum,
1466 2008 1513 2045 ut
1549 2008 1603 2045 sit
1637 2019 1711 2058 pro
1749 2007 1824 2045 im-

290 2081 466 2119 pugnare
509 2070 684 2118 positum
727 2068 852 2106 ueluti
896 2066 974 2106 Cic.
1007 2067 1058 2105 ad
1094 2066 1179 2106 Att.
1210 2066 1231 2104 I
1266 2069 1310 2116 1,
1343 2067 1369 2104 4
1415 2063 1478 2104 ‘ne
1522 2067 1662 2105 contra
1703 2066 1824 2104 amici-

291 2140 485 2166 summam
522 2128 854 2167 existimationem
892 2127 1112 2166 miserrimo
1150 2127 1235 2165 eius
1265 2127 1444 2176 tempore
1474 2121 1666 2164 uenirem'
1702 2120 1823 2178 (Phil.

291 2187 331 2225 II
358 2189 396 2237 2,
423 2182 468 2241 3)
506 2200 577 2237 pro
616 2187 729 2226 Rosc.
756 2200 853 2226 com.
883 2187 935 2225 18
977 2183 1115 2236 ‘quid‘?
1150 2186 1214 2235 tu,
1246 2185 1399 2235 Saturi,
1438 2185 1506 2235 qui
1546 2186 1685 2224 contra
1720 2184 1824 2224 hunc

292 2248 414 2296 uenis,
441 2247 643 2286 existimas
670 2245 815 2285 aliter?
844 2248 886 2284 in
912 2245 1023 2285 Verr.
1043 2246 1084 2284 II
1105 2246 1174 2294 43,
1197 2247 1278 2284 107
1308 2242 1358 2284 ‘si
1382 2245 1429 2283 de
1455 2245 1601 2284 litteris
1627 2245 1824 2295 corruptis

293 2308 430 2346 contra
466 2303 604 2345 uenit’.
665 2319 737 2357 pro
774 2306 875 2344 Mur.
898 2307 921 2345 9
962 2302 1091 2344 ‘illum
1127 2305 1277 2355 ipsum,
1320 2317 1436 2355 quem
1478 2305 1617 2343 contra
1653 2300 1824 2344 ueneris’

293 2362 354 2419 (C.
373 2366 415 2404 F.
436 2366 498 2404 W.
518 2366 731 2405 Muellerus
761 2366 811 2404 ad
836 2364 1132 2404 Friedlaenderi
1157 2365 1292 2403 quen.
1312 2364 1392 2403 VII
1418 2358 1504 2417 29).
1534 2385 1584 2390 —
1613 2364 1657 2402 in
1681 2365 1826 2413 nuptie·

293 2427 341 2463 ut
372 2422 428 2463 ‘in
465 2426 539 2464 hac
577 2427 796 2464 commotus
834 2421 935 2464 sum’
975 2425 1130 2463 Terent.
1158 2424 1259 2463 Eun.
1287 2425 1391 2473 567,
1431 2421 1488 2461 ‘in
1529 2423 1638 2462 mala
1667 2423 1826 2470 deditus

293 2485 356 2523 uir
386 2481 582 2524 adultera'
609 2483 754 2523 Catull.
779 2484 871 2523 LXI
898 2485 981 2523 102
1015 2479 1307 2537 (Rothsteinius
1339 2483 1390 2521 ad
1420 2483 1600 2533 Propert.
1625 2482 1647 2521 1
1673 2483 1740 2532 13,
1769 2477 1825 2535 7).

293 2544 387 2582 Hor.
414 2557 526 2583 serm.
546 2544 567 2582 I
586 2546 626 2593 4,
653 2545 706 2582 27
735 2541 814 2599 ‘liic
839 2545 1054 2595 nuptarum
1079 2543 1229 2582 insanit
1255 2542 1466 2592 amoribus,
1490 2542 1555 2581 hic
1581 2538 1827 2593 puerorum’:

294 2603 499 2654 utriusque
537 2605 682 2643 amoris
719 2603 968 2642 incommoda
1004 2603 1069 2641 hic
1105 2604 1210 2642 inter
1247 2615 1288 2642 se
1326 2603 1618 2652 comparantur.
1664 2622 1718 2628 -
1763 2602 1828 2640 uel

294 2675 375 2701 sese
402 2656 521 2711 codd,
544 2664 713 2701 noluisse
739 2663 889 2702 conieci
914 2675 1002 2701 cum
1028 2661 1197 2712 synizesi
1221 2662 1449 2701 Luciliana:
1481 2662 1574 2701 belle
1598 2672 1678 2700 esse
1700 2660 1826 2700 Lach-

229 2749 234 2752 -
295 2735 462 2760 mannus
499 2724 637 2760 contra
674 2734 843 2761 sensum.
886 2743 935 2748 —
978 2722 1074 2760 865.
1107 2721 1154 2760 de
1195 2723 1392 2773 scriptura
1421 2722 1623 2770 permittes
1652 2719 1745 2759 uide
1776 2719 1828 2759 ad

295 2781 362 2820 lib.
382 2781 424 2819 H
449 2795 485 2819 u.
509 2782 575 2819 77.
637 2781 834 2832 Tangitur
864 2794 992 2831 poena
1027 2781 1290 2820 moechorum.
1354 2778 1612 2819 ‘ludibundus
1642 2791 1714 2818 nec
1744 2779 1828 2819 sine

296 2841 470 2889 pernicie
499 2837 649 2879 tamen'
684 2840 791 2879 Suet.
817 2841 909 2879 Ner.
938 2841 1004 2878 26.

417 2895 526 2939 866.
564 2899 717 2938 Nonius
761 2914 799 2950 p.
828 2900 930 2948 313,
965 2900 1017 2938 16
1059 2896 1294 2951 ‘Flagitium
1337 2900 1490 2938 ueteres
1532 2897 1676 2937 uitium
1722 2897 1828 2948 quod

296 2958 446 3008 uirgini
481 2959 654 2997 infertur
690 2959 769 2998 dici
805 2959 1029 2997 uoluerunt.
1097 2959 1313 3010 flagitium,
1350 2958 1580 3008 periculum.
1648 2956 1826 2996 Lucilius

297 3016 363 3054 lib.
395 3017 588 3056 XXVIIII
632 3015 786 3066 “quiete
820 3021 1000 3067 poscente
1041 3019 1171 3057 minus
1215 3019 1255 3057 et
1284 3018 1482 3067 praebunt
1608 3012 1831 3068 flagitio&
