2060 3444
256 271 344 312 220
726 302 733 308 .
811 266 930 302 XXVI
957 279 991 302 u.
1024 270 1224 303 sss-596.

380 377 490 422 588.
529 381 683 420 Nonius
726 394 764 431 p.
794 381 897 430 253,
927 382 980 419 14
1027 376 1211 430 ‘Capere,
1255 379 1462 419 delectare.
1496 410 1503 417 .
1540 411 1546 417 .
1582 410 1588 417 .
1620 378 1797 419 Lucilius

259 443 326 482 lib.
354 441 485 481 XXVI
523 438 659 479 “nunc
689 440 830 479 itidem
860 441 1008 489 populo
1045 441 1163 479 istwm
1199 440 1453 489 scriptoribus
1490 438 1691 478 uoluimus
1717 468 1725 477 .
1755 469 1762 477 .
1790 470 1797 478 .

258 498 478 541 illorum''.'
533 500 734 539 Excidisse
766 500 958 539 nonnulla
990 501 1169 550 apparet.
1222 496 1401 550 ‘Semper
1426 511 1499 550 ego
1527 499 1687 538 auditor
1711 500 1798 537 tan-

259 561 374 601 tum?
405 573 674 611 numquamne
700 572 891 610 reponam
915 561 1084 598 uexatus
1108 560 1255 598 totiens
1281 560 1391 598 rauci
1417 558 1608 598 Theseide
1635 557 1753 598 Cordi
1762 555 1797 598 ?'

260 622 403 672 incipit
439 620 662 660 quenalis:
702 617 842 660 ‘secuit
873 619 1051 659 Lucilius
1082 618 1220 658 urbem
1248 651 1254 657 .
1283 649 1291 657 .
1320 650 1326 657 .
1354 631 1469 658 omne
1503 619 1619 658 uafer
1654 617 1800 657 uitium

258 681 406 721 ridenti
449 681 615 720 Flaccus
659 681 787 719 0111100
831 680 965 731 tangit
998 711 1005 718 .
1041 711 1047 718 .
1083 711 1089 718 .
1125 691 1188 717 me
1231 678 1396 718 muttire
1440 674 1596 718 nefas?'
1647 677 1753 717 Pers.
1780 678 1800 716 Ι

260 743 346 781 114
362 754 470 792 seqq.
520 740 660 790 Neque
692 741 826 779 tamen
858 739 1006 790 populo
1040 751 1123 778 sese
1154 738 1310 788 placere
1340 739 1470 778 uoluit
1493 738 1568 777 1100
1593 738 1695 776 libro
1719 736 1799 776 Lu-

262 802 390 852 cilius,
423 800 490 839 sed
521 800 659 850 paucis
691 799 970 839 tantummodo
1001 798 1240 848 hominibus,
1272 798 1390 837 sicuti
1417 798 1609 837 Horatius
1641 810 1754 836 serm.
1779 797 1800 837 I

260 864 299 911 4,
328 863 379 900 72
398 873 523 911 seqq:
562 859 700 910 itaque
725 860 873 909 populo
906 854 1020 912 (conf
1041 858 1147 898 Pers.
1174 858 1193 896 Ι
1223 853 1296 912 15)
1332 860 1372 897 et
1407 858 1566 896 illorum
1603 857 1800 896 uocabula

260 922 365 960 inter
390 933 430 960 50
457 921 552 959 sunt
578 919 788 959 contraria.
835 918 1082 958 Sententiam
1109 918 1282 957 mediam
1307 929 1490 956 mancam
1517 930 1599 956 esse
1619 919 1800 968 apparet,

260 982 329 1020 sed
360 982 519 1031 praeter
550 981 669 1019 istum
700 980 834 1018 omnia
871 978 1060 1018 uidentur
1096 990 1180 1018 esse
1218 990 1326 1016 sana.
1355 1000 1409 1004 —
1437 989 1573 1027 capere
1611 979 1800 1022 animum,

260 1037 442 1092 uulgaris
475 1040 684 1079 sermonis:
723 1039 880 1079 Petron.
911 1039 963 1078 76
1005 1035 1202 1077 ‘dominus
1240 1037 1282 1076 in
1315 1037 1431 1077 domo
1463 1038 1591 1076 factus
1624 1050 1729 1087 sum,
1761 1038 1801 1075 et

262 1114 349 1140 0000
382 1101 469 1151 cepi
500 1099 635 1150 ipsimi
668 1096 921 1138 cerebellum'
955 1098 1070 1138 Ouid.
1096 1099 1188 1136 met.
1215 1097 1273 1136 IV
1301 1099 1381 1136 271
1419 1094 1586 1136 ‘factum
1618 1096 1800 1135 mirabile

263 1162 423 1211 ceperat
455 1157 599 1199 aures’.
625 1181 683 1186 -—
708 1160 877 1205 illorum,
910 1170 1009 1209 quos
1039 1171 1130 1197 mox
1162 1157 1419 1197 enumerabit.

383 1215 494 1260 590.
526 1219 683 1258 Nonius
708 1233 746 1270 p.
776 1220 873 1268 297,
902 1220 954 1259 17
990 1214 1156 1257 ‘Efferre
1189 1217 1389 1269 significat
1413 1218 1601 1268 proferre.
1629 1247 1636 1254 .
1659 1247 1665 1254 .
1689 1247 1695 1254 .
1722 1215 1799 1254 Lu-

262 1280 376 1320 cilius
396 1279 463 1319 lib.
478 1278 610 1318 XXVI
630 1275 735 1330 “ego
759 1310 765 1317 .
789 1310 795 1317 .
819 1310 825 1317 .
847 1274 1067 1317 uersum''.'
1101 1291 1147 1316 ex
1166 1277 1426 1328 praecordiis:
1447 1277 1542 1316 conf
1551 1275 1665 1315 Lucr.
1679 1275 1699 1314 I
1713 1276 1799 1314 412

263 1338 404 1390 ‘usque
437 1339 535 1378 adeo
567 1339 700 1391 largos
732 1338 899 1378 haustus
930 1351 951 1377 e
983 1337 1160 1376 fontibus
1192 1338 1348 1389 magnis
1380 1337 1519 1388 lingua
1549 1348 1637 1374 meo
1667 1335 1800 1375 suauis

262 1401 337 1439 diti
369 1400 416 1438 de
446 1401 605 1450 pectore
637 1398 778 1438 fundet
808 1400 854 1437 ut
884 1410 1026 1437 uerear
1055 1411 1104 1436 ne
1136 1397 1253 1436 tarda
1283 1396 1393 1447 prius
1425 1409 1496 1447 per
1526 1395 1703 1434 membra
1742 1407 1800 1434 se-

261 1461 398 1499 nectus
437 1461 571 1509 serpat
597 1490 605 1497 .
635 1490 641 1496 .
671 1490 677 1497 .
706 1471 826 1509 quam
864 1457 939 1496 tibi
977 1457 1024 1496 de
1063 1457 1205 1507 quauis
1243 1469 1322 1495 una
1365 1470 1408 1495 re
1452 1455 1630 1495 uersibus
1674 1454 1801 1494 omnis

263 1521 587 1572 argumentorum
619 1520 671 1557 sit
697 1519 811 1569 copia
837 1517 958 1557 missa
983 1531 1054 1568 per
1078 1512 1212 1556 auris'.
1264 1516 1435 1555 Versum
1461 1529 1481 1555 e
1505 1517 1664 1566 pectore
1691 1514 1802 1553 effert

263 1581 383 1631 poeta
415 1579 511 1618 dum
544 1578 671 1617 dictat
702 1590 824 1628 puero
856 1577 1056 1617 scribenti.

385 1633 652 1679 592—596.
680 1637 844 1677 Crassus
871 1637 977 1688 apud
997 1636 1225 1676 Ciceronem
1249 1636 1297 1676 de
1323 1637 1479 1675 oratore
1498 1634 1539 1674 H
1560 1635 1598 1684 6,
1619 1635 1673 1674 25
1701 1645 1802 1684 quae

264 1700 424 1750 scripsit
459 1711 562 1738 anno
603 1693 771 1750 699s55
812 1694 931 1737 ‘Nam
974 1699 1020 1737 ut
1058 1695 1098 1735 C.
1124 1696 1319 1745 Lucilius,
1355 1695 1472 1735 homo
1510 1696 1551 1733 et
1586 1693 1725 1734 doctus
1763 1694 1803 1733 et

263 1759 528 1811 perurbanus,
572 1758 700 1797 dicere
744 1757 914 1807 solebat,
959 1768 1078 1805 neque
1120 1768 1160 1796 se
1203 1756 1253 1795 ab
1295 1755 1570 1795 indoctissimis
1613 1765 1734 1802 neque
1777 1766 1803 1792 a

265 1820 497 1862 doctissimis
539 1818 613 1867 leyi
655 1818 771 1863 uelle,
815 1817 916 1866 quod
957 1818 1069 1856 alteri
1111 1816 1210 1856 nihil
1251 1816 1525 1864 intelleyerent,
1570 1814 1683 1854 alteri
1706 1813 1803 1863 plus

264 1881 430 1927 fortasse
473 1891 591 1928 quam
633 1879 733 1927 ipse,
776 1877 824 1915 de
868 1889 946 1928 quo
990 1877 1111 1916 etiam
1149 1876 1310 1926 scripsit
1347 1871 1558 1914 “Persium
1598 1886 1676 1913 non
1710 1884 1802 1912 curo

266 1935 442 1990 legere”,
490 1939 556 1977 hic
598 1937 678 1976 suit
720 1938 843 1985 enim,
893 1939 938 1975 ut
980 1948 1184 1984 noramus,
1233 1936 1410 1974 omnium
1454 1935 1535 1973 fere
1578 1934 1803 1973 nostrorum

266 1999 474 2038 hominum
512 1998 792 2044 doctissumus,
831 1993 1045 2035 “Laelium
1082 1995 1303 2035 Decumum
1334 1991 1471 2043 uolo”,
1514 2006 1629 2043 quem
1661 2005 1802 2043 cogno-

266 2060 397 2097 uimus
428 2059 560 2096 uirum
590 2057 737 2096 bonum
769 2058 809 2095 et
843 2069 921 2095 non
957 2055 1241 2104 inlitteratum,
1282 2054 1350 2093 sed
1386 2054 1487 2092 nihil
1525 2053 1575 2091 ad
1606 2053 1802 2092 Persium:

267 2119 324 2158 sic
361 2130 434 2169 ego
462 2147 497 2156 ..
521 2114 543 2155 .'
616 2117 769 2155 Plinius
807 2117 888 2154 nat.
913 2115 1006 2154 hist.
1031 2114 1155 2166 praef.
1185 2116 1207 2153 7
1248 2111 1474 2153 ‘Praeterea
1511 2114 1571 2152 est
1608 2111 1800 2162 quaedam

268 2177 429 2229 publica
460 2178 582 2216 etiam
613 2176 856 2215 eruditorum
887 2175 1065 2223 reiecti03
1104 2175 1231 2213 utitur
1260 2173 1333 2212 illa
1364 2174 1404 2212 et
1434 2172 1486 2211 M.
1507 2171 1661 2211 Tullius
1693 2172 1804 2210 extra

271 2250 427 2278 omnem
457 2237 609 2289 ingenii
646 2236 774 2275 aleam
804 2236 958 2286 positus
990 2236 1046 2284 et,
1084 2233 1192 2284 quod
1222 2234 1427 2282 miremur,
1463 2245 1535 2282 per
1565 2231 1803 2271 aduocatum

270 2297 513 2336 defenditur:
546 2293 649 2335 “nec
681 2295 930 2335 doctissimis.
992 2291 1022 2346 †
1053 2295 1241 2332 Manium
1272 2289 1302 2345 †
1332 2288 1526 2331 Persium*
1547 2291 1643 2330 haec
1673 2291 1803 2342 legere

269 2357 374 2407 nolo,
404 2357 566 2396 Iunium
598 2355 776 2407 Congum
813 2351 952 2395 u010”.
1015 2354 1121 2404 quod
1165 2354 1199 2392 si
1229 2353 1302 2392 hoc
1333 2352 1522 2401 Lucilius,
1553 2352 1623 2402 qui
1652 2351 1804 2401 primus

271 2416 450 2456 condidit
486 2415 569 2455 stili
606 2428 763 2465 nasum,
796 2414 1006 2454 dicendum
1037 2413 1113 2452 sibi
1127 2407 1321 2463 putauit,
1356 2411 1490 2451 Cicero
1530 2409 1804 2459 mutuandum,

270 2477 505 2528 praesertim
543 2488 629 2514 cum
669 2475 716 2514 de
756 2488 798 2514 re
835 2474 996 2525 publica
1027 2467 1115 2527 (lib.
1141 2473 1161 2511 I
1191 2474 1266 2511 1110.
1293 2471 1371 2511 sed.
1401 2473 1423 2510 1
1462 2471 1661 2509 Muelleri:
1700 2481 1803 2509 anno

275 2531 463 2590 700s54)
495 2536 696 2584 scriberet,
728 2535 878 2585 quanto
909 2546 980 2574 nos
1011 2532 1212 2572 causatius
1238 2531 1288 2570 ab
1315 2531 1449 2581 aliquo
1474 2530 1604 2569 iudice
1629 2528 1803 2568 defendi-

271 2593 406 2636 mus?'
472 2595 606 2635 Cicero
639 2595 686 2633 de
717 2594 782 2633 fin.
807 2594 828 2632 I
855 2595 893 2643 3,
921 2595 943 2632 7
979 2605 1082 2632 anno
1117 2587 1282 2643 709s45
1323 2588 1420 2630 ‘Nec
1457 2603 1551 2629 uero
1589 2591 1634 2628 ut
1670 2589 1805 2628 noster

272 2655 466 2705 Lucilius,
503 2654 710 2704 recusabo,
748 2667 826 2705 quo
858 2654 988 2692 minus
1026 2664 1161 2691 omnes
1197 2664 1286 2690 mea
1321 2651 1468 2702 legant.
1529 2650 1680 2688 utinam
1712 2650 1806 2687 esset

272 2717 337 2755 iile
367 2716 548 2755 Persius!
608 2714 738 2763 Scipio
767 2725 860 2752 uero
892 2715 926 2752 et
955 2712 1131 2751 Rutilius
1161 2711 1281 2750 multo
1313 2711 1427 2750 etiam
1457 2710 1604 2758 mayis;
1641 2719 1805 2757 quorwm

273 2777 338 2815 ille
365 2776 553 2814 iudicium
577 2774 850 2822 reformidans,
886 2772 1107 2811 Tarentinis
1137 2772 1195 2811 ait
1217 2782 1258 2810 se
1283 2773 1317 2809 et
1344 2769 1586 2809 Consentinis
1612 2771 1646 2807 et
1662 2766 1806 2807 Saulis

275 2832 466 2874 seribere'.
523 2834 690 2872 Dixerat
720 2832 972 2872 aduersarius
1005 2828 1134 2870 ‘nemo
1164 2831 1299 2870 uestra
1331 2829 1486 2868 curabit
1515 2828 1593 2867 nisi
1619 2827 1806 2877 portenta

243 2896 495 2946 'anguisque
538 2894 710 2933 uolucris
761 2905 806 2932 ac
857 2893 1043 2942 pinnatos
1087 2887 1286 2930 scribitis'.
1360 2887 1586 2939 Respondet
1627 2886 1804 2926 Lucilius

278 2951 367 3004 ‘ego
398 2954 467 2992 ubi
498 2966 614 3003 quem
647 2965 693 2991 ex
722 2951 963 3003 praecordiis
995 2951 1122 2990 ecfero
1153 2946 1325 2989 uersum'
1349 2979 1357 2987 .
1378 2979 1386 2987 .
1407 2978 1416 2986 .
1441 2961 1520 2987 11011
1549 2959 1682 2985 01111105
1714 2958 1806 2984 00111

276 3014 406 3067 legere
446 3025 550 3053 curo.
618 3012 803 3052 Imitatus
847 3013 907 3052 est
948 3010 1104 3050 Persius
1135 3009 1156 3048 Ι
1188 3010 1212 3047 2
1245 3008 1314 3048 ubi
1357 3007 1606 3047 aduersarius
1648 3002 1659 3019 ‘
1677 3001 1805 3051 “Quis
