2060 3444
900 251 917 289 1
941 264 977 290 u.
1007 255 1159 290 13-14.
1778 248 1804 292 9

379 363 455 410 13.
487 367 642 408 Nonius
667 381 705 418 p.
735 367 833 417 540,
855 367 910 406 25
939 363 1196 416 ‘Amfytapae
1227 366 1358 405 uestes
1388 365 1578 405 dicuntur
1602 365 1806 415 utrimque

255 430 446 471 habentes
485 428 616 468 uillos.
685 426 863 467 Lucilius
902 428 1132 478 satyrarum
1164 426 1231 465 lib.
1259 425 1279 464 I
1319 422 1479 476 “psilae
1517 425 1638 476 atque
1680 426 1806 476 amfy-

255 494 371 541 lupae
403 519 410 527 .
439 519 446 527 .
474 520 483 529 .
514 485 716 528 molles”.’
792 486 934 526 Cetera
976 486 1068 525 uide
1113 485 1163 525 ad
1206 485 1274 524 lib.
1302 485 1361 524 VI
1391 499 1428 524 11.
1465 486 1562 525 252.
1630 485 1806 525 Isidorus

256 552 354 603 orig.
381 549 475 588 XIX
502 550 571 599 26,
593 549 618 588 5
653 545 781 597 ’θηρία
812 548 952 598 tapeta
983 560 1030 586 ex
1061 559 1141 585 una
1171 548 1287 598 parte
1319 546 1466 586 uillosa
1498 547 1613 596 quasi
1649 546 1805 597 simpla.

255 610 506 662 Amphitapa
549 622 596 649 ex
640 610 811 659 utraque
854 609 969 659 parte
1013 607 1160 646 uillosa
1203 606 1353 657 tapeta.
1427 606 1605 646 Lucilius
1651 603 1808 656 “siplae

257 673 378 723 atque
418 670 677 722 amphitapae
710 700 718 708 .
747 699 754 707 .
785 700 790 707 .
824 664 1025 708 molles''.'
1096 661 1224 721 (Suet.
1250 681 1288 718 p.
1318 667 1415 706 270.
1444 666 1530 705 454
1545 661 1806 720 Reiffersch.)

256 732 478 783 Postquam
520 731 709 782 togarum
747 730 788 768 et
830 729 1057 768 tunicarum
1101 728 1378 779 sumptuosam
1422 727 1672 778 uituperauit
1712 726 1807 766 deus

256 793 471 841 luxuriem,
519 790 730 842 stragulae*
767 789 891 829 uestis
935 800 1060 828 nouas
1105 789 1235 839 carpit
1278 787 1460 826 delicias:
1511 788 1605 826 conf
1644 787 1807 826 Diodor.

256 851 448 892 XXXVII
475 852 514 901 3,
541 852 566 890 3
600 849 663 891 διὸ
695 847 763 889 καὶ
793 848 967 889 δείπνων
1004 847 1302 889 πολυδαπάνων
1340 845 1580 900 παραθέσεις
1619 845 1809 888 ἐπεπόλα-

259 923 334 953 σαν
365 910 432 952 καὶ
464 911 601 965 μύρων
632 906 951 962 θαυμαζομένων
982 908 1146 949 εὐωδίαι
1182 906 1250 948 καὶ
1288 913 1494 960 στρωμνῆς
1531 905 1708 960 ἀνθινῆς
1744 905 1810 946 καὶ

259 971 576 1027 μεγαλοπλούτου
608 969 859 1024 παρασκευαί
881 969 1104 1023 τρικλίνων,
1136 966 1202 1008 καὶ
1227 966 1441 1019 ἐλέφαντος
1466 966 1534 1007 καὶ
1559 965 1737 1021 ἀργύρου
1751 999 1760 1007 .
1776 999 1784 1007 .
1800 999 1808 1007 .

257 1032 504 1074 κατασκευαί.
575 1032 689 1072 Villis
727 1030 778 1070 ad
807 1031 939 1080 psilas
976 1031 1018 1070 et
1057 1029 1108 1069 ad
1152 1030 1403 1078 amphitapas
1446 1030 1640 1080 pertinet:
1685 1041 1810 1079 quare

257 1094 514 1134 Lachmanno
545 1105 625 1132 non
658 1090 985 1144 distinguendum
1017 1093 1104 1130 erat
1134 1091 1226 1141 post
1256 1089 1402 1140 psilae:
1440 1089 1516 1129 hae
1553 1090 1682 1129 altera
1720 1090 1809 1128 tan-

257 1157 345 1194 tum
381 1155 497 1205 parte
534 1153 703 1192 uillosae
742 1152 857 1191 erant
893 1152 995 1191 teste
1032 1151 1205 1199 Isidoro,
1250 1151 1346 1200 quia
1384 1149 1513 1189 altera
1552 1151 1624 1189 aut
1660 1151 1810 1189 terram

259 1216 330 1254 aut
359 1214 506 1254 lectum
537 1212 791 1265 premebant,
826 1211 921 1251 illae
958 1213 1130 1262 utraque
1161 1212 1294 1261 parte:
1327 1210 1423 1250 conf
1450 1210 1571 1250 schol.
1603 1209 1809 1261 Aristoph.

258 1275 377 1326 Vesp.
406 1275 490 1313 676
524 1271 594 1321 τὰς
624 1271 748 1324 ψιλὰς
778 1270 845 1311 καὶ
878 1270 931 1323 μὴ
965 1270 1166 1324 μαλλωτὰς
1198 1270 1370 1318 δάπιδας
1401 1267 1558 1323 λέγουσι
1584 1270 1683 1309 Poll.
1704 1270 1763 1308 VI
1785 1273 1808 1310 9

258 1333 496 1388 ἀμφίταποι·
534 1331 609 1373 εἰσὶ
641 1330 683 1373 δὲ
715 1332 759 1372 οἱ
785 1331 825 1380 ἐξ
855 1330 1041 1385 ἑκατέρου
1074 1332 1225 1384 δασεῖς,
1264 1329 1318 1379 ὡς
1349 1330 1517 1381 τάπητες
1549 1330 1591 1370 οἵ
1619 1329 1662 1370 ἐκ
1692 1328 1811 1370 θατέ-

259 1410 343 1449 ρου.
405 1395 442 1433 X
468 1395 523 1434 38
557 1391 713 1434 ἑπέσθω
746 1390 789 1433 δὲ
819 1399 867 1448 τῇ
899 1392 1015 1448 κλίνῃ
1047 1395 1193 1443 τυλεῖα,
1225 1389 1440 1443 κνέφαλλα,
1474 1390 1652 1442 δάπιδες,
1684 1390 1810 1442 τάπη-

259 1470 340 1508 τες,
389 1453 679 1507 ἀμφιτάπητες’
731 1453 901 1505 Δίφιλος
944 1458 1045 1506 γοῦν
1091 1463 1217 1504 φησιν
1260 1450 1304 1491 ἕν
1347 1451 1581 1507 Κιθαρῳδῷ
1619 1446 1741 1505 (OAF
1771 1451 1812 1490 II

259 1531 297 1569 p.
326 1516 424 1566 558,
452 1510 590 1569 51K)·
624 1513 877 1565 ἐξανίσταμαι
908 1512 977 1554 τὸν
1009 1511 1268 1565 ἀμφιτάπητα
1299 1509 1547 1565 συστορέσας.
1592 1511 1811 1563 Vtriusque

259 1576 385 1617 uestis
425 1576 555 1627 qualis
592 1576 715 1614 fuerit
759 1586 854 1615 usus
893 1573 1108 1614 Clearchus
1149 1574 1312 1612 enarrat
1347 1572 1494 1612 Athen.
1521 1572 1580 1611 VI
1611 1586 1648 1623 p.
1677 1572 1761 1611 255
1778 1572 1811 1610 E

260 1634 456 1677 κατέκειτο
478 1667 486 1675 .
508 1667 515 1674 .
538 1667 546 1675 .
566 1633 631 1675 ἐπὶ
661 1633 939 1689 ἀργυρόποδος
963 1634 1102 1686 κλίνης
1128 1631 1432 1686 ὑπεστρωμένης
1457 1632 1667 1688 Σαρδιανῇ
1694 1634 1811 1683 ψιλο-

261 1696 396 1737 τάπιδι
416 1729 423 1735 .
447 1727 455 1735 .
478 1726 486 1735 .
506 1693 695 1748 ἕπε’βλητο
723 1690 760 1734 δ’
789 1693 894 1749 αὐτῷ
915 1699 1155 1746 πορφυροῦν
1181 1691 1414 1744 ἀμφίταπον
1439 1690 1642 1749 ἀμοργίνῳ
1662 1692 1812 1744 καλύμ-

264 1772 355 1810 ματι
397 1754 745 1809 περιειλημμένον,
794 1754 893 1794 item
941 1753 1171 1794 Gallixenus
1222 1753 1329 1805 apud
1372 1753 1518 1792 Athen.
1544 1753 1581 1790 V
1613 1767 1650 1804 p.
1681 1753 1813 1792 197A

261 1816 409 1858 ἔκειντο
452 1814 496 1856 δὲ
539 1818 670 1855 κλῖναι
711 1818 860 1869 χρυσαῖ
896 1814 1164 1868 σφιγγόποδες
1191 1846 1199 1853 .
1229 1846 1236 1854 .
1266 1845 1274 1853 .
1300 1813 1461 1861 ταύταις
1505 1807 1542 1852 δ’
1589 1811 1813 1865 ἀμφίταποι

265 1876 471 1931 ἁλουργεῖς
496 1874 745 1929 ὑπέστρωντο
767 1907 775 1915 .
798 1908 804 1915 .
827 1906 835 1914 .
855 1873 923 1914 καὶ
948 1874 1244 1928 περιστρώματα
1269 1874 1429 1913 ποικίλα
1449 1904 1457 1913 .
1479 1905 1486 1912 .
1510 1905 1517 1912 .
1538 1871 1653 1926 ἐπῆν.
1697 1871 1814 1925 ψιλαὶ

264 1936 306 1978 δὲ
340 1935 532 1989 Περσικαὶ
563 1935 636 1988 τὴν
667 1934 746 1976 ἀνὰ
777 1934 897 1988 μέσον
928 1941 1007 1974 τῶν
1037 1935 1175 1975 ποδῶν
1200 1934 1330 1988 χώραν
1356 1932 1576 1974 ἐκάλυπτον
1602 1929 1812 1988 (Septuag.

262 1999 338 2039 Ios.
364 1997 445 2037 VH
471 1992 558 2051 21).
610 1996 785 2036 Isidorus
818 2010 908 2035 cum
939 1996 1141 2036 scriberet
1159 1996 1285 2045 siplae
1313 1995 1513 2034 mendosis
1539 1994 1728 2045 deceptus
1754 1996 1815 2033 est

263 2058 573 2110 exemplaribus:
606 2056 865 2107 amphitapae
897 2057 1026 2095 forma
1054 2056 1202 2095 Latina
1233 2056 1345 2095 extat
1376 2057 1500 2095 etiam
1525 2054 1616 2106 Dig.
1643 2054 1814 2093 XXXIV

267 2121 305 2169 2,
333 2119 402 2169 23,
429 2119 473 2157 2:
506 2130 624 2169 quam
657 2118 731 2156 hoc
762 2117 850 2156 loco
875 2117 1070 2167 praetulit
1094 2118 1260 2167 propter
1277 2116 1410 2165 psilae
1435 2116 1607 2155 similem
1632 2115 1814 2163 formam,

264 2192 353 2219 cum
385 2172 485 2218 alias
518 2177 708 2217 scriberet
739 2178 995 2227 amphitapoe.

388 2233 464 2279 14.
490 2238 646 2278 Nonius
668 2252 706 2289 p.
729 2238 828 2287 521,
850 2239 903 2276 29
934 2234 1053 2276 ‘Mira
1072 2238 1112 2277 et
1131 2237 1336 2286 miracula,
1356 2237 1511 2275 ueteres
1531 2249 1604 2286 pro
1625 2236 1815 2275 monstris

265 2301 330 2339 uel
360 2298 567 2339 horrendis
599 2298 811 2349 ponebant.
864 2297 1044 2337 Lucilius
1077 2299 1306 2349 satyrarum
1337 2297 1406 2336 lib.
1432 2296 1452 2334 I
1485 2293 1714 2335 “miracula
1739 2297 1817 2334 ciet

266 2355 533 2409 telesamtas’'.'
582 2359 746 2398 Rectius
777 2358 977 2409 prioribus
1010 2358 1160 2398 criticis
1193 2357 1462 2397 Stowasserus
1495 2357 1599 2395 arch.
1628 2357 1813 2407 lexicogr.

266 2419 355 2459 Lat.
381 2420 402 2458 I
430 2420 544 2458 1884
576 2433 614 2470 p.
645 2420 730 2458 120
762 2419 952 2468 elefwntas
985 2431 1083 2469 quos
1115 2418 1373 2467 librariorum
1402 2418 1551 2456 inertia
1585 2417 1816 2467 procrearit,

268 2480 431 2530 deleuit,
463 2480 504 2519 et
534 2478 758 2519 subiectum
789 2478 952 2519 latitare
985 2480 1028 2517 111
1053 2478 1251 2518 uocabulo
1277 2478 1466 2528 corrupto
1492 2477 1712 2516 arbitratus
1738 2477 1815 2515 est:

268 2540 375 2591 quod
410 2539 590 2579 restituit
625 2538 865 2591 τελεφάντης
901 2539 1089 2578 uocabuli
1125 2537 1364 2591 ἱεροφάντης
1401 2537 1530 2576 simile
1575 2536 1817 2576 uocabulum

269 2601 379 2640 caret
415 2601 667 2640 auctoritate.
730 2599 878 2651 Agitur
915 2600 950 2639 si
986 2600 1092 2638 recte
1132 2599 1361 2649 scripsimus
1400 2597 1448 2636 de
1483 2596 1682 2636 culcitarii
1719 2597 1815 2635 arti-

268 2661 359 2701 bus:
390 2661 510 2711 poeta
541 2660 659 2699 deum
690 2659 901 2699 induxerat
930 2660 1162 2710 loquentem
1194 2658 1241 2698 de
1269 2658 1439 2698 triclinii
1471 2656 1817 2708 sumptuosissimo

269 2722 468 2772 apparatu
498 2721 542 2760 in
579 2733 658 2771 quo
697 2721 812 2760 erant
849 2720 1018 2759 culcitas
1057 2718 1171 2759 τύλαι
1206 2719 1539 2770 pretiosissimae:
1578 2717 1672 2756 conf
1698 2716 1816 2755 Blue-

269 2793 430 2820 mnerus
456 2781 508 2820 ad
539 2779 654 2819 edict.
681 2780 850 2819 Dioclet.
877 2779 1052 2818 XXVIII
1072 2780 1139 2818 46.
1190 2779 1484 2830 Imperatorum
1517 2778 1649 2817 aetate
1681 2789 1771 2815 cum
1797 2790 1817 2815 e

270 2842 452 2880 ueterum
488 2840 602 2879 libris
639 2852 716 2879 11011
757 2852 803 2878 ex
844 2851 1023 2879 sermone
1068 2839 1287 2879 cottidiano
1332 2839 1536 2888 sumptum
1578 2836 1818 2876 uocabulum

271 2900 368 2952 τύλη
382 2900 571 2939 vhabcat
588 2899 824 2950 productam
846 2894 912 2954 (A.
927 2899 970 2938 P.
991 2899 1048 2938 XI
1071 2900 1138 2948 14,
1160 2901 1196 2937 2.
1232 2899 1330 2948 315,
1352 2893 1409 2952 1),
1440 2911 1541 2948 quae
1567 2898 1689 2936 fuerit
1715 2898 1818 2935 anti-

274 2959 409 3011 quitus
446 2960 567 2999 huius
603 2960 792 2999 uocabuli
833 2959 1038 3009 quantitas
1082 2971 1162 2998 non
1206 2959 1388 2998 constare
1432 2957 1602 2997 uidetur.
1671 2956 1819 2996 Lucilii

272 3022 451 3072 tempore
482 3019 684 3059 Nicander
712 3020 873 3071 scripsit
896 3020 996 3060 ther.
1027 3020 1110 3060 178
1139 3013 1203 3059 οἷα
1227 3017 1351 3072 τύλοι,
1382 3017 1424 3058 τὸ
1451 3012 1490 3058 δ’
1525 3017 1706 3071 ἕνερθενε
1740 3029 1819 3071 quo
