2060 3444
308 252 366 299 34
938 250 972 292 ῘῙ
996 268 1031 293 u.
1060 256 1209 295 'll—¹22.

309 369 444 409 dotam
482 369 583 408 dixit
623 366 846 424 χειριδωτὸν
890 375 1032 423 χιτῶνα
1071 370 1207 410 littera
1250 383 1271 410 o
1314 370 1508 423 producta
1550 370 1727 425 legitime
1772 369 1838 413 ad-

307 429 516 479 hibuitque
547 430 716 469 formam
749 428 922 468 Graecae
955 430 1216 482 simillimam,
1254 433 1322 482 qui
1357 434 1502 472 uixerit
1537 434 1628 483 post
1661 432 1839 472 Caesaris

310 488 516 528 Strabonis
560 491 599 528 et
636 489 748 529 Accii
791 491 980 540 tempora.
1048 490 1105 528 At
1141 490 1316 531 Lucilius
1358 493 1453 542 quid
1496 493 1697 543 scripserit
1740 492 1840 532 codd

308 549 429 587 Nonii
459 549 533 587 hoc
564 549 650 588 loco
682 549 972 588 demonstrant:
1003 563 1096 589 nam
1127 551 1170 588 in
1200 551 1346 591 litteris
1385 553 1547 602 hrodyty
1583 564 1839 604 agnoscemus
1888 588 1890 590 .

308 609 522 657 chirodytoe
553 609 673 648 sicuti
703 609 809 659 apud
842 608 1014 648 Gellium
1038 610 1096 647 VI
1124 612 1191 659 12,
1212 611 1257 661 5,
1295 611 1363 661 qui
1395 610 1589 662 Scipionis
1623 612 1839 651 Aemiliani

307 667 429 706 uerba
460 668 680 707 seruauerit
712 665 816 707 ‘cum
848 669 1056 720 chirodyta
1086 667 1249 720 tunica',
1281 672 1367 710 toto
1400 672 1529 721 capite
1557 672 1627 710 illo
1653 673 1715 710 ter
1739 670 1840 710 codd

306 727 471 766 tradunt
502 729 709 778 chirodytis
739 729 957 777 chirodytas
988 730 1195 779 chirodyta.
1253 729 1338 775 Quo
1370 730 1455 769 loco
1488 743 1572 769 eam
1607 743 1727 781 quam
1757 732 1839 770 tra-

306 787 406 826 dunt
449 787 548 826 codd
592 787 829 838 scripturam
871 788 912 826 id
955 789 1206 839 potissimum
1250 790 1517 839 commendat,
1560 790 1666 841 quod
1708 791 1839 841 ipsum

306 846 527 899 χειριδωτός
552 847 791 886 uocabulum
818 847 1024 898 Graecum,
1050 850 1083 887 si
1109 848 1213 887 idem
1241 861 1322 888 esse
1344 850 1526 899 putasset
1545 851 1839 900 grammaticus,

306 906 403 956 quin
435 907 654 956 attulisset,
691 908 823 946 nullus
857 907 1038 958 equidem
1073 908 1221 947 dubito.
1284 908 1450 947 Accedit
1486 909 1592 959 quod
1629 909 1734 960 apud
1764 909 1837 948 Iul.

308 965 476 1016 Capitol.
502 966 650 1006 Pertin.
679 967 703 1005 8
742 967 783 1004 in
819 966 918 1005 codd
954 967 1104 1018 legitur
1143 965 1373 1007 ‘chiroditas
1411 966 1723 1008 Dalmatarum':
1767 969 1839 1008 im-

305 1025 509 1076 probabile
540 1039 634 1065 uero
662 1029 721 1065 est
745 1026 929 1065 librarios
955 1028 1017 1066 tot
1042 1027 1139 1066 locis
1164 1027 1332 1067 diuersis
1358 1028 1477 1067 simili
1505 1028 1621 1067 modo
1646 1040 1840 1079 peccasse,

282 1086 427 1124 'immo
459 1086 672 1137 genuinam
704 1086 805 1125 hanc
838 1098 920 1125 esse
952 1087 1121 1125 formam
1147 1088 1295 1126 euincit
1320 1087 1499 1126 codicum
1525 1099 1748 1127 consensus.
1791 1087 1840 1126 In

305 1144 451 1184 Lucilii
491 1157 608 1184 uersu
639 1145 745 1184 idem
788 1146 1026 1185 uocabulum
1070 1147 1247 1186 extitisse
1290 1147 1434 1197 probat
1476 1149 1699 1197 proximum
1738 1146 1839 1186 illud

304 1207 409 1244 ricae
441 1205 547 1255 quod
576 1205 619 1243 in
650 1206 727 1245 cicc
757 1206 883 1244 latere
914 1206 1100 1245 lemmate
1131 1218 1266 1246 rursus
1296 1206 1487 1257 probatur
1511 1206 1649 1246 Nonii:
1679 1220 1772 1246 nam
1797 1207 1839 1246 in

305 1264 427 1303 Nouii
459 1277 576 1304 uersu
613 1264 718 1304 idem
755 1265 992 1304 uocabulum
1033 1267 1215 1315 sequitur
1251 1266 1478 1305 chiridotam
1516 1279 1635 1316 quam
1670 1267 1839 1306 formam
1885 1296 1893 1302 -

305 1324 388 1363 illic
435 1323 716 1363 Graecanicam
763 1325 886 1364 Nonii
930 1325 1029 1364 codd
1071 1325 1200 1364 tribus
1243 1325 1340 1366 locis
1389 1327 1589 1366 testantur
1631 1327 1840 1366 ceridotam

306 1385 374 1434 qui
400 1384 610 1423 exhibeant
634 1398 700 1435 pp.
729 1385 826 1434 539,
854 1386 921 1424 22.
956 1386 1054 1435 540,
1081 1386 1135 1424 24
1163 1387 1203 1424 et
1229 1386 1328 1436 548,
1354 1387 1410 1425 30
1435 1387 1642 1425 uridotam.
1683 1385 1837 1437 Ioseph.

306 1445 428 1493 antiq.
454 1443 541 1482 Iud.
567 1444 646 1482 VH
673 1444 711 1494 8,
741 1447 761 1482 1
797 1443 823 1494 ξ
852 1446 933 1483 171
981 1443 1111 1483 editur
1153 1444 1421 1498 χειριδωτούς,
1465 1445 1565 1484 codd
1601 1443 1839 1498 χειριὸότους

305 1503 369 1542 uel
406 1501 658 1556 χειροδέτονς.
724 1503 950 1554 Chirodytos
987 1506 1119 1543 tamen
1158 1517 1296 1544 reuera
1332 1503 1525 1544 Graecum
1562 1505 1683 1544 fuerit
1721 1517 1837 1544 uoca-

304 1563 442 1601 bulum
473 1565 518 1601 ut
548 1561 710 1610 ἐνδυτός
735 1575 787 1602 an
813 1575 837 1602 a
861 1563 1043 1603 barbaris
1069 1564 1268 1603 detortum
1294 1577 1340 1603 ex
1364 1562 1585 1617 χειριδωτός
1609 1577 1689 1604 non
1712 1565 1836 1615 patet.

303 1622 445 1673 Itaque
482 1621 658 1663 Lucilius
699 1623 859 1674 scripsit
901 1624 1117 1673 chirodytoe
1154 1622 1300 1663 Graece
1343 1625 1477 1675 potius
1522 1636 1641 1674 quam
1677 1622 1836 1663 Latine:

304 1694 397 1721 nam
438 1682 702 1733 supplendum
733 1685 793 1722 est
823 1688 1001 1736 χιτῶνες,
1033 1682 1165 1733 Scipio
1198 1682 1348 1723 Gellius
1381 1685 1551 1734 scriptor
1581 1683 1617 1722 h.
1643 1683 1690 1722 A.
1716 1683 1837 1724 chiro-

304 1742 437 1792 dytam
466 1742 645 1781 tunicam
677 1742 917 1793 appellauit,
954 1742 1107 1782 Nouius
1139 1743 1189 1782 ad
1220 1742 1442 1797 χειριδωτός
1473 1741 1668 1782 Graecum
1704 1743 1838 1794 posuit

302 1802 481 1840 tunicam
530 1802 772 1842 cheridbtam.
817 1824 875 1829 —
919 1799 1068 1855 aurati]
1110 1803 1135 1841 i.
1175 1815 1205 1841 e.
1249 1801 1529 1857 χρυσόπαστοιε
1579 1802 1691 1842 Treb.
1735 1802 1835 1842 Poll.

305 1860 470 1900 Gallien.
501 1863 573 1901 16:
612 1858 873 1912 ‘Purpuream
903 1863 1081 1901 tunicam
1113 1865 1371 1914 auratamque
1402 1862 1560 1901 uirilem
1592 1862 1837 1913 eandemque

303 1921 544 1961 manicatam
563 1918 732 1972 habuit'3
752 1919 867 1961 Ouid.
887 1922 978 1962 fast.
998 1921 1039 1960 H
1066 1922 1151 1961 310
1178 1918 1370 1963 ‘Maeonis
1396 1924 1536 1962 aurato
1562 1920 1838 1973 conspicienda

304 1978 421 2029 sinu’;
453 1980 539 2019 Tib.
565 1981 607 2020 Π
634 1982 672 2031 3,
700 1982 754 2020 53
789 1978 875 2020 ‘illa
906 1983 1020 2033 gerat
1060 1984 1189 2021 uestes
1231 1983 1387 2032 tenues,
1429 1994 1527 2032 quas
1570 1978 1719 2020 femina
1756 1979 1837 2021 Coa

302 2041 444 2090 texuit,
469 2043 630 2079 auratas
655 2041 930 2091 disposuitque
954 2038 1070 2091 uias’3
1095 2040 1210 2091 Ptop.
1230 2041 1289 2080 IV
1310 2043 1348 2091 7,
1361 2042 1418 2081 40
1440 2038 1551 2081 ‘haec
1569 2053 1672 2079 nunc
1695 2042 1837 2080 aurata

304 2099 464 2151 cyclade
509 2101 643 2152 signat
685 2098 877 2139 humum’.
910 2123 967 2127 —
993 2099 1116 2151 ricae]
1161 2113 1250 2140 cum
1292 2101 1422 2139 mitris
1464 2114 1543 2140 una
1580 2101 1836 2139 nominantur

303 2159 431 2199 Varro
463 2159 511 2198 de
543 2160 568 2198 l.
594 2159 637 2198 L.
664 2160 701 2198 V
730 2161 830 2200 130:
863 2162 956 2199 sunt
987 2173 1080 2200 uero
1114 2157 1295 2211 ‘palliola
1324 2160 1375 2199 ad
1403 2173 1517 2200 usum
1542 2160 1686 2211 capitis
1711 2156 1834 2199 facta'

304 2219 408 2259 Fest.
422 2233 460 2270 p.
477 2221 573 2258 277.
582 2218 816 2270 —toracia]
832 2233 958 2271 neque
971 2220 1091 2260 schol.
1105 2220 1191 2259 qu.
1205 2220 1243 2258 V
1260 2220 1341 2259 143
1353 2218 1533 2270 thoraca]
1549 2216 1836 2260 ‘armilausiam

303 2280 507 2330 prasinam
536 2281 585 2318 ut
616 2277 769 2319 simiae’
810 2292 936 2330 neque
968 2279 1169 2319 quenalis
1200 2280 1310 2319 locus
1346 2281 1472 2331 ipsius
1510 2279 1723 2330 quicquam
1759 2278 1835 2318 huc

302 2340 487 2390 pertinet.
561 2338 810 2378 Vocabulum
854 2341 1002 2379 toracia
1045 2340 1130 2378 iure
1174 2351 1332 2378 seruare
1380 2351 1498 2379 ausus
1524 2340 1608 2379 'est
1650 2338 1835 2378 Rotbius:

304 2399 411 2448 quod
441 2399 615 2449 pertinet
646 2399 697 2437 ad
728 2399 919 2438 mundum
950 2398 1184 2438 muliebrem
1215 2411 1343 2449 neque
1373 2401 1508 2438 tamen
1542 2398 1639 2438 alibi
1677 2398 1836 2437 uidetur

304 2460 447 2497 extare.
510 2457 613 2504 Quid
645 2459 699 2497 sit
730 2460 877 2498 toracia
909 2459 1089 2510 aperitur
1114 2458 1220 2497 Suet.
1246 2458 1348 2510 Aug.
1377 2459 1444 2497 82.
1497 2455 1652 2497 ‘Hieme
1677 2458 1835 2508 quater-

303 2519 364 2557 nis
396 2530 485 2556 cum
515 2518 656 2569 pingui
686 2520 782 2570 toga
812 2519 958 2558 tunicis
990 2520 1030 2557 et
1060 2518 1274 2557 Subuculae
1305 2518 1465 2557 thorace
1496 2518 1611 2556 laneo
1646 2518 1686 2556 et
1722 2517 1833 2556 femi-

303 2577 460 2617 nalibus
499 2580 539 2616 et
574 2576 782 2616 tibialibus
825 2575 1106 2617 muniebatur'.
1173 2577 1468 2616 Enumerantur
1509 2578 1634 2628 igitur
1675 2577 1834 2616 tunicae

293 2637 525 2676 manicatae
557 2638 734 2686 auratae,
766 2638 996 2688 calauticae,
1027 2637 1254 2687 subuculae,
1284 2638 1439 2687 mitrae,
1471 2649 1572 2687 quae
1603 2648 1834 2687 comparan-

302 2699 370 2735 tur
406 2697 540 2736 omnia
576 2698 619 2735 in
655 2709 773 2748 usum
813 2697 1049 2737 meretricis:
1087 2697 1224 2735 quen.
1250 2696 1312 2735 H]
1339 2697 1392 2736 66
1434 2694 1503 2735 ‘ite
1541 2695 1682 2746 quibus
1720 2697 1835 2748 grata

303 2758 364 2796 est
399 2756 509 2806 picta
544 2756 642 2808 lupa
676 2756 848 2795 barbara
884 2754 1019 2795 mitra’
1057 2756 1126 2795 ubi
1162 2756 1254 2795 uide
1291 2755 1586 2795 Friedlaenderi
1624 2755 1755 2794 adnot.
1794 2758 1835 2794 et

304 2815 374 2855 ΑΡ
400 2816 437 2854 V
465 2816 549 2856 198
582 2815 758 2855 σάνδαλα
787 2813 854 2855 καὶ
885 2813 1055 2868 μαλακαὶ
1086 2821 1243 2867 μαστῶν
1273 2813 1471 2867 ἐνδύματα
1492 2815 1642 2868 μίτραι.

425 2870 502 2916 72.
532 2875 686 2914 Nonius
716 2889 753 2926 p.
775 2876 844 2925 65,
872 2876 925 2914 29
960 2872 1157 2914 ‘Natrices
1184 2875 1370 2914 dicuntur
1394 2887 1541 2926 angues
1566 2875 1760 2914 natantes.
1777 2905 1784 2912 .
1801 2905 1831 2912 ..

239 2948 245 2952 ·
304 2934 479 2974 Lucilius
517 2936 745 2986 satyrarum
781 2934 850 2974 lib.
875 2934 918 2973 H
950 2931 1017 2975 “si
1148 2931 1426 2985 capitatam''.'
1489 2933 1549 2973 De
1592 2933 1834 2973 obscenitate

304 3006 439 3033 uersus
465 2994 642 3033 dubitari
666 3007 743 3033 non
771 2995 919 3045 potest:
943 2995 1130 3033 natricem
1154 2995 1179 3032 i.
1206 3007 1238 3033 e.
1264 2991 1360 3045 ὄφιν
1384 2993 1455 3032 ΑΡ
1478 2993 1535 3031 XI
1562 2995 1615 3032 22
1637 2995 1682 3032 ut
1706 2991 1832 3046 σαύρα
