2060 3444
856 260 909 334 ‚IX
935 301 970 325 u.
998 292 1199 325 364—371.
1720 288 1804 333 137

255 405 299 444 61
329 404 537 456 genetiuos
567 404 752 444 nominas
776 403 930 451 Latini,
955 404 1153 454 praetoris
1183 404 1341 451 urbani,
1372 405 1428 444 sei
1459 404 1555 454 quid
1583 404 1660 444 ibet:
1689 405 1805 445 sacri.

254 465 384 505 Rarus
415 466 477 504 est
508 465 631 504 etiam
661 465 883 515 posteriore
922 466 1054 504 aetate
1094 466 1369 505 nominatiuus
1401 464 1530 505 ueluti
1559 466 1657 514 floui
1688 464 1807 505 sicuti

257 526 426 577 apparet
457 538 505 565 ex
535 525 581 565 Ε.
604 524 832 565 Schneideri
867 525 1006 565 tabula
1038 525 1132 565 dial.
1158 525 1290 564 Latin.
1317 526 1433 576 prisc.
1461 526 1627 576 exempl.
1647 540 1685 576 p.
1709 526 1805 576 152,

255 586 414 637 saepius
446 586 586 626 extant
617 586 797 637 genetiui
838 585 968 636 qualis
1001 587 1062 625 est
1085 586 1250 636 populei
1281 587 1492 631 Romanoa,
1525 586 1621 625 conf
1647 600 1684 637 p.
1709 587 1805 626 154.

378 640 489 687 367.
517 645 789 692 Quintilianus
815 647 942 686 instit.
968 646 990 686 I
1017 647 1054 696 7,
1084 646 1136 685 15
1166 643 1228 686 ‘ac
1253 646 1438 697 deinceps
1464 646 1570 686 idem
1592 643 1807 687 “mendaci

256 703 554 747 ...iusseris’'.’
607 705 753 746 Casum
777 706 900 746 dandi
925 706 1126 760 significat
1149 706 1346 747 Lucilius:
1374 719 1452 758 quo
1478 719 1573 747 casu
1598 720 1678 746 non
1703 707 1806 748 ised

256 768 291 808 ei
327 769 503 807 extremo
540 767 628 807 1666
668 767 898 818 ponendum
935 780 1019 808 esse
1057 767 1211 807 censuit
1246 768 1367 818 poeta
1408 767 1735 807 consuetudinem
1767 769 1808 807 et

255 840 372 868 usum
415 827 683 868 cottidianum
722 829 902 868 secutus:
941 827 1034 868 uide
1075 841 1196 878 quam
1236 841 1350 868 rarus
1388 829 1443 868 sit
1479 827 1641 867 datiuus
1675 828 1806 879 qualis

256 889 318 928 est
347 889 481 928 heredi
511 902 630 939 quem
662 889 784 928 semel
815 889 973 928 tantum
1006 902 1053 927 ex
1084 888 1413 940 inscriptionibus
1438 889 1575 939 posuit
1599 889 1641 927 in
1666 888 1807 928 tabula

255 949 300 988 E.
322 948 539 989 Schneider
564 949 657 988 dial.
682 948 816 989 Latin.
841 950 959 1000 prisc.
987 949 1152 999 exempl.
1178 963 1216 1000 p.
1240 949 1336 989 155.
1392 949 1535 1000 Itaque
1560 948 1739 989 Lucilius
1765 949 1806 988 in

255 1010 345 1050 istis
377 1009 425 1049 de
458 1010 495 1048 ei
526 1010 566 1049 et
596 1010 611 1048 i
643 1010 781 1049 littera
811 1009 968 1061 legibus
1000 1011 1158 1049 secutus
1199 1011 1259 1050 est
1289 1011 1475 1049 ueterum
1506 1010 1577 1060 qui
1608 1010 1805 1061 principio

258 1070 410 1110 saeculi
440 1082 474 1109 a.
497 1069 586 1109 Chr.
613 1069 779 1110 alterius
810 1069 998 1110 uixerunt
1028 1069 1117 1109 ludi
1147 1071 1434 1123 magistrorum
1461 1070 1697 1110 doctrinam.

379 1125 488 1170 369.
521 1129 661 1170 Velius
685 1129 847 1182 Longus
874 1129 948 1170 GL
974 1131 1055 1170 VII
1079 1145 1116 1181 p.
1140 1131 1208 1181 56,
1237 1131 1344 1171 10K
1376 1128 1489 1170 ‘item
1517 1127 1622 1170 “hoc
1648 1131 1710 1170 illi
1737 1162 1744 1169 .
1767 1163 1775 1172 .
1797 1162 1805 1171 .

255 1187 371 1230 fiat”.
421 1190 606 1241 idemque
637 1190 743 1242 peila
777 1185 888 1245 (uide
919 1191 973 1231 ad
1003 1204 1040 1230 u.
1063 1185 1169 1246 358)
1197 1205 1229 1231 6.
1250 1205 1287 1242 q.
1308 1188 1366 1232 s.'.
1420 1191 1508 1231 Iam
1541 1191 1593 1231 ad
1624 1191 1806 1231 datiuum

255 1251 472 1304 singularis
510 1252 551 1290 et
586 1251 882 1291 nominatiuum
918 1252 1090 1303 pluralis
1128 1253 1285 1292 numeri
1317 1253 1567 1303 pronominis
1604 1253 1670 1292 ille
1700 1252 1806 1291 inter

255 1324 297 1352 se
343 1311 630 1364 dignoscendos
682 1311 820 1352 eadem
864 1313 996 1352 utitur
1037 1312 1194 1353 ratione
1239 1326 1318 1363 qua
1362 1325 1485 1364 supra
1527 1327 1593 1352 uu.
1633 1313 1718 1352 365
1763 1313 1806 1351 111

254 1371 387 1412 uerbis
431 1371 647 1412 similibus:
691 1373 889 1424 pluralem
932 1373 1046 1412 iubet
1087 1373 1169 1413 illei
1213 1367 1278 1427 (ut
1323 1372 1418 1413 OIL
1445 1373 1466 1412 I
1500 1367 1636 1426 1194)
1674 1373 1806 1423 scribi,

255 1431 499 1485 singularem
536 1433 607 1472 illi.
668 1433 732 1472 illi
768 1434 921 1473 factum
958 1436 1037 1484 est,
1074 1433 1167 1473 uide
1206 1434 1256 1473 ad
1293 1433 1361 1473 lib.
1380 1434 1515 1473 XXVI
1544 1448 1582 1474 u.
1612 1435 1708 1473 679.
1749 1456 1805 1461 -

257 1494 355 1533 370.
388 1493 510 1533 6111166
542 1506 563 1533 6
595 1491 658 1544 111]
690 1494 750 1533 116
776 1494 909 1544 codex,
939 1495 1046 1534 recte
1073 1495 1225 1545 opinor.
1281 1494 1388 1533 Nam
1413 1495 1455 1533 et
1479 1508 1516 1533 u.
1545 1495 1628 1534 361
1656 1494 1807 1546 legitur

255 1549 394 1593 ‘addes
426 1566 447 1593 6
477 1553 587 1604 peila
616 1555 664 1593 ut
692 1554 850 1605 plenius
881 1550 969 1594 fiat’
1002 1556 1042 1594 et
1072 1569 1110 1594 u.
1133 1555 1217 1594 367
1247 1551 1383 1595 ‘addes
1417 1568 1437 1594 e
1467 1567 1556 1594 611111
1582 1554 1677 1594 dare
1702 1555 1806 1594 furei

254 1611 448 1654 iusseris’:
460 1614 667 1654 elisionem
675 1615 832 1666 patitur
842 1628 986 1655 nomen
996 1615 1157 1655 litterae
1172 1629 1192 1654 6
1206 1629 1244 1654 11.
1257 1615 1341 1654 358
1356 1612 1448 1654 ‘huc
1462 1628 1482 1654 6
1495 1616 1666 1665 1111611116
1678 1612 1805 1666 opus’.

377 1669 488 1714 371.
521 1673 688 1720 Quintil.
701 1676 829 1715 instit.
843 1675 864 1714 Ι
883 1677 920 1725 7,
937 1676 990 1714 18
1008 1672 1082 1715 ‘Ae
1103 1675 1313 1726 syllabam,
1332 1677 1446 1715 cuius
1467 1675 1682 1715 secundam
1701 1688 1806 1715 nunc

257 1747 277 1773 e
301 1733 481 1774 litteram
505 1736 703 1786 ponimus,
733 1736 845 1775 uarie
875 1748 947 1787 per
978 1748 1002 1774 a
1029 1738 1070 1775 et
1093 1735 1109 1774 i
1135 1736 1362 1786 efferebant,
1389 1736 1554 1787 quidam
1579 1748 1735 1787 semper
1759 1737 1806 1775 ut

256 1793 409 1845 Graeci,
436 1795 599 1845 quidam
625 1795 884 1848 singulariter
908 1796 1080 1847 tantum,
1106 1809 1195 1836 cum
1214 1796 1257 1836 in
1277 1796 1460 1837 datiuum
1482 1796 1548 1835 uel
1574 1798 1806 1849 genetiuum

256 1867 391 1895 casum
433 1855 684 1906 incidissent,
726 1855 831 1896 unde
877 1853 1035 1908 “pictai
1073 1854 1230 1897 uestis''
1276 1858 1316 1896 61
1366 1853 1554 1908 “6(11161”
1598 1856 1805 1909 Vergilius

257 1914 556 1956 amantissimus
595 1917 812 1956 uetustatis
853 1917 1095 1957 carminibus
1138 1918 1318 1957 inseruit.
1380 1918 1422 1956 in
1467 1917 1614 1957 eisdem
1655 1918 1805 1968 plurali

256 1987 422 2031 numero
446 1988 467 2014 e
491 1975 722 2027 utebantur,
750 1974 825 2015 “hi
844 1977 991 2028 Syllae,
1013 1974 1207 2017 Galbae'’.
1260 1979 1320 2018 est
1344 1979 1388 2017 in
1412 1978 1487 2017 hac
1514 1991 1671 2029 quoque
1689 1980 1805 2029 parte

255 2035 387 2075 Lucili
416 2038 686 2088 praeceptum,
719 2038 826 2087 quod
857 2038 953 2089 quia
978 2038 1163 2089 pluribus
1189 2038 1412 2089 explicatur
1436 2039 1630 2089 uersibus,
1662 2039 1696 2078 si
1716 2040 1804 2090 quis

255 2109 398 2147 parum
429 2096 574 2147 credet,
606 2097 714 2148 apud
745 2097 877 2148 ipsum
908 2099 951 2137 in
982 2111 1087 2138 nono
1116 2095 1325 2150 requirat’.
1381 2099 1606 2139 Martianus
1640 2098 1805 2150 Capella

254 2156 318 2196 ΠΙ
344 2157 429 2196 266
464 2153 697 2197 ‘Scribimus
730 2171 801 2199 nos
833 2158 939 2197 enim
970 2159 1177 2199 Musarum
1207 2159 1380 2210 primam
1411 2159 1610 2210 syllabam
1648 2159 1803 2200 duabus

256 2217 415 2267 litteris,
447 2216 590 2257 Graeci
619 2217 759 2258 tribus.
821 2218 999 2259 Lucilius
1037 2219 1078 2258 in
1117 2219 1257 2259 datiuo
1290 2232 1384 2260 casu
1415 2232 1439 2258 a
1471 2221 1512 2260 61
1543 2233 1564 2259 6
1595 2220 1805 2271 coniungit

257 2277 390 2317 dicens
415 2278 506 2316 huic
534 2278 734 2318 Twenbiae
765 2278 938 2319 Orbiliae
963 2275 993 2331 †
1018 2279 1201 2320 Licinius
1227 2291 1249 2317 *
1271 2292 1291 2316 *
1314 2292 1334 2317 *
1361 2293 1385 2319 a
1417 2282 1458 2320 et
1487 2281 1504 2319 i
1529 2282 1569 2320 et
1592 2280 1804 2320 Lucretius

257 2336 393 2377 crebro
431 2339 472 2377 et
501 2339 636 2378 noster
665 2338 779 2378 Maro
818 2341 948 2390 aurai,
985 2337 1137 2391 pictai’.
1199 2340 1311 2380 Haec
1347 2342 1562 2391 praecepta
1600 2340 1648 2380 de
1686 2353 1733 2380 ae
1764 2342 1804 2380 et

257 2398 299 2436 ai
336 2397 534 2448 scriptura
572 2399 658 2438 arte
695 2400 831 2438 secuta
868 2412 953 2439 esse
989 2400 1063 2440 illa
1101 2400 1148 2439 de
1179 2402 1194 2439 i
1226 2402 1267 2440 61
1298 2402 1332 2440 εἰ
1362 2401 1510 2440 11116116
1549 2400 1804 2453 cognoscitur

258 2458 489 2508 comparato
535 2457 622 2498 Vel.
658 2458 783 2512 Long.
817 2459 892 2500 GL
924 2460 1004 2500 VII
1039 2473 1078 2511 p.
1106 2461 1181 2511 57,
1215 2462 1271 2501 20
1296 2460 1333 2499 Κ
1382 2458 1504 2500 ‘Illud
1557 2462 1681 2500 etiam
1734 2460 1803 2500 ad-

257 2517 478 2557 notandum
508 2519 615 2558 circa
650 2519 667 2558 i
697 2519 877 2559 litteram
917 2521 978 2560 est
1010 2521 1117 2572 quod
1149 2534 1196 2561 ea
1227 2534 1331 2572 quae
1362 2533 1434 2561 nos
1465 2535 1537 2573 per
1567 2533 1614 2561 ae
1645 2520 1804 2572 antiqui

257 2590 329 2628 per
365 2579 407 2616 az·
443 2578 775 2629 scriptitauerunt
813 2576 1000 2619 “Iuliani’'
1039 2578 1302 2621 “Claudiai”.
1367 2580 1445 2621 Sed
1483 2583 1523 2621 et
1563 2581 1730 2632 quidam
1759 2581 1803 2621 in

256 2637 333 2677 hac
375 2650 534 2690 quoque
577 2639 793 2690 scriptione
833 2641 1049 2681 uoluerunt
1091 2654 1175 2681 esse
1219 2641 1503 2692 differentiam,
1546 2643 1592 2681 ut
1631 2642 1802 2692 pluralis

259 2697 420 2748 quidem
455 2699 611 2738 numeri
647 2700 919 2741 nominatiuus
958 2714 1072 2741 casus
1109 2715 1182 2753 per
1218 2714 1244 2741 a
1276 2703 1316 2742 et
1346 2715 1366 2742 e
1396 2702 1653 2752 scriberetur,
1685 2714 1803 2753 gene-

258 2757 367 2797 tiuus
399 2770 494 2798 uero
526 2759 742 2811 singularis
773 2774 846 2811 per
877 2773 902 2800 a
934 2763 974 2801 et
1003 2763 1019 2801 i
1045 2792 1053 2800 .
1075 2792 1112 2800 ..
1170 2761 1247 2802 Sed
1285 2761 1387 2801 nihil
1425 2762 1560 2802 obstat
1590 2761 1801 2812 quominus

257 2817 333 2857 hoc
364 2819 436 2857 aut
464 2818 536 2858 1116
560 2819 679 2859 1116116
704 2819 746 2858 111
777 2822 946 2871 1111611116
977 2834 1143 2862 1111111616
1174 2822 1405 2872 scribamus,
1441 2835 1531 2861 cum
1561 2822 1690 2861 multa
1721 2821 1803 2862 6116

260 2890 416 2928 1111611116
446 2878 561 2918 nobis
599 2879 862 2931 excogitanda
898 2881 996 2931 sint,
1038 2883 1073 2921 si
1103 2882 1275 2930 uelimus
1307 2881 1541 2922 diuersitate
1573 2881 1801 2932 scriptionis

260 2936 564 2989 ambiguitatem
608 2951 772 2979 casuum
809 2953 1142 2992 numerorumque
1180 2938 1429 2981 discernere'.
1498 2940 1646 2981 Lucilii
1684 2941 1801 2991 quale

258 2996 382 3036 fuerit
423 3000 700 3049 praeceptum,
748 3013 839 3040 cum
880 3002 1016 3041 taceat
1059 2997 1342 3047 Quintilianus
1374 3002 1647 3053 Martianique
1690 3002 1801 3042 locus

259 3057 378 3108 plane
409 3060 620 3110 corruptus
651 3059 717 3111 sit,
751 3073 831 3100 non
861 3062 943 3100 iam
974 3063 1124 3112 poterit
1155 3062 1350 3114 cognosci.
1411 3055 1599 3118 Nigidius
1631 3061 1800 3115 Figulus
