2060 3444
280 286 365 330 154
878 285 929 321 XI
952 297 988 322 u.
1015 289 1216 324 ,ιιι-412.

276 400 544 440 rusticitatem
564 400 709 440 Tincae
729 399 965 439 Hortensius
986 412 1142 450 quoque
1162 400 1296 439 orator
1315 399 1459 439 riserat
1476 401 1522 439 ut
1542 399 1812 446 Quintilianus

277 464 417 499 auctor
448 461 508 499 est
538 459 558 497 I
585 460 629 510 5,
658 462 723 499 12.
786 458 871 505 Quo
914 459 1016 499 libro
1059 459 1237 499 Lucilius
1282 458 1415 499 Crassi
1458 461 1498 499 et
1541 459 1682 500 Granii
1721 473 1813 500 con·

277 521 431 559 uiuium
463 521 671 569 enarrarit,
703 533 782 559 non
814 521 987 559 constat:
1025 521 1160 559 tamen
1197 519 1299 559 libro
1331 519 1403 558 XX
1440 520 1515 559 hoc
1547 521 1697 559 factum
1730 533 1813 560 esse

277 579 484 630 probabile
522 593 604 619 esse
636 580 807 619 diximus
839 581 1015 632 prolegg.
1040 594 1077 630 p.
1096 579 1242 618 XLIX:
1279 578 1370 618 uide
1403 579 1453 618 ad
1484 579 1551 619 lib.
1571 580 1644 619 XX
1668 594 1705 619 u.
1727 580 1812 620 568

277 642 414 679 incert.
447 653 485 678 u.
520 641 646 679 1180.
682 640 806 678 1181.
838 639 880 678 Π
910 653 947 678 u.
976 640 1042 679 95.
1117 638 1307 678 Granium
1354 638 1489 678 Cicero
1533 641 1815 680 commemorat

277 701 483 750 praeterea
527 699 718 750 epist.IX
746 700 819 749 15,
847 701 870 738 2
917 699 964 738 de
1009 700 1108 738 orat.
1134 699 1175 738 Π
1202 700 1298 738 244.
1339 699 1435 738 254.
1476 700 1571 738 281.
1613 700 1696 739 282
1741 712 1813 751 pro

278 760 412 799 Planc.
442 760 510 810 33,
543 772 620 811 quo
652 760 739 799 loco
773 758 912 798 Granii
944 759 1093 798 dictum
1124 760 1167 798 in
1199 758 1400 798 consulem
1429 758 1472 798 P.
1491 759 1680 799 Nasicam
1711 771 1815 799 anno

280 815 474 873 643s111
518 821 559 859 et
598 820 769 859 alterum
807 819 1006 870 quoddam
1036 821 1079 858 in
1109 819 1162 858 M.
1182 819 1357 858 Drusum
1389 831 1492 858 anno
1526 814 1690 872 663s91
1726 832 1816 859 cum

278 881 401 919 fuerit
443 879 627 919 tribunus
671 879 797 931 plebis
840 881 1099 918 memoratur:
1149 879 1253 918 unde
1303 880 1471 930 apparet
1513 891 1584 930 per
1626 880 1816 930 quattuor

267 941 407 980 ‘lustra
444 939 622 980 floruisse
662 940 868 990 praeconis
900 939 1119 979 dicacitem.
1182 938 1421 979 Graniorum
1450 938 1607 978 familia
1637 939 1816 979 Puteolis

280 1000 448 1040 oriunda
474 1001 560 1039 erat
586 994 702 1053 (CIL
725 999 745 1038 I
773 1000 856 1038 577
886 999 964 1039 Cic.
983 1000 1027 1038 in
1045 999 1157 1039 Verr.
1177 999 1215 1037 V
1244 999 1326 1038 154
1355 997 1463 1039 Caes.
1482 997 1520 1038 b.
1541 1011 1572 1038 c.
1591 998 1654 1037 III
1676 1000 1742 1049 71,
1758 993 1814 1052 1).

278 1060 543 1100 Dicacitatem
568 1072 809 1110 praeconum
834 1061 1145 1099 commemorant
1181 1059 1300 1098 multi
1331 1059 1542 1109 scriptores
1569 1053 1754 1112 (Quintil.
1780 1059 1816 1098 X

281 1123 318 1169 1,
345 1115 409 1174 8):
446 1120 690 1171 lepidissime
729 1133 817 1159 eam
854 1119 1042 1160 describit
1077 1119 1271 1171 Apuleius
1307 1119 1467 1158 metam.
1493 1118 1593 1157 VIII
1626 1119 1680 1158 23
1719 1120 1815 1158 extr.

280 1178 390 1219 ‘tunc
432 1193 575 1231 praeco
620 1179 790 1230 diruptis
833 1179 1014 1219 faucibus
1059 1181 1099 1219 et
1140 1191 1262 1219 rauca
1298 1192 1394 1219 uoce
1432 1179 1589 1218 saucius
1626 1179 1668 1217 in
1705 1191 1814 1219 meas

279 1242 458 1280 fortunas
483 1240 672 1279 ridiculos
700 1240 953 1280 construebat
976 1237 1099 1279 iocos’
1127 1253 1158 1279 e.
1180 1253 1216 1290 q.
1237 1252 1265 1279 s.
1290 1239 1373 1278 iam
1401 1240 1587 1278 secuntur
1610 1239 1816 1290 praeconis

278 1302 368 1351 ioci,
400 1301 510 1340 cuius
540 1302 758 1339 extremum
783 1299 1002 1340 exscribam
1029 1294 1132 1353 (cap.
1156 1294 1248 1353 25):
1281 1296 1340 1338 ‘at
1364 1310 1506 1350 praeco
1535 1295 1816 1348 “ueruecem’',

277 1361 422 1411 inquit,
456 1358 567 1400 “non
605 1361 760 1400 asinum
797 1360 909 1399 uides
936 1390 943 1398 .
966 1391 973 1398 .
995 1390 1003 1398 .
1029 1372 1123 1398 nam
1160 1361 1195 1399 si
1231 1359 1374 1398 faciem
1414 1359 1527 1397 tuam
1557 1358 1698 1397 mediis
1730 1359 1815 1398 eius

279 1420 491 1460 feminibus
533 1420 764 1465 immiseris,
807 1420 925 1459 facile
977 1418 1285 1470 periclitaberiS,
1334 1430 1454 1469 quam
1503 1418 1693 1470 grandem
1741 1417 1817 1457 tibi

279 1481 524 1520 demonstret
554 1476 837 1531 patientiam’'.
895 1479 960 1519 Sic
990 1491 1133 1529 praeco
1164 1479 1368 1518 lurconem
1398 1477 1601 1518 tractabat
1628 1477 1816 1527 dicacule,

279 1541 348 1580 sed
378 1541 448 1579 ille
475 1571 482 1579 .
505 1572 512 1579 .
535 1571 542 1579 .
570 1537 646 1579 “at
675 1536 747 1580 te’'
780 1540 924 1591 inquit,
952 1571 959 1578 .
982 1570 989 1577 .
1013 1570 1020 1578 .
1048 1536 1170 1578 “cum
1206 1551 1276 1578 suo
1318 1537 1459 1578 Adone
1489 1537 1623 1577 Venus
1656 1537 1818 1577 domina

279 1614 437 1640 caecum
475 1600 662 1650 reddant,
701 1600 770 1650 qui
807 1599 1037 1639 scurrilibus
1074 1600 1155 1638 iam
1194 1598 1343 1638 dudum
1374 1599 1513 1638 contra
1543 1610 1606 1637 me
1635 1597 1818 1638 uelitaris

278 1657 409 1701 iocis’'
427 1657 437 1675 ’
472 1655 663 1713 (Martial.
690 1660 710 1698 I
737 1653 824 1714 85).
880 1659 1057 1699 Lucilius
1088 1659 1227 1698 narrat
1256 1658 1368 1709 poesi
1399 1670 1470 1698 sua
1502 1670 1543 1698 se
1581 1658 1818 1708 occupatum

279 1723 363 1761 siue
395 1721 515 1760 amici
546 1719 719 1759 aduentu
751 1721 835 1760 siue
867 1720 949 1758 alia
981 1718 1154 1770 quadam
1185 1732 1239 1768 re,
1271 1731 1359 1758 cum
1390 1718 1651 1757 nouissimum
1678 1716 1819 1757 Granii

280 1781 430 1820 dictum
467 1780 648 1820 uersibus
680 1779 903 1832 effingeret,
929 1778 1207 1818 conturbatum
1248 1790 1342 1818 esse.
1405 1777 1581 1817 Gallonii
1611 1778 1817 1829 praeconis

280 1854 398 1880 cenae
429 1841 587 1880 luxuria
619 1835 775 1894 (incer-t.
801 1853 838 1878 u.
869 1833 1020 1893 1238),
1052 1838 1192 1878 Granii
1227 1839 1325 1878 iocis
1356 1837 1526 1878 celebres
1558 1838 1678 1887 fuere,
1708 1837 1817 1876 uide-

279 1902 374 1940 licet
410 1901 617 1939 hominum
653 1899 782 1939 infimi
818 1899 968 1939 ordinis
1006 1899 1074 1938 sed
1113 1900 1282 1948 quaestu
1318 1911 1388 1938 suo
1427 1898 1574 1937 diuites
1605 1897 1675 1948 qui
1705 1897 1820 1936 erant

279 1962 379 2000 facti
408 1962 454 1999 ut
484 1961 549 1999 uel
583 1959 715 1999 Crassi
758 1959 864 2010 apud
902 1971 967 1999 eos
1000 1959 1196 1998 cenarent.
1260 1958 1411 1997 Similis
1443 1956 1584 1997 Granii
1614 1958 1700 1997 erat
1731 1956 1818 1996 Sex.

279 2021 348 2059 ille
391 2021 568 2059 Naeuius
618 2020 666 2059 de
716 2032 792 2070 quo
838 2018 921 2058 oio.
948 2031 1020 2070 pro
1059 2017 1214 2064 Quinct.
1250 2020 1300 2056 11
1349 2014 1457 2056 ‘nam
1506 2030 1635 2067 neque
1677 2029 1819 2067 parum

281 2081 433 2120 facetus
466 2092 603 2119 scurra
635 2079 721 2119 Sex.
747 2079 924 2118 Naeuius
955 2090 1082 2128 neque
1107 2077 1347 2117 inhumanus
1373 2089 1516 2127 praeco
1543 2077 1604 2116 est
1627 2083 1818 2127 umquam

282 2141 542 2180 existimatus.
605 2138 709 2185 Quid
740 2151 833 2191 ergo
866 2137 953 2178 est?
1016 2137 1115 2177 Cum
1147 2138 1184 2176 ei
1214 2139 1358 2176 natura
1388 2136 1490 2175 nihil
1524 2136 1665 2177 melius
1697 2148 1817 2186 quam

282 2213 419 2240 uocem
451 2199 640 2249 dedisset,
678 2201 794 2250 pater
823 2198 926 2238 nihil
956 2199 1114 2249 praeter
1143 2197 1371 2236 libertatem
1401 2196 1644 2247 reliquisset,
1681 2208 1819 2235 uocem

280 2262 324 2299 in
364 2261 572 2310 quaestum
614 2259 801 2309 contulit,
850 2258 1038 2297 libertate
1080 2270 1174 2297 usus
1219 2258 1296 2307 est,
1339 2270 1417 2307 quo
1459 2256 1661 2307 impunius
1704 2255 1819 2295 dicax

282 2316 411 2360 esset’.
451 2341 505 2346 —
545 2320 721 2358 conicere
767 2320 810 2357 in
846 2313 1002 2371 uersus]
1041 2316 1182 2357 Graeci
1219 2317 1357 2356 dicunt
1392 2316 1521 2356 ueluti
1556 2314 1739 2356 ἐντείνειν
1777 2311 1819 2355 δὲ

282 2378 348 2419 καὶ
378 2384 499 2418 ταῦτα
529 2378 585 2427 εἰς
617 2376 757 2431 μέτρον
787 2377 954 2429 ποιητάς
983 2392 1093 2424 τινας
1125 2372 1288 2432 (Strabo
1318 2376 1377 2416 IX
1407 2389 1445 2426 p.
1471 2370 1596 2429 419),
1634 2375 1819 2415 similiter

283 2438 342 2478 ὅτι
372 2438 414 2480 τὸ
446 2437 720 2490 πληθυντικὸν
745 2437 800 2485 εἰς
826 2436 867 2478 τὸ
894 2436 1035 2491 μέτρον
1060 2435 1134 2477 οὐκ
1159 2435 1338 2488 ἐμπίπτει
1364 2430 1526 2490 (Strabo
1551 2435 1647 2474 XIV
1670 2448 1708 2485 p.
1731 2435 1811 2474 661

283 2493 411 2553 extr.)
459 2520 518 2525 —
553 2498 664 2537 Inter
706 2509 830 2538 annos
873 2511 910 2537 u.
937 2510 967 2536 c.
1002 2497 1236 2536 638—644
1275 2509 1309 2535 a.
1336 2495 1424 2535 Chr.
1463 2495 1697 2534 116—110
1740 2506 1818 2545 quo

282 2561 462 2610 tempore
486 2558 554 2597 lib.
574 2558 632 2597 XI
658 2556 897 2608 compositus
923 2558 993 2607 est,
1019 2556 1284 2596 clarissimum
1309 2556 1395 2596 erat
1420 2556 1504 2594 sine
1530 2554 1649 2593 dubio
1669 2553 1819 2593 dictum

283 2619 385 2658 illud
422 2617 562 2658 Granii
606 2617 654 2657 de
698 2630 775 2667 quo
815 2616 950 2656 Cicero
993 2629 1065 2667 pro
1103 2616 1236 2655 Planc.
1274 2617 1327 2655 33
1369 2612 1548 2654 ‘Consuli
1587 2613 1629 2653 P.
1649 2614 1819 2654 Nasicae

284 2673 402 2733 (armi
435 2672 653 2731 643s111)
690 2689 832 2728 praeco
871 2675 1041 2716 Granius
1078 2675 1209 2715 medio
1247 2676 1290 2714 in
1326 2676 1432 2724 foro,
1469 2687 1559 2714 cum
1588 2674 1658 2713 ille
1689 2673 1818 2713 edicto

283 2739 439 2777 iustitio
472 2738 633 2777 domum
664 2737 854 2777 decedens
884 2737 1065 2788 rogasset
1096 2735 1306 2785 Granium,
1337 2734 1434 2785 quid
1461 2734 1590 2773 tristis
1623 2734 1736 2782 essct,
1768 2745 1819 2772 an

227 2802 233 2806 ’
286 2797 390 2848 quod
433 2799 602 2837 reiectae
646 2797 848 2837 auctiones
892 2797 1038 2836 essent:
1084 2792 1242 2834 “Immo
1285 2790 1427 2843 uero”,
1478 2794 1628 2844 inquit,
1679 2789 1820 2843 “quod

284 2854 536 2910 legationes'’
554 2853 565 2871 '
593 2851 773 2910 (Sallust.
799 2856 885 2908 Iug.
908 2857 976 2905 28,
1003 2850 1068 2910 2):
1094 2855 1200 2905 quod
1225 2854 1376 2893 dictum
1401 2853 1538 2892 dubito
1564 2860 1616 2891 an
1639 2852 1817 2891 Lucilius

284 2918 359 2956 hoc
389 2917 476 2956 loco
507 2917 682 2956 narrarit
713 2917 783 2966 qui
811 2929 849 2955 u.
877 2916 961 2955 418
993 2915 1224 2967 Iugurtinos
1256 2913 1394 2953 eadem
1425 2912 1643 2953 acerbitate
1667 2912 1818 2962 carpat,

287 2989 366 3026 qua
391 2976 562 3015 Granius
586 2976 658 3015 illo
684 2976 791 3015 dicto
811 2975 1056 3027 significarat
1074 2974 1297 3025 pecuniosis
1315 2972 1532 3025 Iugurthae
1550 2970 1818 3023 legationibus

285 3036 444 3075 reiectis
474 3035 650 3075 reculam
680 3036 829 3075 Romae
859 3035 982 3087 uulgo
1012 3035 1142 3074 minus
1174 3045 1359 3084 prospere
1391 3031 1537 3084 augeri.
