2060 3444
284 241 341 284 66
874 239 925 276 ΙΠ
949 250 984 274 u.
1015 242 1212 275 134—139.

288 354 436 393 dicitur
473 354 580 404 ipso,
616 353 663 392 ut
695 351 855 391 Petron.
883 352 938 391 66
978 352 1164 392 similiter
1200 352 1302 391 dixit
1338 353 1521 392 catillum
1557 354 1828 404 concacatum,

285 413 353 453 sed
383 414 627 452 incrustatus
658 412 766 451 idem
797 413 858 452 est
888 413 1008 462 atque
1034 412 1260 452 immundus
1286 414 1327 451 et
1351 412 1542 453 sordidus.
1574 434 1624 440 ——-
1652 413 1824 464 regioni-

284 473 357 512 bus
400 469 503 525 illis]
547 471 765 512 Lucaniae:
810 484 903 511 nam
946 471 1197 523 Pythagoras
1242 473 1353 512 cuius
1396 472 1650 524 disciplinam
1686 472 1826 512 Veliae

284 533 404 572 multi
440 533 665 583 antiquitus
703 531 960 572 sectabantur
996 544 1159 582 operam
1195 532 1326 571 fertur
1364 531 1517 572 dedisse
1556 534 1671 572 rutae
1703 527 1826 587 (Plin.

284 595 367 633 nat.
391 592 484 632 hist.
510 592 584 631 XX
613 587 716 646 134)
759 604 881 642 quam
917 591 1042 645 ρυτήν
1084 592 1183 631 dicit
1218 591 1437 642 Nicander,
1479 591 1662 646 πήγανον
1700 592 1827 632 Theo-

284 653 472 703 phrastus
501 652 582 691 alii.
633 652 693 691 De
718 654 810 690 ruta
835 651 987 691 Pallad.
1014 651 1072 690 IV
1101 653 1138 701 9,
1167 653 1220 692 13
1255 648 1345 691 ‘hoc
1370 665 1503 692 mense
1529 650 1571 704 (i.
1598 665 1630 691 e.
1656 647 1826 707 Martio)

284 715 377 753 ruta
409 713 555 752 seritur
585 712 683 752 locis
715 713 861 762 apricis
881 741 890 750 .
911 742 919 749 .
942 742 948 749 .
970 712 1058 751 loca
1089 711 1288 751 desiderat
1316 712 1461 751 altiora
1481 742 1490 751 .
1512 742 1519 750 .
1541 743 1548 751 .
1570 712 1702 751 caules
1728 713 1827 762 eius,

286 774 356 823 qui
392 773 558 812 inclusis
596 772 812 811 seminibus
850 772 938 811 nati
974 772 1124 811 fuerint
1167 772 1351 812 fortiores
1392 768 1534 811 erunt’.
1603 772 1705 811 Plin.
1744 772 1826 811 nat.

284 833 376 873 hist.
404 832 498 871 XIX
526 832 609 872 156
643 832 765 870 refert
796 831 950 870 condiri
981 832 1066 870 eius
1097 831 1197 871 folia
1228 833 1459 882 seruarique
1490 831 1701 871 fasciculis.

408 886 518 932 136.
549 891 704 931 Nonius
735 904 773 942 p.
803 891 900 941 164,
927 892 981 930 32
1017 888 1183 931 ‘Ructus
1215 903 1239 930 a
1264 891 1459 931 ructando
1485 891 1626 931 dictus.
1660 890 1826 930 ...Lu-

275 953 400 992 cilius
432 953 661 1002 satyrarum
691 950 760 990 lib.
786 951 849 990 111
876 947 1070 990 “exhalas
1097 982 1104 990 .
1133 982 1140 989 .
1168 982 1176 990 .
1202 948 1400 991 ructus''.'
1452 951 1590 991 Potest
1614 951 1678 991 hic
1702 964 1740 990 ιι.
1766 952 1828 990 in-

284 1012 424 1064 tellegi
456 1011 504 1051 de
541 1012 627 1050 uini
664 1011 840 1051 hesterni
877 1010 996 1050 odore
1035 1011 1326 1063 fragrantibus:
1365 1011 1460 1051 conf
1486 1010 1589 1051 Plin.
1622 1013 1703 1051 nat.
1734 1011 1827 1051 hist.

285 1071 381 1111 XIV
409 1072 493 1111 142
528 1068 704 1122 ‘postero
735 1070 799 1110 die
831 1084 879 1110 ex
909 1083 976 1110 ore
1007 1071 1158 1110 halitus
1188 1068 1290 1111 cadi’
1318 1070 1495 1122 Alciphr.
1522 1070 1584 1110 m
1611 1071 1665 1110 32
1692 1070 1828 1124 τρίτην

284 1131 434 1183 ταύτην
464 1127 616 1184 ἡμέραν
647 1129 702 1171 ἔτι
733 1142 795 1170 σοι
831 1130 1046 1184 καρηβαρῶ
1083 1128 1147 1170 καὶ
1186 1130 1259 1183 τὴν
1296 1130 1519 1184 κραιπάλην
1556 1129 1828 1184 ἀπερυγγάνω.

286 1191 364 1231 Sed
395 1191 642 1242 probabilius
674 1190 722 1230 de
747 1193 862 1230 rutae
888 1190 1026 1230 acidae
1049 1190 1311 1231 incommodis
1337 1191 1597 1242 intellegitur,
1628 1203 1719 1230 cum
1742 1203 1828 1230 rem

285 1263 434 1291 nouam
466 1252 507 1290 et
537 1251 781 1303 singularem
812 1252 971 1290 narrari
1002 1252 1207 1302 appareat.

410 1305 519 1351 137.
551 1311 706 1350 Nonius
737 1324 775 1361 p.
802 1311 901 1361 455,
929 1312 983 1350 32
1019 1308 1195 1351 ‘Rictum
1226 1311 1399 1350 ferarum
1431 1310 1512 1350 dici
1543 1310 1702 1360 uolunt,
1737 1322 1828 1349 cum

287 1371 461 1410 Titinius
493 1372 635 1411 auctor
665 1372 720 1411 sit
750 1371 872 1410 etiam
903 1371 1076 1410 hominis
1107 1370 1188 1410 dici
1218 1371 1369 1410 debere.
1404 1402 1411 1408 .
1440 1402 1447 1409 .
1476 1402 1483 1409 .
1509 1369 1688 1410 Lucilius
1720 1371 1827 1421 saty-

286 1443 422 1470 rarum
453 1430 522 1470 lib.
547 1430 610 1469 111
643 1427 837 1470 “malas
901 1431 1087 1470 utimur
1116 1427 1281 1470 rictu''.'
1345 1430 1466 1472 Fame
1499 1429 1682 1470 exhausti
1709 1431 1829 1488 utun-

286 1493 354 1531 tur
383 1491 558 1530 maxillis
589 1492 630 1529 et
661 1490 846 1530 dentibus
865 1461 1071 1530 uiatores:
1110 1490 1152 1530 οι
1186 1485 1222 1530 δ’
1264 1486 1320 1530 ἐπ’
1362 1485 1516 1530 ὀνείαθ’
1559 1487 1695 1542 ἑτοῖμα
1730 1485 1827 1542 προ-

287 1550 447 1602 κείμενα
482 1553 612 1604 χεῖρας
650 1549 796 1589 ἴαλλον.
858 1549 986 1590 Malas
1024 1550 1166 1590 tollere
1202 1552 1249 1589 ut
1280 1550 1390 1590 Seru.
1425 1551 1467 1589 ιιι
1498 1550 1643 1589 Donat.
1677 1548 1744 1588 GL
1769 1549 1828 1588 IV

287 1624 325 1661 p.
352 1612 452 1659 421,
480 1607 627 1650 17K‘
631 1623 654 1650 o
685 1610 925 1661 productum
956 1610 1116 1661 quando
1148 1611 1210 1650 est
1239 1623 1306 1650 ore
1337 1609 1495 1650 sublato
1520 1623 1599 1650 uox
1623 1610 1752 1659 sonat,
1782 1610 1829 1648 ut

289 1670 434 1710 Roma:
467 1670 627 1721 quando
659 1671 897 1721 correptum,
929 1669 977 1709 de
1008 1670 1131 1710 labris
1162 1683 1240 1710 uox
1272 1671 1519 1721 exprimitur,
1549 1671 1596 1709 ut
1626 1665 1745 1709 rosa'.

411 1725 519 1771 138.
546 1729 708 1770 Seruius
734 1732 874 1770 auctus
900 1730 951 1769 ad
977 1730 1146 1782 Vergilii
1172 1731 1242 1770 ecl.
1262 1729 1320 1768 VI
1341 1731 1395 1770 53
1424 1726 1581 1769 ‘Fultus
1599 1729 1828 1780 hyacintho.

287 1790 411 1841 Apud
447 1791 600 1830 ueteres
638 1803 739 1830 unus
779 1791 947 1841 quisque
985 1803 1031 1829 eo
1069 1803 1187 1842 super
1225 1790 1330 1841 quod
1366 1789 1525 1830 iacebat
1560 1789 1686 1829 fultus
1727 1789 1830 1828 dice-

287 1850 418 1890 batur.
467 1850 645 1890 Lucilius
676 1851 719 1889 in
743 1851 864 1889 tertio
891 1846 965 1889 “et
989 1850 1156 1901 puluino
1181 1846 1368 1890 fultus''.'
1418 1850 1597 1900 Propert.
1624 1848 1687 1888 ΠΙ
1715 1850 1751 1899 7,
1773 1849 1830 1888 50

290 1907 347 1950 ‘et
376 1910 524 1950 fultum
555 1911 694 1961 pluma
723 1910 962 1950 uersicolor-e
993 1907 1128 1961 caput’
1160 1910 1266 1950 Pers.
1294 1909 1331 1947 V
1359 1910 1442 1949 146
1477 1906 1570 1949 ‘tibi
1598 1910 1708 1949 torta
1738 1921 1829 1949 can-

289 1970 391 2010 nabe
422 1970 524 2009 fulto
557 1983 654 2009 cena
685 1970 739 2009 sit
770 1970 811 2008 in
842 1966 1045 2009 transtro'.

411 2024 519 2070 139.
551 2030 705 2069 Nonius
735 2042 774 2079 p.
804 2030 902 2079 173,
930 2030 983 2068 14
1012 2026 1246 2079 ‘Sententia
1271 2029 1525 2069 sensibilitas.
1559 2058 1597 2067 ..
1624 2027 1829 2068 .Lucilius

289 2091 517 2140 satyrarum
547 2089 614 2128 lib.
635 2089 698 2128 m
725 2086 929 2128 “uertitur
953 2089 1153 2129 oenoforis
1174 2120 1181 2127 .
1203 2119 1212 2128 .
1233 2120 1242 2129 .
1262 2085 1436 2128 nobis”.’
1488 2087 1676 2128 Scholion
1700 2087 1830 2127 Persii

290 2151 363 2190 sat.
390 2149 427 2186 V
454 2150 539 2188 140
573 2146 890 2200 ‘Oenophorum‚
927 2162 999 2189 uas
1036 2150 1177 2188 uinum
1212 2149 1360 2188 ferens:
1401 2143 1509 2196 οἶνος
1546 2149 1652 2187 enim
1688 2148 1827 2186 uinum

290 2211 360 2249 est.
429 2209 478 2248 de
515 2222 595 2260 quo
632 2211 694 2248 est
734 2209 854 2258 illud,
898 2205 1103 2248 “uertitur
1147 2209 1329 2258 enophorz·
1359 2209 1385 2247 f.
1418 2220 1447 2248 s.
1480 2204 1578 2247 n„''.'
1652 2207 1829 2248 Isidorus

290 2270 388 2320 orig.
415 2268 435 2308 I
462 2270 531 2319 35,
558 2270 582 2308 3
617 2266 808 2321 ‘Zeugma
839 2270 899 2308 est
929 2269 1120 2319 clausula,
1152 2269 1246 2308 dum
1276 2269 1409 2320 plures
1440 2279 1578 2308 sensus
1602 2279 1682 2306 uno
1707 2265 1829 2306 uerbo

291 2328 548 2380 clauduntur,
586 2341 688 2379 quae
724 2328 772 2368 fit
809 2328 938 2368 tribus
981 2329 1128 2368 modis:
1166 2341 1257 2367 nam
1302 2330 1374 2367 aut
1415 2328 1457 2367 in
1499 2329 1629 2379 primo
1673 2328 1745 2366 aut
1785 2327 1829 2365 in

291 2390 492 2440 postremo
530 2390 601 2428 aut
637 2389 681 2428 in
717 2388 847 2428 medio
884 2401 1010 2428 unum
1046 2388 1212 2428 uerbum
1254 2389 1419 2438 ponitur
1463 2387 1569 2439 quod
1612 2387 1830 2427 sententias

291 2448 434 2500 iungit.
501 2449 545 2488 in
580 2449 729 2499 primo,
769 2450 832 2487 ut*
853 2445 1058 2488 “uertitur
1099 2448 1326 2497 oenophoris
1359 2479 1366 2486 .
1395 2477 1403 2486 .
1433 2479 1440 2486 .
1471 2443 1648 2487 nobis’'.'
1716 2445 1830 2486 Idem

291 2507 394 2547 libro
419 2508 492 2546 XX
519 2509 557 2557 6,
585 2510 607 2547 1
644 2505 951 2559 ‘Oenophorum‚
982 2521 1054 2547 uas
1085 2508 1214 2547 ferens
1239 2509 1396 2547 uinum:
1427 2502 1536 2554 οἶνος
1559 2507 1667 2547 enim
1690 2506 1831 2545 uinum

293 2569 364 2607 est.
425 2567 473 2607 de
505 2580 584 2618 quo
616 2569 677 2608 est
705 2567 819 2618 illud,
852 2565 1057 2607 “uertitur
1087 2568 1237 2616 enofori
1262 2598 1271 2606 .
1293 2599 1300 2606 .
1323 2598 1329 2605 .
1355 2563 1530 2607 nobis'’.'
1595 2564 1830 2606 Consentius

293 2626 361 2666 GL
386 2627 424 2664 V
454 2640 493 2678 p.
521 2628 620 2677 345,
648 2627 753 2667 10K
785 2624 940 2667 ‘Simile
978 2630 1037 2667 est
1074 2627 1238 2667 fundus:
1275 2627 1452 2666 Lucilius
1490 2626 1589 2666 dicit
1627 2623 1831 2665 “uertitur

294 2687 443 2737 enofori
469 2717 476 2725 .
505 2718 512 2726 .
541 2718 548 2725 .
574 2684 749 2728 nobis’'.'
819 2687 928 2727 Duas
966 2688 1190 2738 antiquitus
1227 2687 1302 2727 hoc
1338 2699 1456 2726 uersu
1492 2685 1663 2725 traditas
1707 2684 1830 2725 fuisse

294 2747 464 2798 apparet
492 2747 682 2786 lectiones
713 2747 919 2796 oenophori
949 2750 990 2786 et
1019 2748 1254 2796 oenophoris.
1313 2746 1562 2786 Vocabulum
1593 2745 1830 2794 oenophorus

209 2825 214 2828 ·
295 2807 486 2856 quattuor
516 2809 760 2858 usurparunt
789 2808 966 2858 satyrici,
998 2807 1151 2846 accedit
1175 2808 1337 2857 quintus
1362 2805 1571 2845 Martialis.
1615 2805 1689 2844 Est
1713 2816 1829 2844 oeno-

293 2866 441 2915 phorus
477 2879 668 2918 magnum
703 2878 778 2905 uas
814 2866 1016 2906 uinarium
1054 2869 1094 2906 et
1129 2868 1347 2917 pretiosum
1385 2865 1492 2916 quod
1530 2864 1829 2916 peregrinantes

295 2937 428 2964 secum
469 2927 632 2976 portare
674 2926 856 2966 solebant
897 2927 1017 2967 sicuti
1058 2928 1193 2966 noster
1234 2925 1428 2965 Lucilius:
1470 2925 1599 2964 ueluti
1637 2923 1830 2963 Horatius

295 2997 408 3024 serm.
436 2984 456 3022 I
483 2986 521 3035 6,
550 2986 632 3025 109
668 2983 773 3026 ‘cum
804 2986 970 3025 Tiburte
1000 2987 1069 3025 uia
1098 2987 1323 3036 praetorem
1354 2986 1530 3036 quinque
1566 2985 1754 3024 secuntur
1788 2983 1830 3021 te
