2060 3444
845 246 903 293 ,v
927 258 963 283 u.
993 249 1192 283 194—-198,
1736 245 1794 289 83

242 357 337 402 tur’.
405 360 557 401 Flebile
595 373 690 412 cepe
727 373 774 400 ex
814 360 972 401 Lucilio
1008 362 1129 412 petiit
1168 360 1297 400 Varro
1335 361 1408 400 sat.
1442 360 1617 412 Menipp.
1646 360 1732 400 250
1758 360 1793 400 B

244 418 416 461 ‘dulcem
448 434 596 472 aquam
626 420 740 460 bibat
771 420 970 461 salubrem
1002 423 1043 461 et
1073 420 1204 461 flebile
1237 421 1356 460 esitet
1381 417 1502 471 cepc’.

367 475 476 522 195.
520 481 677 521 Nonius
715 495 753 533 p.
782 482 886 531 201,
920 482 944 520 9
991 478 1112 533 ‘Oepe
1156 479 1304 531 (Cepa)
1354 481 1548 520 feminini.
1612 481 1792 521 Lucilius

243 543 468 592 satyrarum
506 541 574 582 lib.
595 541 632 579 V
672 538 838 593 “lippus
859 574 867 582 .
890 572 897 581 .
918 572 927 582 .
960 541 1121 581 assiduo
1165 542 1347 592 ceparius
1385 554 1483 592 cepa
1520 538 1791 581 lacrimosd’?

242 601 470 642 Priscianus
503 600 578 641 GL
609 602 651 640 H
681 615 719 653 p.
749 603 853 652 203,
888 602 942 641 15
969 601 1006 641 Κ
1057 598 1158 641 ‘Hae
1210 614 1348 653 cepae,
1382 602 1539 646 *harum
1591 614 1790 652 ceparum.

244 663 429 714 quamuis
460 662 734 713 antiquissimi
763 662 807 701 in
838 675 862 701 a
894 675 1053 714 quoque
1084 662 1286 713 singulare
1319 661 1511 701 feminino
1543 675 1690 714 genere
1717 662 1793 702 hoc

242 724 349 762 recte
373 723 589 774 protulisse
613 723 885 762 inueniuntur.
907 752 915 761 .
937 753 945 762 .
967 753 975 761 .
1013 722 1192 762 Lucilius
1217 722 1260 761 in
1286 723 1516 762 saturarum
1541 721 1600 760 VI
1627 719 1794 774 “lippus

244 814 251 821 .
275 813 282 822 .
305 813 312 822 .
339 784 497 822 assidue
522 815 530 823 .
553 814 560 822 .
583 814 590 822 .
618 779 776 834 cepa''.’
845 782 1076 822 Lacrimosa
1113 785 1174 822 est
1214 782 1394 822 scholion
1431 794 1455 821 a
1492 782 1617 822 Nonii
1661 783 1792 833 operis

243 855 290 882 ex
321 843 468 882 Lucilii
499 842 674 883 editione
704 842 957 882 translatum.
1021 841 1214 893 Ceparius
1248 837 1366 897 (CIL
1391 841 1494 881 VIII
1522 843 1607 882 790
1635 841 1735 882 CGL
1755 842 1792 880 V

242 916 281 954 p.
303 903 402 954 565,
428 898 474 958 8)
519 903 653 955 lippus
697 905 758 943 est
800 916 895 954 cepe
939 902 1181 942 comedenda
1213 903 1327 942 cuius
1370 904 1557 942 naturam
1602 902 1793 942 describit

243 959 520 1016 [Aristoteles]
546 963 737 1015 problem.
757 963 794 1002 K
821 964 876 1002 22
903 977 941 1015 p.
964 963 1048 1003 925
1077 975 1102 1002 a
1130 965 1203 1003 27:
1235 963 1424 1014 Diphilus
1451 963 1560 1014 apud
1585 963 1731 1003 Athen.
1751 962 1793 1002 II

242 1037 280 1075 p.
302 1024 357 1062 64
377 1023 430 1063 B:
467 1023 510 1063 οἰ
536 1021 674 1077 βολβοὶ
701 1053 710 1062 .
730 1053 739 1062 .
760 1053 769 1062 .
795 1021 1055 1076 ἀμβλυντικοὶ
1092 1021 1235 1074 ὄψεως.
1296 1023 1535 1062 Ablatiuum
1579 1023 1794 1076 gerundiui

243 1083 366 1123 addas
404 1084 594 1135 exemplis
631 1085 674 1123 in
705 1084 901 1136 Draegeri
938 1085 1099 1135 syntaxi
1123 1083 1165 1122 II
1196 1078 1324 1138 (Lips.
1347 1078 1483 1139 1881)
1521 1097 1559 1134 p.
1582 1085 1667 1123 849
1701 1096 1792 1123 con-

242 1145 376 1196 gestis.
444 1144 504 1183 De
549 1144 709 1184 assiduo
753 1146 794 1183 et
837 1144 996 1184 assidue
1034 1144 1234 1184 aduerbiis
1272 1144 1369 1184 conf
1400 1144 1529 1183 Neuei
1566 1144 1614 1183 de
1652 1144 1791 1183 formis

241 1203 267 1242 l.
287 1203 332 1243 L.
351 1203 393 1243 H
418 1198 575 1258 (1892)
607 1218 645 1255 p.
668 1205 766 1243 617.
828 1204 996 1243 Plautus
1038 1217 1194 1255 semper
1224 1205 1385 1244 assiduo
1415 1204 1539 1243 habet
1571 1199 1792 1259 (Amphitr.

245 1264 328 1303 168
364 1263 477 1315 Capt.
502 1266 585 1304 178
620 1263 716 1304 Oist.
745 1265 828 1304 185
868 1265 986 1304 Most.
1009 1265 1093 1304 976
1132 1265 1217 1304 Mil.
1239 1265 1295 1305 50
1333 1264 1449 1304 Truc.
1471 1259 1598 1319 422),
1637 1265 1791 1315 primus

242 1324 401 1364 assidue
443 1323 615 1375 scriptor
657 1324 708 1364 ad
751 1324 845 1364 Her.
872 1325 931 1363 IV
952 1325 1027 1375 56,
1064 1325 1139 1364 69:
1182 1337 1276 1364 nam
1320 1324 1369 1364 de
1413 1324 1592 1364 Terentii
1635 1324 1792 1364 dubites

242 1385 538 1424 consuetudine.
594 1383 764 1436 Adelph.
785 1386 886 1436 prol.
908 1386 962 1424 16
990 1385 1091 1424 codd
1116 1398 1252 1425 omnes
1279 1385 1456 1435 adsidue,
1483 1385 1550 1424 sed
1570 1384 1790 1425 Heautont.

240 1445 342 1496 prol.
364 1446 418 1485 39
469 1444 687 1485 Bembinus
737 1445 808 1485 alii
857 1446 1041 1492 adsidue,
1090 1445 1348 1485 Victorianus
1408 1445 1575 1485 adsiduo
1583 1459 1596 1484 .·
1651 1445 1791 1485 eadem

242 1505 411 1545 duorum
454 1505 602 1545 Lucilii
651 1505 832 1545 codicum
881 1505 1150 1557 discrepantia
1193 1505 1269 1545 hoc
1311 1506 1400 1545 loco
1445 1507 1522 1545 erit
1565 1505 1791 1546 statuenda.

243 1565 494 1605 Describitur
536 1566 714 1605 conuiuii
756 1565 908 1606 sordidi
949 1566 1132 1605 minister
1175 1565 1359 1605 sordidus
1403 1567 1444 1604 et
1487 1565 1677 1605 deformis
1722 1566 1791 1616 qui

243 1625 392 1665 dicitur
433 1625 557 1665 fuisse
601 1627 765 1676 aspectu
808 1627 939 1676 turpis
989 1626 1193 1676 oculisque
1243 1626 1361 1665 sicuti
1412 1625 1593 1677 ceparius
1642 1626 1790 1676 lippus.

245 1684 462 1736 Comparat
486 1685 702 1724 Muellerus
726 1685 795 1724 lib.
815 1685 991 1724 XXVIII
1016 1699 1053 1724 u.
1077 1686 1161 1725 793
1190 1682 1342 1736 ‘tepido
1363 1686 1585 1738 glutinator
1604 1682 1791 1738 glutino'.

367 1739 477 1786 196.
511 1745 713 1785 Charisius
741 1744 809 1785 GL
828 1746 849 1784 Ι
867 1759 906 1796 p.
929 1747 997 1796 94,
1020 1746 1072 1784 16
1091 1745 1129 1784 K
1149 1743 1362 1785 ‘Similiter
1387 1747 1427 1784 et
1452 1758 1552 1796 opus
1577 1747 1792 1797 pistorium

245 1804 352 1856 quod
383 1805 500 1856 adipe
532 1805 750 1856 conficitur,
782 1807 892 1845 omni
917 1819 1061 1857 genere
1086 1806 1166 1845 dici
1190 1807 1336 1857 potest,
1368 1808 1409 1846 et
1435 1803 1532 1845 “hic
1557 1802 1791 1857 adipatus”,

245 1878 324 1916 quo
355 1865 605 1918 intellegitur
629 1867 745 1917 panis
777 1868 849 1905 aut
880 1865 990 1906 aliud
1021 1863 1204 1917 quid‚'et
1237 1863 1367 1906 “haec
1387 1863 1599 1917 adipata'',
1629 1867 1705 1906 11οο
1731 1868 1792 1905 est

243 1938 338 1977 pars
370 1920 484 1980 (puls
515 1921 827 1981 Lachmannus),
859 1927 899 1965 et
932 1923 1039 1965 “hoc
1070 1923 1323 1977 adipatum'',
1357 1939 1455 1978 opus
1487 1926 1649 1966 scilicet.
1697 1939 1791 1966 nam

244 1987 285 2024 et
320 1985 500 2035 Lucilius
536 1986 574 2023 V
611 1986 818 2037 adipatam
861 1986 960 2025 dicit
1002 1987 1194 2026 feminino
1239 1999 1401 2039 genere,
1444 1986 1513 2026 sed
1551 1986 1621 2025 ubi
1657 1987 1793 2038 iungit

235 2042 418 2095 pluteu.''
487 2046 651 2085 Pmeter
688 2047 775 2086 olus
813 2041 928 2101 (Hor.
950 2047 1064 2098 epist.
1084 2046 1105 2085 Ι
1133 2048 1207 2096 17,
1236 2041 1312 2101 13)
1349 2047 1441 2098 puls
1477 2047 1521 2085 in
1548 2047 1640 2086 >olla
1678 2049 1792 2086 cocta

242 2105 511 2146 modestorum
547 2106 753 2146 hominum
797 2107 876 2145 fuit
913 2106 1024 2146 cibus
1063 2101 1380 2161 (Marquardtius
1420 2106 1581 2146 Manius
1619 2107 1667 2145 de
1704 2106 1792 2146 uita

242 2166 405 2217 priuata
435 2180 473 2216 p.
493 2166 539 2205 R.
565 2166 673 2217 Lips.
703 2167 816 2206 1886
848 2180 886 2217 p.
909 2168 993 2206 298
1026 2166 1259 2206 Martia1.V
1287 2169 1353 2218 78,
1383 2167 1406 2206 6
1435 2162 1575 2221 seqq).
1632 2167 1791 2206 Pultem

243 2227 330 2266 oleo
362 2226 459 2278 ungi
489 2226 605 2266 iubet
634 2225 800 2277 Apicius
825 2226 863 2263 V
892 2227 975 2266 185
1010 2225 1207 2266 Schuchii.

367 2281 476 2326 198.
507 2286 665 2326 Nonius
693 2299 741 2325 ex
765 2287 1027 2338 grammatico
1053 2301 1091 2337 p.
1114 2287 1212 2336 154,
1240 2288 1294 2326 27
1323 2283 1528 2326 ‘Primiter
1551 2300 1624 2338 pro
1649 2288 1790 2338 prime,

245 2347 286 2385 et
315 2347 503 2396 primitus
534 2359 607 2397 pro
637 2346 780 2397 primo.
808 2378 815 2385 .
838 2378 845 2385 .
867 2377 875 2385 .
907 2347 1085 2386 Lucilius
1110 2347 1179 2386 lib.
1198 2347 1236 2384 V
1263 2343 1410 2387 “sicuti
1437 2377 1445 2386 .
1467 2378 1474 2385 .
1497 2378 1503 2385 .
1524 2348 1677 2397 protuli
1700 2348 1792 2386 item

245 2405 374 2456 pretio
405 2407 560 2457 ingenti
591 2407 644 2446 ad
674 2407 861 2458 primitus
885 2403 1099 2457 paucos”.'
1163 2406 1273 2446 Idem
1306 2420 1352 2446 ex
1384 2406 1521 2446 eodem
1552 2420 1591 2457 p.
1613 2407 1711 2457 281,
1735 2408 1787 2446 16

247 2462 380 2518 ‘Dare‚
412 2468 556 2517 petere.
612 2466 790 2506 Lucilius
821 2466 889 2506 lib.
908 2467 947 2504 V
979 2464 1126 2507 “sicuti
1157 2479 1246 2506 cum
1268 2468 1430 2516 primus
1457 2498 1464 2505 .
1487 2498 1494 2504 .
1517 2497 1524 2505 .
1543 2467 1728 2515 piretulit
1751 2469 1791 2505 et

248 2556 255 2563 .
278 2556 285 2564 .
308 2556 315 2564 .
334 2523 546 2575 paucos''.’
608 2526 670 2566 De
701 2527 901 2566 sententia
932 2528 1027 2566 conf
1052 2527 1226 2567 Martial.
1246 2526 1305 2565 IV
1326 2528 1395 2576 29,
1423 2527 1447 2565 3
1482 2523 1590 2566 ‘rara
1629 2528 1790 2565 iuuant:

245 2585 385 2636 primis
429 2587 486 2625 Sic
527 2587 658 2626 maior
700 2588 832 2638 gratia
874 2584 1033 2638 pomis'.
1102 2587 1178 2626 ΑΡ
1209 2587 1287 2626 XII
1321 2588 1404 2626 197
1455 2585 1610 2639 Καιρὸν
1658 2589 1792 2639 γνῶθι

246 2651 385 2697 σοφῶν
424 2651 504 2685 τῶν
540 2644 635 2686 ἑπτά
671 2660 729 2694 τις
767 2642 870 2699 εἶπε,
912 2647 1101 2687 Φίλιππε·
1147 2646 1278 2686 πάντα
1313 2645 1387 2700 γὰρ
1432 2641 1644 2698 ἀκμάζοντ’
1685 2644 1790 2686 ἐστὶν

246 2702 484 2758 ἐραστότερα.
547 2704 614 2745 καὶ
645 2705 781 2754 σίκυος
811 2705 965 2760 πρῶτός
996 2721 1075 2747 που
1107 2703 1169 2747 ἐπ’
1198 2705 1433 2760 ἄνδήροισιν
1459 2704 1622 2759 ὁραθείς
1648 2706 1789 2758 τίμιος,

246 2759 328 2804 εἶτα
377 2770 486 2805 συῶν
534 2765 674 2819 βρῶμα
729 2764 1017 2818 πεπαινόμενος
1074 2761 1213 2821 (schol.
1254 2766 1459 2817 Aristoph.
1504 2766 1594 2805 Pac.
1642 2761 1789 2821 1001).

246 2825 282 2863 X
311 2825 408 2874 103,
435 2826 459 2864 3
492 2823 560 2864 καὶ
590 2830 714 2865 σῦκον
746 2825 922 2879 δραχμῆς
946 2825 996 2865 ιὲν
1026 2825 1215 2880 γίγνεται·
1247 2823 1300 2877 ἣν
1333 2821 1372 2865 δ’
1406 2823 1645 2881 ἆναμείνῃς,
1676 2825 1789 2878 χίλια.

246 2887 328 2932 τοῖς
377 2887 546 2937 πτωχοῖς
590 2882 611 2925 ὁ
653 2884 793 2938 χρόνος
836 2883 916 2924 ἐστὶ
958 2884 1066 2933 θεός.
1139 2887 1352 2933 Praecoces
1396 2885 1492 2925 ficus
1535 2884 1789 2938 προδρόμους

246 2945 382 2984 uocari
424 2944 594 2984 Athenis
637 2944 790 2984 Plinius
834 2946 958 2985 refert
999 2948 1081 2985 nat.
1112 2946 1205 2985 hist.
1233 2945 1330 2984 XVI
1363 2946 1446 2984 113
1493 2940 1709 3000 (Theophr.
1742 2945 1790 2984 de

247 3017 352 3044 caus.
380 3005 507 3056 plant.
533 3004 571 3042 V
608 3006 650 3056 1,
688 2999 752 3060 7),
808 3011 933 3045 σῦκον
987 3011 1177 3059 χειμῶνος
1234 3006 1362 3058 ζητεῖν
1412 3002 1654 3057 μαινομένου
1705 3018 1790 3044 esse

1457 3072 1503 3107 6*
