2060 3444
278 271 336 314 60
872 268 923 304 111
947 281 982 304 u.
1011 272 1207 305 123—125.

280 382 467 423 Σικελίαν
511 381 666 436 μικράν.
739 382 916 421 Puteolis
959 382 1160 433 profectus
1203 394 1283 420 una
1326 381 1390 420 die
1432 381 1564 421 uoluit
1604 381 1812 432 peruenire

279 444 528 492 Palinurum,
554 443 682 482 altera
705 442 798 481 inde
822 443 957 492 petere
981 443 1183 494 regionem
1202 441 1479 492 Vibonensem,
1502 442 1623 480 tertia
1645 442 1811 481 fretum:

279 504 514 543 Palinurum
544 515 683 542 reuera
713 501 844 541 media
875 503 991 541 nocte
1021 502 1205 552 peruenit
1234 502 1337 540 mari
1366 501 1583 551 tranquillo
1615 495 1671 555 (u.
1694 494 1810 555 127).

401 557 510 602 124.
550 561 701 601 Gellius
726 562 747 601 Ι
774 562 846 612 16,
875 563 898 600 2
951 563 990 600 et
1038 574 1084 600 ex
1128 573 1173 599 eo
1215 560 1439 600 Macrobius
1484 561 1641 600 Saturn.
1666 561 1688 600 I
1714 561 1758 610 5,
1785 562 1809 600 6

283 620 306 661 ‘.
329 655 336 662 .
358 653 366 661 .
386 622 567 662 Lucilius
598 623 641 661 in
665 622 785 661 tertio
811 622 1037 671 satyrarum
1064 617 1146 659 “ad
1171 622 1330 672 portam
1357 651 1363 658 .
1385 651 1393 659 .
1416 651 1422 658 .
1450 620 1587 659 exinde
1615 615 1699 674 (sex
1721 620 1813 660 inde

278 677 523 736 Macrobius)
557 681 765 721 Salernum
797 676 1028 734 (salternum
1061 680 1160 720 codd
1191 675 1340 735 Gellii).
1402 680 1524 732 mille,
1561 681 1705 731 inquit,
1741 681 1812 730 est,

279 755 358 781 non
389 742 499 781 mille
531 738 683 781 sunt’'.'
734 741 966 780 Innumeros
998 741 1227 779 criticorum
1258 739 1493 779 emendandi
1524 741 1688 779 conatus
1717 740 1813 779 huic

280 803 415 842 uersui
446 801 608 842 adactos
639 801 775 841 sedulo
806 803 852 840 ut
883 800 1037 840 adsolet
1074 801 1280 839 enumerat
1314 799 1499 839 Hertzius
1531 798 1651 838 Gellii
1674 799 1700 837 1.
1727 812 1756 839 s.
1781 812 1811 839 s.

278 862 334 900 At
364 861 591 900 mirandum
626 862 686 900 est
722 863 938 912 temptasse
975 861 1083 899 uiros
1125 860 1259 899 doctos
1290 862 1449 908 portam
1485 861 1526 898 et
1554 862 1674 908 porta
1711 871 1812 910 quae

279 923 481 961 testantur
511 922 717 972 utriusque
749 921 953 972 scriptoris
985 920 1101 959 codd:
1139 932 1205 959 sex
1235 920 1325 958 inde
1355 918 1578 959 Macrobius
1609 918 1694 970 ipse
1724 931 1813 969 per-

267 994 391 1021 uerse
419 981 578 1031 scripsit
603 981 844 1020 caecuttiens
866 981 990 1019 oculis
1011 980 1075 1019 uel
1095 979 1324 1019 dormitans.
1369 979 1480 1018 Mille
1500 980 1606 1018 enim
1624 990 1812 1029 passuum

277 1054 357 1080 non
389 1042 515 1080 distat
545 1041 737 1092 oppidum
769 1040 819 1079 ab
854 1039 1020 1090 oppido}
1057 1052 1138 1078 una
1169 1030 1458 1078 tantummodo
1475 1038 1654 1078 Marcina
1690 1051 1813 1088 prope

279 1101 488 1140 Salernum
513 1101 646 1152 posita
671 1095 821 1154 (Strab.
840 1100 878 1138 V
908 1113 946 1150 p.
970 1100 1050 1138 251
1067 1093 1187 1153 med.)
1213 1099 1374 1150 poterat
1397 1099 1610 1138 memorari
1635 1111 1659 1137 a
1683 1098 1814 1148 poeta,

279 1161 347 1201 sed
379 1174 427 1200 ne
458 1161 560 1200 hanc
592 1160 753 1211 quidem
783 1160 996 1199 memorari
1027 1159 1214 1198 credibile
1245 1160 1316 1208 est,
1351 1159 1448 1209 quia
1477 1159 1598 1196 remis
1628 1170 1812 1209 promon-

278 1222 428 1260 torium
458 1221 662 1260 Mineruae
694 1221 857 1270 superat
887 1220 1068 1270 petitque
1096 1218 1307 1258 Salernum
1331 1218 1434 1257 mari
1458 1231 1537 1257 non
1562 1219 1670 1257 terra
1694 1218 1814 1268 poeta

279 1295 316 1319 u.
347 1281 442 1320 125.
503 1281 647 1331 Itaque
679 1293 768 1319 cum
799 1294 836 1318 u.
869 1278 1118 1318 antecedenti
1154 1278 1371 1318 uiderimus
1408 1278 1579 1317 transire
1615 1277 1814 1316 Lucilium

280 1341 477 1390 Puteolos,
508 1353 582 1391 par
613 1341 673 1379 est
703 1340 778 1378 hoo
808 1351 925 1378 uersu
956 1352 1048 1378 eum
1079 1338 1223 1378 dixisse
1254 1338 1365 1377 mille
1396 1350 1586 1388 passuum
1617 1349 1701 1376 esse
1737 1337 1815 1376 iter

277 1413 349 1451 per
379 1400 516 1439 urbem
554 1413 578 1439 a
614 1401 732 1451 porta
766 1398 955 1449 Capuana
993 1398 1043 1437 ad
1080 1399 1237 1449 portam
1275 1397 1470 1436 marinam
1508 1392 1600 1451 (τὴν
1636 1394 1735 1436 κατὰ
1770 1394 1813 1435 τὸ

278 1458 468 1513 ἐμπόριον
506 1459 638 1511 πύλην
668 1458 777 1498 FHG
801 1459 843 1498 H
873 1472 910 1509 p.
939 1459 1037 1507 261,
1064 1452 1110 1511 2)
1150 1470 1278 1508 neque
1320 1457 1437 1496 uideo
1482 1456 1678 1507 quomodo
1720 1456 1814 1495 huic

279 1519 603 1571 interpretationi
635 1518 869 1558 aduersetur
901 1519 974 1557 aut
1002 1519 1112 1569 regio
1141 1517 1362 1556 Puteolana
1391 1518 1480 1567 ipsa
1512 1517 1582 1555 aut
1606 1515 1814 1567 Pompeio-

278 1593 369 1618 rum
401 1578 539 1630 oppidi
569 1579 734 1618 minoris
765 1589 972 1617 mensurae
1005 1576 1255 1629 angustiores
1288 1576 1393 1626 quod
1423 1576 1613 1627 oppidum
1643 1575 1814 1614 transire

279 1639 461 1678 solebant
492 1653 517 1678 a
552 1640 672 1689 port-a
702 1638 953 1677 Herculanea
988 1638 1201 1687 intrantes,
1240 1637 1424 1676 exeuntes
1460 1649 1531 1686 per
1569 1634 1812 1675 Stabianam.

280 1699 449 1750 Scripsit
477 1698 604 1751 igitur
632 1699 753 1749 poeta
780 1695 886 1737 ‘inde
911 1697 1098 1737 Puteolos
1129 1697 1345 1736 transimus
1370 1697 1410 1735 et
1432 1695 1612 1735 homines
1638 1696 1679 1735 et
1703 1695 1815 1746 oppi-

279 1759 375 1798 dum
407 1759 513 1809 quod
544 1760 622 1798 iter
656 1760 716 1798 est
751 1758 862 1797 mille
900 1770 1106 1808 passuum,
1144 1769 1233 1796 cum
1270 1758 1387 1808 porta
1419 1754 1610 1807 Capuana
1645 1755 1816 1807 ingressi

281 1819 432 1858 eximus
463 1820 581 1870 porta
611 1819 777 1858 marina.
828 1817 982 1856 Exinde
1014 1817 1232 1856 Salernum.
1284 1815 1559 1867 Supplendum
1591 1815 1651 1854 est
1679 1826 1815 1854 swmus

274 1879 442 1928 profecti
473 1891 552 1929 quo
584 1878 632 1917 de
663 1891 805 1930 genere
837 1877 987 1928 ellipsis
1019 1877 1114 1916 conf
1135 1876 1328 1927 Draegeri
1359 1876 1513 1927 syntax.
1539 1875 1630 1914 hist.
1655 1874 1681 1913 1.
1707 1873 1749 1912 L.
1775 1869 1816 1913 1²

282 1952 318 1989 p.
348 1939 445 1978 200.
496 1937 711 1977 Soluerunt
740 1938 842 1976 mari
872 1937 1091 1986 tranquillo
1118 1937 1356 1987 tempestate
1380 1947 1518 1974 serena
1542 1935 1662 1974 uento
1686 1934 1815 1974 nullo:

280 2011 359 2048 qua
389 1998 439 2037 de
470 2011 512 2037 re
544 1997 634 2036 uide
666 2011 702 2036 u.
732 1997 827 2036 125.

402 2052 510 2098 125.
543 2057 705 2096 Seruius
743 2058 884 2096 auctus
928 2055 980 2094 ad
1016 2055 1214 2095 Aeneidos
1238 2055 1259 2094 I
1286 2055 1371 2093 244
1417 2051 1584 2093 ‘fontem
1627 2066 1814 2104 superare

280 2114 465 2156 Timaui’.
500 2114 711 2167 ‘Superare
730 2117 914 2156 nauticus
933 2128 1061 2156 sermo
1081 2116 1151 2155 est.
1189 2114 1367 2154 Lucilius
1389 2110 1737 2164 “promontorium
1758 2143 1766 2151 .
1782 2142 1790 2152 .
1805 2143 1813 2152 .

279 2173 546 2216 Mineruae''.’
597 2177 784 2216 Soluerat
812 2177 934 2227 poeta
963 2175 1158 2215 Puteolis:
1188 2176 1270 2214 iam
1299 2175 1406 2213 inter
1431 2172 1601 2224 Capreas
1633 2174 1673 2212 et
1703 2185 1815 2212 oram

279 2238 474 2289 nauigans
501 2236 726 2276 Surrentini
746 2236 876 2276 litoris
901 2236 1027 2275 flectit
1049 2235 1254 2274 Mineruae
1278 2234 1604 2285 promontorium,
1628 2231 1671 2272 τὸ
1692 2228 1813 2284 Ἀθή-

280 2311 409 2348 ναιον,
430 2295 452 2336 ὅ
470 2310 574 2344 τινες
585 2299 894 2349 Σειρηνουσσῶν
913 2293 1159 2348 ἀκρωτήριον
1177 2296 1382 2334 καλοῦσιν·
1403 2291 1481 2332 ἔστι
1498 2289 1539 2332 δὲ
1552 2287 1608 2332 ἐπ)
1623 2289 1730 2347 ἄκρῳ
1744 2289 1815 2343 μὲν

276 2352 454 2407 Ἀθηνᾶς
485 2354 605 2408 ἱερόν,
643 2355 789 2409 ἵδρυμα
816 2350 1048 2402 Ὀδυσσέως·
1088 2353 1278 2401 διάπλους
1309 2348 1345 2392 δ’
1386 2350 1550 2392 ἐνθένδε
1580 2349 1728 2404 βραχὺς
1759 2350 1814 2399 εἰς

280 2413 466 2468 Καπρέας
478 2420 604 2467 νῆσον
616 2410 854 2470 (Strab.Vp.
865 2410 982 2469 247).
1005 2413 1171 2453 Confert
1180 2413 1410 2453 Gerlachius
1418 2412 1532 2452 Ouid.
1547 2412 1638 2450 met.
1646 2411 1720 2450 XV
1730 2412 1812 2451 709

283 2473 389 2514 ‘inde
421 2476 521 2526 legit
553 2474 725 2526 Capreas
755 2475 1150 2526 promontoriumque
1180 2469 1411 2512 Mineruae'.
1472 2471 1532 2510 De
1560 2483 1745 2511 mensura
1775 2471 1816 2510 et

281 2535 525 2587 etymologia
573 2535 758 2575 uocabuli
798 2535 1111 2583 promontorium
1152 2532 1243 2572 uide
1283 2531 1327 2571 L.
1346 2532 1583 2571 Muellerum
1614 2530 1650 2570 d.
1682 2544 1712 2569 r.
1743 2524 1815 2569 m.²

280 2609 318 2646 p.
347 2597 443 2634 302.
493 2595 605 2634 Idem
635 2594 713 2633 iter
743 2595 907 2633 nauium
937 2593 1299 2632 Alexandrinarum
1322 2591 1510 2631 Puteolos
1542 2603 1643 2641 quae
1673 2590 1816 2641 petant

281 2654 509 2694 describunt
535 2653 687 2693 Statius
712 2654 800 2694 silu.
820 2654 883 2693 ΠΙ
903 2655 941 2703 2,
963 2654 1016 2692 22
1045 2650 1191 2703 ‘prima
1215 2651 1443 2691 Dicarcheis
1461 2651 1652 2689 Pharium
1678 2649 1814 2702 grauis

280 2714 421 2753 intulit
452 2727 613 2763 annum,
644 2715 776 2765 prima
805 2714 1000 2752 salutauit
1026 2711 1197 2763 Capreas
1229 2714 1270 2751 et
1299 2712 1478 2763 margine
1506 2710 1642 2749 dextro
1668 2709 1816 2760 sparsit
1837 2735 1840 2738 -

282 2774 509 2824 Tyrrhenae
540 2774 758 2813 Mareotica
788 2774 884 2812 uina
914 2769 1131 2812 Mineruae'
1165 2774 1206 2811 et
1237 2770 1385 2811 Seneca
1416 2770 1530 2821 epist.
1559 2770 1627 2818 77,
1654 2770 1678 2808 2
1710 2765 1814 2807 ‘cum

225 2875 230 2878 ,
281 2835 481 2872 intrauere
513 2832 686 2884 Capreas
711 2835 752 2872 et
775 2833 1091 2884 promontorium
1117 2845 1163 2870 ex
1190 2844 1267 2881 quo
1294 2827 1411 2869 “alta
1434 2829 1652 2880 procelloso
1678 2840 1814 2879 specu-

282 2892 390 2931 latur
421 2893 569 2932 uertice
599 2889 765 2932 Pallas”
784 2890 795 2907 '
830 2887 1081 2946 (Baehrensii
1110 2891 1211 2930 FPR
1243 2904 1281 2941 p.
1310 2890 1408 2939 359,
1434 2883 1520 2942 24).
1570 2888 1675 2927 Mari
1703 2888 1813 2926 tran-

282 2952 409 3002 quillo
440 2953 612 2991 malacia
642 2953 843 2990 inuitante
874 2951 1076 2991 Lucilium
1106 2950 1281 2990 Puteolis
1311 2949 1534 3000 profectum
1565 2947 1815 2999 cognoscitur

281 3010 477 3051 uocabulo
507 3012 644 3051 remis:
679 3025 807 3062 neque
837 3012 1035 3062 iniquiore
1066 3012 1226 3062 poetam
1256 3009 1493 3060 tempestate
1523 3009 1662 3059 postea
1697 3019 1813 3046 usum
