2060 3444
262 256 349 298 254
813 250 949 286 XXVII
973 262 1009 286 u.
1037 252 1237 285 699—703.

265 368 414 420 πήματι
455 366 584 419 πάγχυ
634 365 762 411 δαΐζεο
805 362 941 415 θυμὸν
985 361 1098 418 ἀνίῃ,
1143 358 1226 414 μήτ’
1267 360 1396 417 ἐσθλῷ
1440 358 1537 414 μέγα
1577 363 1693 413 χαῖρε.
1742 382 1798 387 --
1871 348 1873 350 .

264 426 495 467 ‘demittunt
552 422 718 464 mentes'
769 424 918 475 Vergil.
957 422 1054 462 Aen.
1093 422 1171 460 XII
1210 423 1314 471 609,
1371 418 1484 460 ‘uicti
1540 420 1800 459 debilitantur
1872 460 1874 463 ,

263 488 493 537 animosque
519 481 749 524 demittunt'
778 483 855 523 Cic.
883 484 930 522 de
955 483 1020 522 fin.
1040 483 1077 520 V
1101 484 1167 520 42.
1218 481 1390 532 Appian.
1417 481 1615 531 prohoem.
1637 492 1721 530 cap.
1745 481 1795 518 11

263 548 310 586 de
341 547 530 586 Romanis
562 543 649 584 οὔτε
681 547 765 591 ταῖς
795 542 1024 596 εὐπραγίαις
1062 540 1312 594 ἐπαιρόμενοι
1343 538 1452 593 μέχρι
1484 539 1653 593 βεβαίως
1684 537 1796 592 ἐκρά-

264 618 400 658 τησαν,
432 603 519 644 οὔτε
551 602 844 655 συστελλόμενοι
875 606 959 650 ταῖς
991 604 1226 654 συμφοραῖς.

387 661 497 705 700.
528 665 682 703 Nonius
704 678 742 715 p.
765 664 863 713 302,
885 664 937 701 23
968 659 1112 711 Terre,
1137 662 1234 712 pati.
1270 692 1276 699 .
1299 692 1305 699 .
1329 691 1335 698 .
1361 660 1540 699 Lucilius
1560 659 1628 698 lib.
1648 658 1801 697 XXVII

266 723 473 764 “ceterum
498 725 686 774 quidquid
711 724 763 762 sit
790 723 885 772 quid
910 735 989 761 non
1015 723 1068 760 sit
1092 723 1172 770 fere
1198 733 1326 770 aequo
1354 720 1486 759 animo
1512 731 1558 758 ac
1583 714 1799 757 fortiter’'.'

263 786 328 825 Ita
364 785 566 823 Leidensis
603 797 653 822 m.
677 785 719 822 1:
756 785 839 832 fero
876 782 908 820 L
934 796 985 820 m.
1008 784 1031 820 2
1050 780 1094 820 G.
1162 781 1349 819 Imitatus
1388 782 1447 819 est
1484 781 1603 829 poeta
1640 790 1800 817 uersum

265 846 402 884 Plauti
440 845 547 883 Trin.
575 845 659 883 994
699 840 878 881 ‘ceterum
915 837 992 896 (ita
1029 840 1282 880 Guilelmius:
1325 840 1393 879 sed
1432 851 1539 878 erum
1580 833 1698 892 codd)
1731 838 1803 888 qui

266 907 331 954 sis,
369 906 439 955 qui
475 917 554 943 non
592 904 664 953 sis,
701 902 866 941 floccum
904 915 981 940 non
1019 900 1234 939 interduim
1271 895 1486 954 (interdum
1517 893 1653 952 codd),
1686 910 1803 948 quem

265 966 399 1003 locum
431 965 514 1002 iam
544 963 760 1002 Muellerus
797 962 926 1001 adfert
956 961 998 1000 in
1028 960 1151 1000 Nonii
1188 960 1371 999 editione.
1433 959 1562 997 Plaut.
1589 957 1690 996 Rud.
1717 958 1800 997 402

268 1021 376 1076 ‘ergo
403 1025 559 1062 animus
585 1034 731 1072 aequus
756 1023 963 1072 optumum
989 1023 1048 1060 est
1074 1033 1284 1059 aerumnae
1310 1015 1632 1058 condimentum’:
1665 1019 1803 1056 contra

269 1084 476 1122 Terentius
507 1082 676 1132 Adelph.
701 1083 755 1120 24
795 1082 1098 1130 aequanimitas,
1139 1091 1259 1128 aequo
1291 1081 1421 1118 am‘mo
1452 1079 1618 1129 passim:
1653 1074 1803 1116 ‘adeste

268 1156 393 1194 aequo
432 1139 579 1181 animo’
618 1141 741 1180 Andr.
769 1142 843 1190 24,
883 1138 1024 1191 ‘aequo
1062 1141 1195 1178 animo
1232 1135 1349 1178 ferre’
1392 1138 1516 1176 Andr.
1545 1138 1648 1187 397,
1682 1133 1804 1187 ‘quod

267 1204 348 1242 fors
380 1203 493 1251 feret,
523 1202 694 1240 feremus
727 1214 852 1250 aequo
884 1197 1031 1239 animo’
1065 1199 1220 1238 Phorm.
1251 1200 1353 1248 138,
1393 1195 1479 1237 ‘uos
1511 1210 1637 1248 aequo
1670 1196 1802 1236 animo

268 1275 396 1313 aequa
438 1274 597 1301 noscere
641 1258 812 1311 oportet’
857 1260 1026 1310 Adelph.
1055 1260 1150 1299 503.
1219 1258 1414 1297 Similiter
1456 1257 1647 1296 Laberius
1693 1257 1747 1295 65
1769 1256 1804 1294 R

271 1320 459 1372 ‘aequum
490 1322 667 1360 animum
692 1320 858 1371 indigna
889 1319 1046 1369 iniquat
1077 1315 1345 1358 contumelia'.

390 1376 499 1421 701.
530 1381 684 1420 Nonius
715 1394 752 1430 p.
775 1381 872 1429 362,
900 1381 954 1418 14
988 1376 1212 1429 ‘Proprium
1242 1391 1399 1416 rursum
1431 1376 1629 1428 significat
1665 1389 1804 1427 perpe-

268 1444 393 1480 tuum.
427 1472 434 1479 .
458 1472 465 1479 .
487 1472 494 1479 .
514 1441 693 1479 Lucilius
712 1440 780 1478 lib.
800 1439 953 1478 XXVII
973 1436 1096 1478 “cum
1116 1439 1240 1477 sciam
1263 1468 1270 1476 .
1293 1469 1299 1476 .
1323 1469 1329 1476 .
1351 1437 1489 1476 datum
1508 1433 1621 1475 est”.'
1671 1436 1804 1475 Verba

268 1501 497 1540 Archilochi
533 1500 606 1538 illa
642 1499 832 1553 γίγνωσκε
874 1494 911 1538 δ’
944 1493 1025 1546 οἷος
1063 1497 1211 1551 ῥυσμὸς
1247 1495 1490 1549 ἀνθρώπους
1514 1494 1606 1548 [ἔχει
1651 1497 1805 1547 spectat

268 1563 405 1612 poeta:
438 1560 608 1599 similem
639 1561 780 1609 postea
811 1559 1049 1597 sententiam
1080 1558 1215 1608 posuit
1245 1558 1313 1596 lib.
1333 1557 1449 1595 XVII
1473 1570 1510 1595 u.
1533 1557 1630 1594 551.

390 1615 499 1660 702.
532 1620 685 1658 Nonius
727 1632 765 1669 p.
794 1620 867 1669 29,
901 1619 954 1657 28
1002 1615 1270 1657 ‘Mediocritas
1313 1617 1487 1655 medium
1515 1646 1521 1654 .
1550 1646 1557 1653 .
1585 1646 1593 1654 .
1628 1615 1805 1654 Lucilius

270 1679 496 1719 lib.XXVII
511 1676 663 1730 “paulo
675 1679 749 1718 hoc
761 1679 902 1717 melius
917 1673 1128 1732 (homelius
1139 1672 1196 1731 L)
1210 1708 1216 1715 .
1230 1708 1237 1715 .
1251 1708 1258 1715 .
1271 1689 1390 1727 quam
1403 1679 1445 1714 ut
1459 1672 1803 1725 opessummum'’.'

271 1740 515 1790 Superlatiui
534 1740 662 1778 forma
681 1738 878 1778 uetustior
896 1738 1013 1776 facile
1033 1737 1262 1789 agnoscitur
1280 1737 1322 1775 in
1348 1736 1582 1786 corruptela.
1630 1735 1805 1774 Verbum

271 1799 565 1839 substantiuum
608 1799 668 1837 bis
714 1799 847 1837 omitti
885 1799 1191 1837 consentaneum
1229 1799 1305 1847 est,
1350 1809 1438 1835 cum
1482 1808 1699 1847 pronomen
1737 1795 1806 1833 hoc

269 1860 330 1898 bis
368 1860 420 1897 sit
457 1859 686 1898 subiectum.
747 1858 843 1897 Noli
880 1858 1018 1896 tollere
1056 1860 1115 1896 ut:
1157 1857 1354 1895 sententia
1384 1857 1517 1906 potest
1548 1867 1630 1894 esse
1661 1856 1805 1905 imper-

273 1920 378 1957 fecta
422 1931 542 1969 quam
579 1919 654 1956 hoc
696 1917 813 1956 modo
858 1917 1060 1967 suppleas:
1105 1913 1193 1955 ‘hoc
1235 1917 1366 1954 minus
1406 1916 1555 1955 malum
1599 1928 1719 1965 quam
1761 1915 1807 1953 ut

270 1991 498 2029 pessumum
541 1977 716 2016 omnium
760 1977 868 2015 dicas
910 1973 1135 2015 malorum’.
1204 1970 1301 2029 (Cic.
1334 1975 1446 2013 Brut.
1482 1976 1536 2014 70
1575 1973 1683 2013 Orat.
1718 1969 1805 2028 41.)

396 2032 504 2076 703.
535 2037 688 2075 Nonius
727 2050 763 2086 p.
787 2038 855 2085 21,
881 2037 907 2074 4
954 2033 1146 2074 ‘Cernuus
1190 2035 1336 2073 dicitur
1378 2035 1537 2084 proprie
1580 2035 1807 2084 inclinatus,

273 2098 389 2147 quasi
432 2096 536 2146 quod
578 2098 726 2134 terram
769 2097 913 2134 cernat.
960 2126 966 2133 .
996 2126 1002 2133 .
1032 2126 1038 2132 .
1071 2095 1248 2134 Lucilius
1292 2096 1517 2144 satyrarum
1560 2093 1627 2132 lib.
1653 2093 1807 2132 XXVII

275 2154 422 2195 “modo
454 2187 462 2195 .
485 2187 491 2194 .
514 2187 521 2194 .
548 2157 653 2195 colus
690 2152 882 2194 cernui''.'
945 2155 1055 2193 Idem
1092 2169 1129 2206 p.
1152 2156 1249 2204 200,
1277 2155 1330 2193 18
1371 2151 1541 2192 ‘Collum
1578 2154 1711 2192 neutri
1747 2154 1807 2192 est

274 2216 438 2268 generis.
472 2246 479 2253 .
509 2246 516 2253 .
544 2246 552 2254 .
585 2216 708 2254 collus
750 2215 968 2254 masculino
1002 2245 1009 2253 .
1038 2246 1045 2253 .
1074 2245 1081 2253 .
1119 2215 1223 2253 idem
1264 2214 1330 2252 lib.
1357 2213 1514 2252 XXVII·
1554 2209 1701 2252 “modo

274 2277 397 2315 collus
423 2271 606 2314 eermts''.’
658 2274 890 2314 Notandum
917 2274 1021 2324 quod
1042 2275 1116 2313 hoc
1135 2275 1221 2313 loco
1242 2274 1347 2324 apud
1366 2273 1539 2312 Nonium
1566 2273 1634 2312 lib.
1654 2272 1807 2311 XXVII

274 2335 419 2374 Lucilii
456 2335 600 2373 diserte
637 2334 782 2373 dicitur
820 2336 1062 2385 satyrarum,
1102 2334 1207 2384 quod
1245 2333 1341 2372 alibi
1380 2334 1550 2372 occurrit
1592 2345 1806 2384 nusquam:

274 2395 365 2434 uide
396 2395 572 2446 prolegg.
598 2408 635 2445 p.
660 2393 915 2432 LXXXVHI.
983 2395 1042 2432 De
1072 2395 1185 2433 modo
1221 2394 1347 2432 altero
1384 2395 1516 2444 posito
1558 2406 1631 2444 pro
1674 2392 1806 2432 iambo

273 2454 550 2494 Lachmannus
589 2455 671 2506 egit
706 2455 749 2492 in
784 2454 939 2493 Lucret.
973 2455 1179 2493 comment.
1205 2467 1243 2504 p.
1272 2454 1367 2492 140.
1409 2454 1512 2492 141:
1554 2453 1647 2492 conf
1680 2452 1806 2492 Lucil.

274 2514 374 2553 VIII
397 2528 435 2552 u.
458 2515 541 2553 298
573 2514 672 2552 XH]
696 2527 733 2552 u.
755 2514 852 2552 448.
917 2513 1094 2553 Cernuus
1132 2513 1228 2564 quid
1265 2514 1318 2552 sit
1357 2513 1464 2563 apud
1494 2513 1712 2563 Lucilium,
1744 2526 1807 2551 ex-

275 2575 477 2625 posuimus
516 2573 566 2613 ad
601 2574 663 2626 HI
694 2587 730 2611 u.
761 2575 855 2612 129.
919 2572 1004 2618 Quo
1040 2574 1127 2612 loco
1166 2586 1254 2612 cum
1291 2584 1447 2612 soccum
1487 2572 1703 2624 significari
1733 2572 1808 2611 hoc

275 2634 468 2673 uocabulo
511 2633 838 2682 intellexerimus,
888 2633 1024 2671 eodem
1073 2633 1189 2672 modo
1229 2633 1304 2672 hoc
1346 2645 1464 2672 uersu
1507 2633 1626 2671 cousus
1675 2633 1808 2671 cernui

275 2694 533 2744 intellegatur
563 2693 611 2732 de
642 2704 766 2742 socco,
797 2691 907 2731 cuius
939 2693 1062 2732 collus
1095 2692 1302 2744 angustior
1325 2693 1442 2732 modo
1469 2705 1624 2731 sursum
1650 2692 1809 2731 ducitur

278 2766 366 2791 cum
397 2753 529 2792 induis
562 2764 734 2802 soccum,
768 2752 884 2791 modo
917 2753 1098 2792 deorsum
1130 2766 1220 2792 cum
1251 2753 1376 2791 exuis:
1415 2752 1561 2805 collum
1592 2752 1807 2803 amphorae

226 2827 232 2831 ’
278 2814 498 2863 appellauit
530 2811 628 2851 Cato
661 2812 708 2851 de
740 2825 821 2863 agr.
854 2813 947 2851 cult.
976 2813 1050 2862 88,
1079 2815 1099 2850 1
1134 2812 1301 2851 Phaedr.
1321 2813 1342 2851 Ι
1368 2813 1442 2862 26,
1470 2813 1525 2852 10
1559 2809 1677 2862 ‘quae
1716 2824 1807 2851 cum

277 2872 445 2923 lagonae
470 2873 614 2911 collum
639 2872 787 2910 frustra
812 2869 1019 2911 lamberet'
1053 2872 1133 2910 alii.
1197 2871 1282 2918 Quo
1314 2873 1514 2922 pertineat
1550 2872 1808 2923 comparatio,

278 2943 356 2969 non
404 2933 532 2981 patet:
583 2933 791 2983 suspiceris
841 2932 1024 2971 fortunae
1073 2932 1365 2971 uicissitudines
1416 2933 1456 2970 et
1498 2933 1808 2971 inconstantiam

278 2992 459 3041 spectari.
