2060 3444
836 307 905 344 XV
929 319 964 343 u.
993 310 1193 343 501—503.
1706 306 1789 349 187

244 425 448 475 potionem
481 423 540 462 ita
571 423 757 463 uocatam
789 434 873 462 esse
905 421 1012 472 quod
1044 422 1154 474 galla
1185 434 1287 472 quae
1319 421 1434 473 κηκίς
1465 421 1613 461 Graece
1644 421 1793 461 dicitur

243 484 514 524 acidissimum
544 483 666 523 habet
697 495 891 534 saporem.
942 482 1108 522 Praeter
1132 483 1273 521 uinum
1299 482 1380 522 uile
1405 485 1651 521 memoratur
1675 482 1791 534 panis

242 543 424 585 sordidus
467 546 514 583 ut
557 557 620 595 ap.
647 542 746 583 Gen.
772 543 831 582 XI
859 544 895 594 7,
924 544 948 582 3
993 539 1120 594 ‘inopi
1166 542 1363 593 quendam
1410 543 1634 593 miseroque
1679 543 1792 582 uictu

242 604 378 644 uiuere
410 606 452 644 et
482 604 705 644 furfureum
736 616 881 655 panem
913 604 1057 643 esitare
1089 604 1309 653 uinumque
1342 604 1524 642 eructum
1555 604 1596 642 et
1621 602 1790 642 fetidum

242 661 410 716 potare'.
479 665 619 715 Neque
657 664 783 717 igitur
819 663 984 715 probem
1022 663 1129 715 quod
1166 663 1446 703 Lachmannus
1484 663 1547 702 far
1588 676 1792 703 acerosum

242 725 290 765 de
321 725 433 777 pulte
464 726 666 777 intellegit
697 738 818 776 quam
850 724 1023 764 comedit
1052 724 1152 764 bene
1184 725 1338 763 coctam
1371 724 1503 775 quiuis
1534 725 1651 774 pater
1675 723 1790 763 fami-

241 786 336 835 lias,
375 785 444 825 sed
475 785 628 826 duobus
660 787 706 827 ut
737 798 855 836 saepe
887 785 1095 824 uocabulis
1128 785 1295 824 eandem
1331 798 1416 824 rem
1454 785 1634 835 appellat
1671 787 1792 835 poeta

243 841 356 900 (uide
381 845 500 885 indic.
526 859 693 898 gramm.
720 859 748 886 s.
774 859 814 885 u.
840 839 1143 899 hendiadyoin).
1193 845 1364 884 Versum
1390 845 1563 884 alterum
1589 858 1791 884 correxere

242 906 414 947 editores
444 906 550 946 hunc
586 908 630 945 in
666 906 828 946 modum
865 906 1039 957 priorem
1077 906 1179 944 nihil
1217 907 1418 946 mutantes
1458 903 1580 945 ‘farre
1618 918 1792 954 aceroso,

242 967 329 1007 oleo
373 967 610 1017 decumano,
653 980 757 1018 pane
801 964 946 1019 coegit'
992 967 1071 1006 nisi
1118 966 1224 1017 quod
1267 966 1547 1006 Lachmannus
1593 967 1663 1016 qui
1712 967 1792 1005 oleo

242 1029 425 1079 ineptum
457 1040 541 1068 esse
572 1027 688 1078 uidit,
720 1027 881 1078 scripsit
911 1028 1047 1066 oleris:
1077 1039 1215 1067 uocem
1241 1038 1407 1067 cumano
1432 1028 1538 1066 recte
1564 1028 1610 1066 ut
1635 1027 1791 1066 librarii

241 1088 385 1127 mendo
411 1089 550 1130 natam
574 1089 784 1128 eiecerunt.
833 1088 1130 1139 Interpretatur
1148 1088 1303 1128 Nonius
1323 1088 1349 1126 l.
1370 1100 1399 1127 s.
1426 1100 1565 1127 uocem
1591 1099 1793 1127 acerosum

242 1149 304 1188 his
342 1147 492 1188 uerbis:
533 1145 765 1188 ‘Acerosum
803 1161 975 1200 namque
1012 1161 1158 1199 panem
1195 1148 1301 1188 farre
1338 1148 1471 1187 minus
1509 1149 1682 1199 purgato
1719 1161 1792 1187 nec

243 1208 425 1249 sordibus
464 1222 488 1248 a
529 1209 698 1248 candido
743 1210 939 1260 separatis
983 1209 1194 1248 dicendum
1238 1210 1394 1248 ueteres
1438 1210 1718 1259 putauerunt.
1748 1240 1755 1247 .
1784 1240 1790 1247 .

242 1269 361 1308 Hunc
380 1267 522 1309 Graeci
541 1268 770 1322 αὐτόπυρον
790 1266 951 1309 uocant'
975 1263 1094 1323 (Cels.
1115 1269 1157 1308 H
1179 1271 1232 1309 18
1260 1283 1297 1321 p.
1321 1270 1389 1319 65,
1418 1269 1499 1309 11).
1519 1269 1680 1309 Petron.
1703 1262 1790 1321 66).

242 1330 362 1369 Panis
382 1330 578 1370 eiusmodi
596 1330 744 1369 dicitur
762 1330 944 1370 sordidus
965 1326 1117 1384 (Plaut.
1131 1329 1243 1369 Asin.
1267 1331 1349 1368 142
1371 1329 1549 1383 ῥυπαρός
1569 1328 1713 1368 Athen.
1734 1329 1791 1368 VI

242 1404 280 1441 p.
308 1391 393 1429 246
407 1388 460 1441 Α)
493 1390 558 1429 uel
590 1388 857 1443 αὐτοπυρίτης
888 1390 1033 1429 Athen.
1059 1390 1122 1429 III
1147 1405 1184 1442 p.
1215 1391 1341 1430 110E
1375 1390 1440 1430 cui
1471 1391 1694 1429 contrarius
1733 1392 1793 1429 est

241 1449 436 1503 καθαρός,
467 1451 672 1500 candidus,
699 1451 892 1490 mundus:
925 1451 1039 1490 Teles
1066 1465 1102 1502 p.
1132 1452 1200 1499 30,
1228 1452 1252 1490 3
1271 1451 1419 1490 Hensei
1445 1448 1528 1490 τότε
1555 1447 1627 1501 μὲν
1651 1448 1726 1503 γὰρ
1752 1448 1791 1497 ἐξ

241 1508 419 1563 ἀνάγκης
457 1509 535 1550 ἔδει
573 1509 762 1562 ὑπόδημα
799 1510 900 1563 ἔχειν
936 1509 1002 1550 καὶ
1040 1515 1155 1550 τοῦτο
1197 1508 1414 1550 ἀκάττυτον
1440 1540 1449 1549 .
1471 1540 1508 1550 ..
1537 1509 1643 1558 ὅπως
1681 1508 1793 1563 ἄρτοι

242 1570 430 1623 καθαροί,
456 1568 562 1621 ὄψον
582 1569 636 1622 μὴ
657 1570 699 1611 τὸ
725 1570 857 1623 τυχόν,
883 1566 994 1619 οἶνος
1017 1567 1127 1622 ἡδύς.
1181 1570 1295 1617 Quod
1320 1570 1480 1610 restitui
1506 1572 1599 1610 oleis
1625 1570 1694 1609 ubi
1720 1572 1792 1610 olei

242 1630 343 1670 codd
377 1628 499 1682 (stud.
525 1630 652 1670 Lucil.
679 1644 716 1681 p.
747 1625 840 1684 19),
872 1628 979 1679 ὄψον
1011 1632 1072 1670 est
1102 1629 1144 1671 τὸ
1176 1630 1295 1683 τυχόν
1327 1633 1367 1670 et
1397 1631 1585 1671 uilissimi
1617 1632 1791 1683 generis:

244 1690 395 1741 Colloq.
427 1691 580 1730 Monac.
609 1690 711 1731 GGL
737 1691 800 1730 III
832 1705 869 1741 p.
898 1692 982 1730 646
999 1693 1095 1730 extr.
1150 1688 1318 1742 ‘accipio
1368 1704 1514 1742 panem
1563 1691 1790 1741 candidum,

243 1751 384 1800 oliuas,
422 1747 597 1791 caseum'
624 1765 655 1791 e.
683 1765 719 1802 q.
746 1764 775 1790 s.
826 1751 1037 1792 Poliochos
1064 1750 1167 1791 GAF
1191 1751 1253 1790 ΙΠ
1284 1765 1322 1802 p.
1352 1752 1450 1801 390,
1479 1752 1555 1791 21<
1594 1754 1790 1805 μελαγχρῆ

244 1811 370 1862 μᾶζαν
403 1809 665 1864 ἠχυρωμένην
696 1810 877 1864 ἑκάτερος
906 1808 1019 1863 ἡμῶν
1044 1806 1119 1864 εἶχε
1141 1843 1149 1851 .
1170 1843 1178 1850 .
1202 1842 1209 1850 .
1230 1811 1382 1863 θλαστή
1408 1807 1436 1851 τ’
1464 1810 1558 1852 ἐλάα
1590 1810 1655 1851 καὶ
1685 1815 1792 1852 πιεῖν

244 1869 424 1923 οἰνάριον
476 1865 526 1923 ἦν
577 1869 816 1924 ἀμφίβολον.
885 1871 992 1911 Plut.
1031 1871 1079 1911 de
1117 1874 1276 1923 tranqu.
1315 1885 1378 1911 an.
1418 1886 1455 1923 p.
1483 1872 1620 1911 466D
1660 1869 1680 1911 ὅ
1718 1870 1792 1925 γὰρ

242 1928 356 1983 ἐχθὲς
388 1925 446 1987 ᾦὰ
477 1929 543 1970 καὶ
574 1929 723 1983 ἀμύλια
758 1930 824 1971 καὶ
850 1931 1059 1983 σητάνειον
1084 1929 1204 1985 ἄρτον
1231 1931 1448 1984 διαπτύων,
1480 1932 1650 1985 τήμερον
1675 1930 1791 1972 αύτό-

244 2004 374 2044 πυρον
412 1986 474 2030 ἐπ’
515 1989 662 2040 ἐλαίαις
694 1989 720 2044 ἢ
751 1992 965 2044 καρδαμίδι
996 1995 1154 2032 σιτεῖται
1185 1994 1415 2045 προσφιλῶς
1446 1991 1512 2032 καὶ
1549 1991 1789 2045 προθύμωςτ

243 2051 339 2090 conf
359 2051 407 2091 de
433 2053 550 2092 sanit.
571 2066 608 2103 p.
631 2052 759 2093 12514Ἶ
779 2052 875 2092 Hor.
897 2066 1010 2092 serm.
1031 2053 1073 2092 H
1094 2054 1132 2102 2,
1156 2054 1223 2092 46.
1253 2054 1320 2092 57.
1352 2053 1468 2105 Diog.
1489 2052 1621 2093 Laert.
1642 2053 1683 2092 II
1706 2055 1789 2093 129

242 2111 420 2162 Alciphr.
448 2112 467 2150 I
494 2115 546 2152 21
590 2111 674 2151 Cat.
707 2113 756 2152 de
789 2127 871 2165 agr.
905 2113 998 2152 cult.
1028 2114 1082 2152 57
1131 2110 1284 2152 ‘uinum
1325 2113 1506 2153 familiae
1538 2143 1545 2151 .
1582 2145 1588 2152 .
1624 2145 1630 2151 .
1662 2114 1789 2153 loram

244 2171 386 2211 bibant
426 2185 577 2212 menses
622 2170 717 2212 tres'
747 2174 802 2212 58
843 2170 1196 2224 ‘pulmentarium
1217 2173 1405 2213 familiae.
1463 2174 1573 2212 oleae
1618 2174 1790 2214 caducae

245 2244 365 2282 quam
390 2232 608 2282 plurimum
635 2233 806 2272 condito.
851 2235 992 2284 postea
1018 2234 1125 2273 oleas
1151 2233 1424 2284 tempestiuas,
1451 2234 1555 2273 unde
1582 2234 1791 2274 minimum

244 2292 323 2331 olei
349 2292 434 2331 fieri
460 2294 622 2343 poterit,
648 2305 714 2333 eas
731 2291 928 2333 condito&
980 2294 1198 2332 decumano
1218 2307 1333 2345 pane,
1354 2294 1499 2333 Athen.
1520 2294 1582 2333 ΙΙΙ
1601 2308 1637 2344 p.
1662 2294 1789 2333 1101)

245 2350 416 2391 Πλάτων
454 2349 496 2391 δὲ
539 2350 560 2392 ὅ
605 2351 906 2409 κωμῳδιοποιὸς
948 2351 992 2392 ἐν
1031 2352 1162 2393 Νυκτὶ
1206 2357 1336 2409 μακρᾷ
1375 2349 1498 2407 (GAF
1522 2354 1543 2393 I
1568 2368 1605 2404 p.
1635 2355 1719 2394 624
1734 2349 1790 2406 Κ)

244 2410 336 2458 τοὺς
374 2411 567 2464 μεγάλους
607 2410 751 2463 ἄρτους
788 2411 855 2452 καὶ
893 2412 1098 2466 ῥυπαροὺς
1129 2413 1337 2461 Κιλικίους
1374 2411 1558 2465 ὀνομάζει
1596 2412 1663 2453 διὰ
1699 2413 1790 2453 τού-

245 2480 342 2510 των·
374 2465 471 2510 κᾶθ’
505 2465 600 2523 ἧκεν
631 2470 775 2524 ἄρτους
805 2473 1020 2526 πριάμενος
1053 2472 1107 2526 μὴ
1134 2479 1212 2513 τῶν
1237 2473 1517 2526 καθαρύλλων,
1549 2471 1647 2513 ἀλλὰ
1673 2473 1789 2526 μεγά-

243 2532 337 2579 λους
375 2531 594 2580 Κιλικίους.
662 2531 804 2585 Coegit
839 2534 1067 2574 istiusmodi
1104 2534 1203 2574 cibis
1241 2534 1301 2573 uti
1346 2535 1417 2573 aut
1459 2536 1676 2585 paupertas
1720 2536 1792 2573 aut

246 2591 388 2630 fames:
433 2591 481 2630 de
524 2592 764 2634 decumanus
811 2593 1010 2634 adiectiuo
1061 2594 1152 2634 uide
1203 2589 1261 2648 ad}
1298 2594 1434 2634 incert.
1473 2608 1510 2633 u.
1553 2595 1668 2635 1150
1682 2607 1789 2645 seqq.

367 2705 478 2751 503.
510 2711 664 2752 Nonius
696 2727 742 2752 ex
774 2716 1034 2765 grammatico
1067 2729 1104 2765 p.
1133 2715 1231 2763 447,
1261 2716 1283 2753 7
1319 2711 1582 2766 ‘Ergastilum
1614 2716 1654 2753 et
1679 2728 1789 2766 erga-

245 2770 361 2810 stilus
398 2772 444 2809 ut
481 2785 622 2823 genere
660 2773 719 2812 ita
756 2773 1024 2813 intellectibus
1062 2774 1268 2814 differunt:
1309 2787 1403 2813 nam
1441 2776 1582 2814 neutro
1621 2775 1789 2814 carceris

244 2830 354 2870 locus
386 2832 457 2880 est,
488 2832 707 2871 masculino
739 2834 871 2872 custos
902 2834 1082 2884 poenalis
1113 2835 1202 2873 loci.
1264 2833 1441 2874 Lucilius
1472 2834 1540 2873 lib.
1567 2834 1641 2872 XV
1678 2831 1789 2873 “non

245 2891 459 2942 ergastilus
490 2888 637 2931 unus”.
688 2894 728 2931 et
758 2893 861 2932 alius
895 2889 1097 2932 “iudicem
1130 2888 1312 2946 (indicem
1343 2894 1373 2932 Ι.
1396 2888 1550 2947 Dousa)
1590 2893 1788 2944 adposuit,

245 2951 291 2988 ut
322 2963 438 2990 nemo
469 2952 708 2991 sententiam
739 2952 874 2998 libere,
908 2953 1021 3003 quasi
1054 2953 1285 3004 ergastilus,
1321 2954 1448 3004 possit
1487 2950 1678 2992 dicere”.’
1730 2954 1790 2993 ita

245 3010 344 3049 haec
381 3010 564 3050 distinxit
593 3011 625 3050 I.
645 3011 805 3063 Lipsius
844 3013 914 3062 qui
950 3014 1055 3052 recte
1092 3012 1245 3052 iudicat
1282 3007 1412 3066 (elect.
1438 3013 1506 3052 lib.
1531 3013 1574 3052 Π
1598 3026 1683 3065 cap.
1714 3008 1788 3067 15)

246 3070 491 3122 ergastulum
523 3083 606 3111 esse
637 3072 771 3124 ipsum
802 3085 975 3122 seruum,
1007 3086 1086 3112 non
1118 3073 1333 3114 custodem.
1390 3073 1486 3116 Esse
1518 3073 1678 3114 uidetur
1709 3086 1788 3113 ser-
