2060 3444
890 274 941 310 111
967 286 1002 311 u.
1032 278 1231 311 114—117.
1767 274 1825 318 55

279 389 314 429 si
349 388 643 429 hemistichium
676 388 849 429 Charisii
881 390 1146 441 comparatur.
1208 388 1315 429 Nam
1353 391 1394 429 et
1430 389 1543 430 deest
1579 389 1680 428 illud
1717 389 1826 439 lonye

279 451 320 490 et
343 449 474 489 deleto
501 451 555 488 est
579 450 651 489 aut
673 450 808 489 uerbis
833 451 1090 501 transpositis
1114 450 1318 502 legitimus
1344 451 1427 489 exit
1455 450 1600 489 herous
1625 449 1691 488 hic
1713 446 1824 489 ‘Vul-

278 511 419 550 turnus
451 508 590 560 Capua
621 511 775 550 eminus
813 513 874 550 est
909 511 990 550 tria
1026 510 1156 550 millia
1187 507 1376 561 passum’.
1438 509 1496 549 At
1525 509 1733 561 probabile
1765 512 1826 550 est

277 570 476 610 Lucilium
513 570 584 610 illo
621 570 874 611 hemistichio
911 583 1094 611 narrasse
1131 582 1216 610 sese
1255 569 1431 610 Casilino
1477 569 1656 621 Capuam
1699 582 1825 621 usque

277 630 340 670 111
370 631 484 670 milia
514 643 705 681 passuum
735 632 854 684 longe
885 633 1047 671 uectum
1078 643 1162 671 esse
1193 631 1262 670 uia
1292 629 1445 681 Appia:
1481 630 1594 670 abest
1625 632 1729 670 enim
1761 632 1826 671 tot

276 691 391 731 milia
423 690 643 730 Casilinum
675 691 998 738 adsVulturnum
1028 691 1152 732 situm
1179 690 1317 741 Capua
1341 690 1457 730 urbe:
1484 691 1580 730 conf
1599 690 1823 731 Huelsenus

275 750 318 790 in
349 750 495 802 Paulyi
526 751 748 791 Wissowae
781 753 981 803 encyclop.
1008 764 1037 792 s.
1057 766 1095 790 u.
1127 750 1262 803 Appia
1293 750 1372 790 uia.

400 806 509 853 115.
540 811 697 852 Nonius
734 826 772 864 p.
801 813 906 862 396,
940 813 993 852 12
1029 809 1210 851 ‘Sumere
1255 811 1378 850 etiam
1422 810 1623 863 significat
1666 810 1822 863 eligere.

275 871 453 913 Lucilius
497 873 724 923 satyrarum
766 872 835 912 lib.
864 872 927 912 ΠΙ
966 869 1039 912 “et
1071 903 1078 911 .
1106 903 1114 910 .
1142 902 1150 911 .
1190 868 1451 912 sumemus''.'
1520 872 1675 921 corpori
1717 872 1824 911 reete

274 932 429 972 Dousa:
467 932 481 971 i
513 933 612 973 elisa
650 935 697 973 ut
734 932 865 984 asperi
895 947 932 972 u.
956 934 1060 983 1133
1099 932 1194 972 conf
1220 931 1350 972 Plaut.
1373 931 1496 971 Stich.
1519 933 1575 971 70
1609 928 1823 971 ‘exorando

273 992 382 1032 haud
435 992 684 1033 aduersando
736 993 968 1033 sumendam
1024 1006 1187 1044 operam
1242 989 1410 1032 censeo'.
1499 990 1678 1043 Capuam
1734 1004 1824 1031 cum

275 1053 520 1103 aduenisset,
557 1053 616 1092 ibi
654 1055 817 1105 poetam
855 1054 1010 1104 aliquot
1050 1053 1134 1093 dies
1165 1053 1359 1093 mansisse
1390 1053 1459 1092 ubi
1492 1065 1634 1104 corpus
1666 1053 1824 1092 curaret

274 1113 481 1165 probabile
512 1115 573 1153 est
603 1114 660 1154 eis
693 1127 794 1164 quae
826 1113 1050 1166 Porphyrio
1082 1114 1205 1154 refert
1236 1108 1332 1168 (96)
1366 1114 1408 1153 et
1439 1126 1541 1164 quae
1568 1114 1822 1165 exposuimus

274 1173 325 1213 ad
356 1188 394 1212 ιι.
418 1175 514 1213 117.
552 1195 613 1201 -
642 1171 873 1228 honestum]
905 1175 1136 1226 pulchrum,
1172 1187 1381 1226 magnum,
1417 1173 1585 1224 bonum,
1625 1174 1822 1225 amplum:

272 1233 366 1274 uide
398 1234 449 1274 ad
478 1248 516 1273 u.
536 1235 674 1274 incert.
694 1248 732 1274 u.
756 1235 883 1275 1161.

396 1288 506 1335 117.
538 1294 693 1335 Nonius
724 1309 764 1346 p,
790 1295 859 1347 25,
886 1297 940 1335 27
977 1291 1142 1335 ‘Bronci
1173 1296 1269 1335 sunt
1298 1294 1493 1345 producto
1526 1307 1593 1334 ore
1625 1295 1666 1334 et
1693 1293 1822 1334 denti-

272 1355 345 1394 bus
383 1355 733 1406 prominentibus„
783 1355 963 1396 Lucilius
1008 1356 1237 1407 satyrarum
1274 1354 1342 1394 lib.
1368 1354 1432 1394 ΙΠ
1470 1351 1670 1395 “broncus
1712 1356 1823 1394 nouit

273 1416 391 1455 lanus
423 1447 431 1454 .
465 1447 473 1454 .
507 1447 515 1454 .
546 1413 808 1456 rinoceros''.'
884 1415 1111 1456 Priscianus
1150 1415 1218 1455 GL
1243 1416 1286 1455 H
1315 1429 1354 1466 p.
1382 1417 1480 1466 217,
1509 1415 1583 1456 8Κ
1626 1412 1821 1454 ‘Lucilius

270 1476 314 1514 in
332 1475 416 1515 m]
440 1474 664 1528 Aethiopus
690 1476 792 1516 dixit
815 1490 888 1528 pro
907 1476 1116 1528 Aethiops,
1144 1473 1378 1516 “rinocerus
1404 1476 1517 1515 uelut
1535 1472 1819 1527 Aethiopus''.'

273 1532 410 1576 ‘Recte
452 1536 551 1576 haec
596 1538 803 1577 coniunxit
845 1538 910 1576 Fr.
941 1537 1090 1577 Dousa.
1165 1537 1258 1576 hinc
1307 1536 1504 1576 Horatius
1554 1535 1668 1575 duxit
1716 1535 1820 1575 illud

272 1592 406 1649 [serm.
431 1597 453 1636 Ι
479 1597 518 1646 5,
545 1593 621 1650 56]
654 1599 742 1646 equi
773 1601 807 1637 te
837 1598 939 1637 Esse
975 1598 1054 1646 feri
1089 1597 1257 1636 similem
1294 1597 1390 1636 dico.
1452 1596 1661 1636 Bronchus
1699 1595 1820 1635 Grae-

272 1669 362 1695 cum
406 1658 479 1706 est,
521 1658 672 1709 guttur.
746 1658 990 1697 Bouillwnus
1033 1658 1191 1709 egregie
1236 1656 1444 1696 Turnebus
1488 1656 1531 1694 in
1578 1655 1820 1696 aduersariis

270 1717 388 1756 XVII
415 1714 499 1755 24’.
546 1717 656 1756 Haec
675 1716 974 1758 Lachmannus:
1001 1730 1119 1768 quem
1143 1717 1186 1756 id
1211 1718 1318 1756 recte
1344 1717 1535 1757 statuisse
1561 1716 1820 1756 statuendum

271 1778 349 1816 erit
386 1778 458 1816 aut
494 1789 719 1817 scurrarum
758 1779 829 1817 aut
866 1777 973 1828 quod
1010 1777 1258 1829 probabilius
1303 1777 1574 1830 gladiatorum
1618 1778 1819 1816 certamen

271 1837 557 1877 maledicorum
576 1838 707 1877 simile
720 1838 938 1878 Horatiani
955 1838 1066 1878 illius
1087 1838 1135 1877 de
1152 1851 1231 1888 quo
1245 1850 1372 1888 nuper
1386 1837 1470 1889 egit
1488 1837 1536 1876 A.
1550 1835 1818 1877 Dieterichius

270 1896 496 1938 Pulcinella
525 1911 564 1949 p.
593 1899 660 1938 94.
689 1898 774 1938 237
812 1910 995 1938 narrasse
1032 1897 1234 1938 Lucilium
1275 1898 1351 1937 hoc
1390 1897 1511 1937 libro:
1555 1897 1727 1938 similem
1770 1897 1819 1936 de

270 1958 346 1997 hoc
376 1958 601 2010 fragmento
633 1958 852 2011 Vargesius
888 1959 1115 2010 protulerat
1152 1959 1393 1998 sententiam
1430 1957 1478 1997 de
1509 1956 1636 1997 Lucil.
1661 1957 1731 1997 lib.
1756 1958 1819 1997 III

269 2032 308 2069 p.
338 2019 374 2057 7.
426 2017 504 2057 Sed
534 2019 641 2057 recte
673 2018 923 2059 coniunxisse
954 2018 1133 2059 Dousam
1164 2019 1239 2058 hoc
1269 2019 1393 2058 Nonii
1424 2018 1696 2070 fragmentum
1728 2031 1819 2057 eum

269 2078 341 2118 illo
378 2078 574 2118 Prisciani
611 2091 728 2131 aegre
768 2079 916 2119 credas.
985 2079 1091 2119 Nam
1129 2080 1170 2118 et
1211 2079 1346 2129 potuit
1387 2078 1450 2118 bis
1487 2077 1667 2118 Lucilius
1710 2079 1818 2118 rino-

270 2139 443 2178 cerotem
479 2151 700 2178 memorare
737 2141 778 2178 et
814 2140 858 2179 in
895 2139 1020 2179 simili
1057 2139 1126 2190 qui
1162 2139 1262 2179 item
1298 2138 1482 2179 conuicia
1519 2138 1597 2178 sibi
1632 2138 1820 2191 ingerant

269 2198 540 2251 gladiatorum
583 2200 800 2239 certamine
843 2199 939 2239 libri
962 2200 1022 2239 IV
1061 2194 1116 2254 (u.
1147 2199 1231 2240 153
1244 2193 1372 2254 seqq.)
1417 2199 1552 2250 potuit
1595 2211 1689 2239 sane
1735 2211 1818 2239 esse

269 2259 380 2299 locus
410 2259 522 2299 illius
554 2259 782 2312 fragmenti.
835 2258 946 2300 Codd
968 2259 1166 2300 Prisciani
1198 2259 1368 2310 denique
1400 2272 1536 2299 omnes
1560 2259 1709 2299 librum
1734 2260 1818 2299 ΙΙΠ

269 2320 487 2359 testantur:
528 2332 622 2358 nam
660 2320 766 2370 quod
796 2320 836 2359 L
866 2320 1023 2359 Hertzii
1054 2320 1152 2370 VH,
1182 2321 1228 2358 K
1248 2320 1370 2359 VIIII
1407 2319 1601 2371 praebent
1638 2320 1731 2369 soli,
1759 2319 1817 2363 *hi

269 2380 426 2418 numeri
470 2379 667 2430 quomodo
710 2381 799 2420 nati
836 2381 918 2421 sint
955 2393 1002 2420 ex
1026 2380 1111 2420 IHI
1147 2388 1228 2419 non
1265 2380 1428 2419 difficile
1466 2381 1527 2420 est
1570 2392 1815 2432 cognoscere.

269 2439 414 2490 Itaque
451 2452 523 2479 suo
559 2441 646 2479 iure
684 2441 831 2481 dixerit
869 2440 1069 2492 quispiam
1106 2453 1188 2480 non
1224 2439 1492 2490 Priscianum‚
1534 2440 1602 2479 sed
1639 2440 1816 2479 Nonium

270 2512 354 2539 esse
385 2501 615 2551 corruptum
646 2501 729 2540 illis
760 2501 858 2541 locis
891 2502 932 2540 et
962 2513 1046 2540 esse
1073 2500 1150 2539 duo
1176 2513 1224 2540 ea
1248 2501 1476 2553 fragmenta
1499 2499 1595 2539 libri
1619 2500 1689 2549 IV,
1720 2513 1816 2539 neu-

270 2561 378 2598 trum
407 2559 501 2599 libri
525 2560 599 2599 [H.
658 2561 798 2611 Neque
830 2561 1073 2601 Bouillemus
1105 2560 1212 2611 quod
1244 2560 1451 2600 Turnebus
1482 2559 1638 2599 inuenit
1669 2561 1711 2599 in
1750 2561 1816 2599 lit-

269 2619 365 2659 teris
403 2621 602 2671 corruptis
638 2622 751 2660 nouit
791 2621 910 2660 lanus
952 2633 1161 2672 possumus
1204 2622 1414 2671 tantopere
1456 2619 1665 2669 admirari,
1708 2620 1814 2670 quod

271 2692 397 2730 neque
429 2679 617 2720 credibile
643 2682 703 2719 est
727 2681 898 2721 Bouillis
923 2682 949 2720 i.
977 2694 1008 2720 e.
1041 2681 1075 2719 X
1102 2695 1152 2719 m.
1179 2694 1216 2731 p.
1250 2681 1301 2719 ab
1332 2680 1429 2719 urbe
1460 2681 1621 2730 poetam
1646 2692 1815 2730 pausam

270 2739 408 2779 fecisse
438 2740 595 2780 itineris
626 2754 754 2792 neque
785 2742 1044 2781 Bouillanum
1078 2741 1276 2792 quendam
1307 2740 1573 2793 gladiatorem
1605 2740 1670 2779 uel
1707 2751 1813 2779 scur-

269 2812 356 2838 ram
399 2799 480 2839 alio
522 2801 680 2839 uenisse
724 2801 794 2851 qui
837 2801 1028 2840 conuiciis
1072 2802 1253 2841 certaret.
1327 2801 1455 2840 Immo
1501 2798 1662 2851 Capuae
1706 2800 1813 2850 apud

269 2859 468 2909 hospitem
503 2860 606 2899 hanc
643 2873 822 2912 pugnam
859 2860 1128 2913 gladiatorum
1166 2873 1250 2900 esse
1287 2862 1421 2900 actam
1458 2860 1586 2899 multo
1624 2861 1683 2899 est
1727 2859 1814 2899 ueri

270 2919 440 2958 similius
472 2922 513 2959 et
546 2919 706 2959 uidetur
735 2922 860 2960 latere
892 2922 935 2960 in
959 2922 1071 2960 nouit
1095 2921 1212 2960 lanus
1240 2919 1433 2971 Campani
1458 2920 1631 2959 nominis
1656 2918 1813 2960 Nouius

271 2974 376 3032 (CIL
401 2979 423 3018 I
449 2980 531 3019 571
566 2979 654 3019 Liu.
679 2980 737 3020 IX
765 2982 832 3030 26,
861 2975 906 3034 7)
953 2982 1174 3033 genetiuusv
1211 2992 1325 3020 casus
1373 2980 1433 3020 ita
1482 2982 1528 3019 ut
1576 2980 1812 3033 gladiatoris

270 3040 498 3079 nominetur
522 3040 705 3081 dominus
726 3039 952 3092 Campanus
978 3041 1097 3081 sicuti
1117 3041 1202 3080 fieri
1222 3040 1402 3080 uidemus
1424 3041 1467 3079 in
1486 3040 1812 3092 inscriptionibus
