2060 3444
291 209 350 251 94
900 206 950 242 VI
974 218 1014 244 u.
1037 209 1236 253 aaa-243.

291 322 487 360 enitemur
525 321 735 360 restituere
778 331 915 359 uersus
956 321 1133 371 corrupti
1176 331 1380 360 caesuram
1422 319 1605 360 mediam.
1681 320 1831 374 Scripsi

290 382 441 420 chauno
471 391 581 419 meno
611 380 636 418 i.
657 393 689 419 e.
714 393 788 432 ego
819 380 951 431 segnis
982 392 1125 419 maneo
1157 381 1198 419 et
1221 379 1376 419 bibula:
1407 380 1456 420 de
1480 381 1673 420 feminina
1698 381 1829 422 forma

291 445 438 493 χαῦνος
478 439 573 478 uide
609 439 746 478 lexica.
784 452 802 479 s
840 440 986 479 ultima
1029 439 1185 479 abiecta
1226 441 1275 479 ut
1322 439 1363 478 in
1413 441 1583 489 scorpios
1624 440 1692 480 lib.
1720 441 1831 480 XXX

291 514 330 538 u.
354 501 467 539 1022
506 500 639 550 psolos
670 499 771 538 VIII
798 500 901 540 304:
946 512 1068 550 quare
1112 497 1215 552 μένω
1259 498 1454 539 Graecum
1497 500 1701 540 elisionem
1744 501 1832 551 pati
1896 503 1898 506 ⁴

291 554 407 614 (conf
439 559 718 599 Lachmannus
756 559 806 598 ad
843 559 1001 598 Lucret.
1027 558 1084 598 IV
1122 554 1256 614 1169)
1297 561 1345 598 ut
1386 560 1631 610 amphitapoc
1673 574 1711 599 u.
1744 561 1829 599 252

292 632 370 658 non
402 619 534 659 miror.
574 641 631 647 —
663 619 826 669 siccam,
862 620 888 658 i.
908 632 940 658 e.
971 632 1051 659 non
1081 620 1264 659 uinosam
1302 621 1343 658 et
1379 619 1570 659 sobriam:
1607 619 1746 659 Afran.
1775 621 1828 659 61

293 676 430 728 ‘sicca,
468 691 583 730 sana,
624 676 771 719 sobria’
804 679 933 719 Plaut.
954 679 1065 718 Asin.
1093 679 1178 718 857
1213 675 1377 719 ‘siccum
1407 679 1515 731 frugi
1546 676 1829 719 continentem’

293 739 442 778 Seneca
475 740 589 790 epist.
614 740 680 789 18,
707 741 732 778 4
761 736 886 778 ‘ebrio
919 751 965 778 ac
988 740 1212 778 uomitante
1237 739 1386 789 populo
1412 739 1558 778 siccum
1584 752 1630 779 ac
1655 739 1831 779 sobrium

292 796 389 838 esse'
436 797 552 838 Ouid.
584 812 618 838 a.
646 812 680 838 a.
712 798 753 838 Π
786 799 870 839 685
911 796 993 838 ‘odi
1037 811 1137 850 quae
1180 798 1361 850 praebet,
1411 800 1506 850 quia
1549 800 1602 838 sit
1643 799 1833 850 praebere

291 870 463 910 necesse,
497 860 678 910 siccaque
716 859 763 897 de
801 859 896 898 lana
932 858 1084 910 cogitat
1118 859 1208 909 ipsa
1247 855 1348 898 sua'.
1411 859 1524 898 Duae
1554 859 1649 899 illae
1680 870 1832 899 sorores

292 918 467 958 moribus
510 919 691 958 diuersae
735 920 849 958 erant
893 918 1010 958 sicuti
1052 921 1134 958 tres
1176 918 1218 957 in
1261 918 1432 958 Phaedri
1474 918 1612 958 fabula
1642 919 1701 958 IV
1728 920 1773 970 5,
1805 920 1830 958 3

280 976 474 1030 ‘quidam
500 978 691 1018 decedens
722 981 802 1018 tres
833 979 998 1029 reliquit
1028 978 1143 1032 filias,
1174 991 1296 1017 unam
1327 979 1542 1018 formosam
1569 1010 1577 1018 .
1598 1009 1606 1017 .
1628 1009 1636 1017 .
1663 979 1832 1018 alteram

292 1038 492 1078 lanificam
518 1041 558 1078 et
581 1039 688 1091 frugi
712 1039 918 1088 rusticam,
943 1038 1130 1078 deuotam
1154 1040 1250 1078 uino
1275 1039 1438 1078 tertiam
1463 1040 1504 1078 et
1524 1035 1833 1090 turpissimam':

292 1099 430 1149 itaque
460 1098 582 1138 balba
611 1099 684 1138 illa
714 1098 860 1138 Lucilii
890 1098 1066 1138 balbutit
1096 1099 1232 1150 potius
1263 1099 1358 1138 uino
1389 1098 1551 1138 madida
1583 1095 1739 1154 (quen.
1758 1097 1834 1137 XV

293 1153 388 1212 48):
420 1154 490 1198 ‘sit
520 1159 591 1197 illa
635 1159 759 1211 frugi,
802 1171 875 1210 ego
913 1163 1059 1211 χαῦνος
1095 1155 1265 1208 maneo',
1295 1160 1433 1209 itaque
1471 1170 1570 1198 anus
1607 1170 1743 1198 rursus
1780 1157 1832 1197 ad

294 1218 508 1257 armillum.

414 1272 524 1318 240.
550 1277 703 1317 Nonius
728 1291 766 1329 p.
790 1279 888 1327 281,
910 1278 964 1317 22
993 1274 1201 1317 ‘Dominus
1224 1290 1382 1317 rursum
1407 1278 1635 1329 appellatur
1653 1278 1831 1317 conuiuii

295 1337 508 1388 exhibitor3
540 1337 643 1376 unde
675 1339 715 1377 et
746 1337 922 1377 dominia
953 1338 1151 1377 conuiuia.
1213 1337 1390 1377 Lucilius
1428 1340 1656 1388 satyrarum
1686 1337 1754 1376 lib.
1774 1337 1833 1375 VI

296 1395 398 1448 “qui
429 1400 468 1437 te
499 1397 625 1436 bonus
655 1398 839 1448 Iuppiter
868 1398 1001 1448 inquit
1033 1396 1174 1436 Crasso
1204 1398 1375 1436 mudum
1411 1410 1499 1437 cum
1529 1398 1692 1437 cenabat
1711 1398 1831 1436 domi-

294 1470 390 1496 num
432 1454 630 1506 fortem”.’
707 1456 878 1497 Cenarat
921 1457 1026 1508 apud
1072 1456 1255 1496 Crassum
1299 1459 1497 1497 oratorem
1548 1457 1748 1496 hominem
1792 1459 1833 1496 et

294 1517 461 1556 diuitem
493 1519 533 1556 et
564 1517 812 1556 luxuriosum
836 1516 990 1556 Mucius
1015 1516 1157 1569 Augur
1181 1529 1291 1556 socer
1315 1518 1399 1556 eius
1430 1518 1500 1568 qui
1524 1529 1668 1569 genero
1693 1518 1832 1568 postea

296 1577 400 1616 male
437 1579 623 1627 precatur
660 1578 757 1627 quia
797 1589 895 1616 cena
925 1577 1060 1628 opima
1091 1576 1250 1615 domino
1281 1578 1400 1616 nimis
1431 1577 1603 1616 officiose
1634 1577 1833 1616 inuitante

294 1637 567 1677 iurisconsulti
592 1637 763 1676 laeserat
787 1636 1045 1676 stomachum.
1095 1636 1201 1675 Nam
1225 1637 1373 1676 stoicus
1399 1638 1485 1676 erat
1502 1636 1644 1688 Augur
1662 1648 1833 1676 summa-

295 1709 371 1747 que
426 1697 660 1748 frugalitate
717 1692 880 1751 (Athen.
909 1696 968 1735 VI
1000 1710 1038 1747 p.
1073 1697 1157 1735 274
1195 1692 1352 1751 Ο-Ε).
1431 1696 1600 1736 Versum
1656 1696 1834 1748 grauiter

294 1758 525 1807 corruptum
567 1758 610 1795 in
653 1757 762 1796 exitu
805 1768 888 1796 esse
930 1757 1115 1807 apparet:
1159 1756 1300 1807 scripsi
1342 1768 1431 1796 cum
1469 1768 1581 1802 cena,
1619 1758 1665 1795 ut
1701 1755 1831 1795 Plaut.

294 1815 435 1855 Pseud.
463 1817 548 1855 836
583 1813 654 1855 ‘At
683 1818 723 1855 te
755 1816 938 1867 Iuppiter
968 1816 1086 1867 dique
1119 1828 1253 1856 omnes
1284 1816 1455 1867 perdant
1489 1829 1578 1856 cum
1608 1815 1833 1856 condimen-

294 1878 347 1916 tis
378 1873 474 1915 tuis’
507 1876 608 1915 Rud.
632 1877 746 1916 1170
780 1873 892 1926 ‘quin
923 1878 968 1915 tu
999 1876 1013 1914 i
1046 1875 1220 1915 dierecta
1260 1889 1349 1915 cum
1380 1877 1522 1916 sucula
1553 1877 1592 1916 et
1622 1888 1711 1915 cum
1742 1888 1833 1926 por-

295 1933 422 1975 culis’.
486 1936 633 1984 perdat
684 1937 874 1976 omissum
928 1937 1005 1985 est,
1062 1934 1181 1975 sicuti
1229 1935 1296 1974 lib.
1321 1935 1365 1974 II
1396 1949 1432 1974 u.
1467 1937 1520 1975 56
1562 1935 1637 1974 XV
1673 1949 1711 1974 u.
1746 1936 1831 1974 514

296 1990 499 2050 (Haustus
530 2008 612 2034 reu.
644 1995 693 2034 de
723 1995 819 2046 phil.
839 1995 935 2034 XIV
962 1996 1077 2034 1890
1108 2009 1146 2046 p.
1169 1990 1256 2049 90),
1287 1996 1460 2044 improbe
1489 1995 1651 2035 inserui.
1694 1995 1833 2043 fortem

297 2056 494 2095 castrense
544 2054 784 2094 uocabulum
832 2067 906 2106 pro
962 2055 1123 2094 bellum:
1176 2055 1290 2094 miles
1340 2067 1401 2105 ap.
1431 2054 1561 2094 Plaut.
1596 2054 1679 2093 Mil.
1717 2055 1829 2094 1106

298 2111 457 2165 ‘ecquid
499 2114 614 2154 fortis
657 2111 833 2154 uisast?'
878 2115 973 2154 conf
1013 2126 1114 2165 quae
1156 2114 1311 2154 Nonius
1355 2115 1472 2154 affert
1512 2128 1552 2165 p.
1577 2114 1660 2154 306
1705 2113 1831 2153 Lucil.

296 2175 364 2214 lib.
383 2174 493 2213 XXX
519 2188 555 2213 u.
579 2175 691 2214 1026
727 2171 878 2214 ‘omnes
915 2175 1107 2214 formonsi
1143 2175 1266 2214 fortes
1303 2171 1406 2214 tibi'.
1469 2173 1598 2214 Gener
1627 2186 1717 2213 cum
1748 2174 1832 2213 sine

297 2234 417 2274 dubio
451 2233 613 2274 Crassus
644 2235 714 2285 qui
744 2236 862 2274 natus
894 2236 955 2274 est
985 2246 1089 2273 anno
1129 2229 1237 2282 614!
1243 2235 1327 2273 140
1359 2246 1537 2274 socerum
1567 2234 1743 2273 Mucium
1772 2235 1832 2272 in·

296 2294 449 2344 uitarit,
482 2295 654 2345 scriptus
685 2295 739 2334 sit
768 2295 927 2346 oportet
956 2294 1057 2334 liber
1086 2293 1146 2333 VI
1175 2293 1322 2334 Lucilii
1345 2296 1558 2345 postquam
1581 2293 1833 2344 pubertatem

297 2355 530 2393 consecutus
550 2355 611 2394 est
630 2353 793 2394 Crassus
813 2367 1007 2393 annorum
1025 2354 1107 2392 fere
1126 2353 1232 2403 XVI,
1251 2355 1276 2393 i.
1297 2367 1328 2392 e.
1348 2355 1440 2404 post
1463 2366 1612 2393 annum
1633 2347 1831 2406 630s124.

418 2409 529 2454 242.
560 2413 714 2453 Nonius
752 2426 798 2453 ex
835 2414 1096 2466 grammatico
1127 2427 1165 2464 p.
1195 2414 1292 2463 136,
1318 2415 1374 2453 30
1413 2410 1639 2453 ‘Macellum
1683 2413 1833 2453 dictum

296 2486 369 2525 pro
399 2473 658 2513 macilentum
682 2473 862 2514 Lucilius
893 2473 1037 2524 probat
1060 2473 1127 2512 lib.
1147 2472 1207 2512 VI
1233 2469 1299 2512 “si
1325 2505 1333 2513 .
1356 2504 1362 2511 .
1385 2503 1392 2511 .
1418 2469 1668 2512 macellus’'.'
1711 2472 1832 2524 Figu-

297 2546 384 2572 ram
407 2534 586 2572 rhetores
613 2533 850 2573 effictionem
875 2533 1100 2572 nominant:
1125 2532 1221 2573 conf
1235 2532 1287 2571 ad
1305 2532 1399 2572 Her.
1418 2532 1478 2571 IV
1497 2533 1566 2583 49,
1587 2533 1661 2571 63:
1688 2529 1832 2582 ‘Hunc,

297 2593 461 2642 iudices,
492 2593 592 2643 dico,
622 2593 797 2643 rubrum,
831 2593 1006 2642 breuem,
1042 2593 1251 2632 incuruum
1279 2623 1286 2631 .
1308 2623 1316 2630 .
1338 2623 1345 2631 .
1371 2594 1408 2632 si
1437 2605 1515 2643 quo
1546 2591 1663 2631 modo
1699 2590 1833 2643 potest

298 2653 412 2692 uobis
442 2654 482 2691 in
510 2654 745 2692 memoriam
774 2649 931 2692 redire'.
986 2652 1142 2692 Platon.
1170 2652 1394 2703 Euthyphr.
1419 2666 1457 2704 p.
1485 2654 1510 2691 2
1525 2652 1559 2691 Β
1590 2651 1632 2691 εἴ
1654 2666 1743 2691 τινα
1774 2653 1832 2707 νῷ

298 2711 396 2765 ἔχεις
433 2711 589 2752 Πιτθέα
626 2710 836 2764 Μέλητον,
876 2707 963 2752 οἷον
999 2710 1244 2766 τετανότριχα
1280 2710 1347 2751 καὶ
1387 2710 1435 2751 οὐ
1472 2710 1578 2751 πάνυ
1621 2708 1832 2765 εὐγένειον,

299 2770 517 2825 ἐπίγρυπον
555 2770 608 2812 δέ.
677 2771 857 2818 Quadrat
899 2772 1111 2823 descriptio
1154 2772 1198 2810 in
1233 2772 1433 2811 hominem
1470 2784 1654 2811 auarum:
1696 2771 1830 2821 script.

221 2854 226 2857 -
299 2832 508 2883 physiogn.
542 2831 564 2870 I
593 2845 631 2882 p.
659 2832 791 2871 4191?
833 2830 902 2871 τὸν
945 2828 987 2871 δὲ
1031 2830 1276 2884 φιλάργυρον
1303 2863 1311 2870 .
1333 2862 1340 2870 .
1363 2862 1370 2869 .
1396 2830 1549 2871 τοιόνδε
1591 2825 1694 2870 εἶναι
1730 2827 1831 2883 λέγε·

300 2893 513 2944 μικρομελῆ
546 2889 817 2944 μικρόμματον
848 2890 1179 2945 μικροπρόσωπον
1209 2892 1287 2930 κτλ.

421 2945 532 2990 243.
563 2951 717 2990 Nonius
747 2965 784 3002 p.
814 2951 881 3000 78,
909 2952 932 2989 5
967 2947 1113 3002 ‘Bulga
1145 2952 1205 2989 est
1234 2950 1436 2990 folliculus
1466 2951 1606 3000 omnis,
1640 2961 1760 3000 quam
1791 2950 1832 2988 et
