2060 3444
311 255 394 296 146
920 253 952 288 X
977 267 1012 289 ιι.
1041 257 1237 291 385—388.

309 364 507 406 ‘Hominis
533 379 704 418 nequam
730 367 849 416 atque
874 364 1060 417 improbi'
1087 367 1530 417 Ρ10111.Βο0011111.573,
1550 364 1694 406 ‘Malus
1715 369 1755 406 et
1773 380 1840 406 ne·-

308 439 428 477 quam
460 428 520 465 est
550 424 682 466 homo'
710 426 849 465 Pseud.
878 428 1004 476 1103,
1038 423 1264 477 ‘utrumque
1296 427 1386 465 faxo
1417 426 1581 466 habebit
1605 429 1646 466 et
1670 440 1841 478 nequam
1883 463 1885 465 .

308 488 348 525 et
379 483 545 525 malum'
579 486 696 525 Poen.
726 487 822 536 162,
862 483 1031 525 ‘seruom
1061 486 1193 525 hercle
1223 487 1264 524 te
1296 499 1379 525 esse
1411 488 1569 537 oportet
1600 489 1639 525 et
1669 499 1841 536 nequam

310 548 350 585 et
386 543 552 584 malum'
588 547 720 595 1030,
766 542 878 596 ‘quin
914 546 1043 585 malus
1081 558 1330 596 nequamque
1373 543 1442 585 sis'
1480 546 1591 585 Asin.
1620 546 1722 585 305:
1763 545 1841 586 Cic.
1894 560 1900 562 -

309 605 410 645 Phil.
437 605 517 643 VII
546 608 581 655 1,
609 606 633 644 3
663 603 848 656 ‘nequam
875 607 935 644 est
959 605 1076 644 homo
1107 606 1176 644 ille
1203 607 1322 655 atque
1348 604 1557 655 confidens,
1587 606 1706 644 multi
1729 618 1842 656 prae·

307 667 418 704 terea
448 662 649 715 improbi'.
711 666 892 714 Nequam
922 665 1115 704 uocabulo
1148 665 1356 704 Terentius
1386 678 1467 704 non
1497 665 1657 704 uidetur
1686 659 1844 720 uti-:¹2

431 719 540 764 386.
573 725 727 764 Nonius
752 739 790 776 p.
820 726 917 775 396,
945 727 997 764 17
1033 722 1211 763 ‘Sumere
1243 726 1365 764 etiam
1391 724 1589 777 significat
1614 726 1841 777 eligere...

308 784 487 824 Lucffius
526 786 753 835 satyrarum
784 784 852 823 lib.
878 785 914 823 X
947 782 1166 823 “honorum
1203 786 1263 824 est
1299 784 1491 823 iudicium
1526 786 1669 824 crassis
1706 786 1748 823 ut
1785 784 1842 823 di·

310 844 519 883 scribimus
551 845 643 883 ante
671 875 678 883 .
707 874 714 882 .
743 875 750 883 .
776 841 1010 884 locemus”.'
1073 845 1229 883 Horwm
1258 846 1365 883 recte
1395 845 1531 894 posuit
1559 844 1740 894 Rothius,
1771 857 1843 895 pro

313 905 475 950 crassis,
514 904 619 954 quod
651 904 750 943 codd
786 904 951 954 habent,
995 905 1106 943 crisis
1142 905 1275 955 posui:
1320 902 1480 943 Crassos
1518 905 1624 943 enim
1661 904 1845 943 exturbat

282 969 285 972 ”
309 965 491 1002 metrum.
554 964 815 1002 Discribimus
846 964 983 1003 eodem
1014 963 1131 1003 modo
1164 977 1241 1014 quo
1273 977 1343 1003 nos
1375 963 1542 1003 dicimus
1577 961 1638 1002 ‘ut
1667 963 1845 1003 Lucilius

313 1025 404 1062 ante
437 1020 590 1062 scribit'
623 1024 757 1073 potuit
788 1024 930 1073 opinor
961 1024 1090 1062 dicere
1120 1025 1250 1074 poeta.
1311 1023 1454 1074 Itaque
1484 1025 1575 1074 post
1610 1023 1846 1062 uocabulum

310 1083 500 1121 Latinum
530 1084 718 1133 posuerat
745 1085 864 1133 poeta
890 1084 987 1122 artis
1013 1083 1250 1122 uocabulum
1276 1082 1469 1122 Graecum
1494 1085 1700 1134 tamquam
1724 1084 1847 1122 inter-

311 1144 605 1192 pretamentum
631 1144 905 1182 necessarium.
956 1142 1159 1182 Pertinere
1179 1155 1315 1182 uersus
1335 1144 1432 1182 istos
1454 1143 1504 1182 ad
1523 1143 1644 1182 uerba
1664 1142 1847 1195 eligenda

312 1202 538 1252 suspicatur
574 1202 836 1241 Buechelerus
863 1203 888 1241 1.
916 1215 945 1241 s.
972 1215 1001 1242 s.
1032 1202 1075 1241 id
1113 1204 1174 1242 est
1205 1203 1255 1241 ad
1292 1201 1457 1255 ἐκλογὴν
1495 1200 1719 1254 ὀνομάτων,
1757 1215 1847 1242 011111

311 1262 465 1301 Nonius
502 1274 653 1300 sumere
690 1262 795 1300 idem
834 1275 918 1301 esse
956 1261 1064 1301 dicat
1101 1263 1220 1312 atque
1259 1263 1414 1312 eliqere:
1448 1264 1585 1312 itaque
1621 1264 1664 1301 in
1701 1273 1848 1311 quoque

314 1322 482 1360 locemus
513 1322 740 1371 pertineant
771 1323 929 1372 oportet
961 1322 1011 1360 ad
1043 1321 1235 1360 σύνθεσιν
1273 1319 1478 1373 ὀνομάτων
1514 1334 1616 1372 quae
1654 1321 1769 1360 docet
1804 1322 1848 1359 in

314 1393 391 1431 quo
423 1382 677 1431 potissimum
707 1382 794 1420 loco
826 1382 1027 1420 enuntiati
1057 1384 1258 1431 ponantur
1288 1382 1603 1420 commodissime
1639 1381 1846 1421 uocabula.

315 1441 465 1479 Tamen
504 1441 538 1480 si
575 1453 621 1479 ea
661 1453 761 1491 quae
799 1441 846 1479 de
883 1453 1002 1480 uersu
1039 1442 1221 1491 sequenti
1261 1441 1481 1491 disputaui,
1525 1441 1848 1490 consideraueris,

315 1499 561 1550 probabilius
594 1513 679 1539 esse
710 1502 862 1539 statues
893 1502 1091 1551 pertinere
1122 1501 1193 1540 hos
1224 1513 1362 1539 uersus
1400 1514 1479 1539 non
1517 1501 1567 1539 ad
1604 1501 1742 1550 uerba,
1781 1500 1849 1540 sed

318 1560 368 1598 ad
399 1572 474 1609 res,
505 1561 530 1598 i.
558 1573 589 1598 e.
624 1560 675 1599 ad
711 1562 922 1599 materiam
958 1573 1121 1611 poeseos
1159 1560 1393 1612 eligendam.
1458 1557 1627 1599 ‘Horum
1665 1561 1849 1611 inprimis

314 1619 521 1658 hominum
553 1622 613 1659 est
643 1620 837 1658 iudicium
874 1621 958 1659 siue
996 1621 1108 1659 crisis
1148 1633 1268 1670 quam
1305 1620 1442 1659 dicunt
1474 1619 1614 1659 Graeci
1651 1615 1762 1674 (uide
1799 1619 1851 1658 ad

315 1679 424 1718 XXX
451 1693 487 1718 u.
518 1674 664 1734 1009),
689 1681 735 1718 ut
760 1692 881 1730 supra
906 1680 1175 1719 discribimus:
1200 1680 1275 1718 hoc
1300 1681 1371 1730 est,
1396 1680 1459 1718 illi
1483 1679 1660 1718 iudicare
1684 1680 1851 1730 possunt

316 1740 440 1788 recte,
479 1739 576 1789 quid
606 1751 778 1789 sumam,
818 1739 914 1789 quid
944 1753 1042 1789 non,
1080 1741 1120 1778 et
1150 1740 1193 1778 in
1233 1753 1311 1790 quo
1342 1740 1515 1779 locemus
1553 1739 1850 1790 unumquidque

316 1799 404 1837 loco
435 1800 545 1838 recta
571 1799 665 1838 dum
690 1800 842 1838 utimur
867 1801 1105 1839 oeconomia.
1156 1799 1346 1838 Homines
1374 1799 1548 1838 eruditos
1575 1799 1710 1838 doctos
1736 1811 1851 1838 sanos

317 1860 436 1897 antea
467 1860 747 1910 segregauerat
779 1859 828 1898 ab
860 1860 1008 1909 ineptis
1038 1859 1210 1898 indoctis
1242 1872 1368 1910 prauo
1399 1859 1546 1897 iudicio
1578 1859 1782 1909 praeditis.

439 1912 549 1958 388.
581 1918 762 1957 Donatus
795 1919 846 1958 ad
878 1919 1055 1957 Terentii
1085 1918 1281 1957 Andriam
1305 1919 1346 1956 II
1375 1921 1411 1967 1,
1439 1920 1493 1957 24
1534 1915 1608 1957 ‘Ne
1639 1920 1715 1958 iste
1745 1917 1853 1957 haud

318 1990 472 2016 mecum
498 1979 630 2016 sentit.
675 1991 724 2016 ne
749 1978 878 2028 ualde,
904 1980 985 2028 aut,
1011 1980 1057 2017 ut
1082 1978 1245 2028 quidam
1270 1978 1422 2027 uolunt,
1449 1990 1470 2017 o
1497 1991 1628 2028 quam.
1674 1977 1852 2017 Lucilius

318 2038 361 2075 in
392 2037 543 2076 decimo
578 2034 640 2075 ‘ne
670 2033 747 2091 (ita
772 2037 893 2085 ABV,
924 2050 973 2076 ne
1004 2050 1114 2086 quem
1145 2038 1242 2076 olim
1271 2038 1470 2087 impressi,
1507 2050 1629 2086 neque
1659 2038 1760 2076 codd
1787 2037 1852 2076 de-

319 2093 504 2148 teriores)
537 2097 580 2135 in
612 2109 700 2135 arce
722 2128 729 2135 .
752 2129 759 2135 .
781 2128 788 2135 .
808 2094 1002 2147 inquit''.'
1064 2097 1212 2138 Lucem
1243 2097 1383 2136 attulit
1412 2097 1505 2135 111110
1535 2098 1670 2135 uersui
1699 2097 1851 2147 primus

321 2154 417 2194 Otto
436 2156 600 2195 Iahnius
619 2156 754 2195 Herm.
774 2157 836 2195 III
859 2158 971 2196 1869
998 2171 1035 2207 p.
1059 2158 1155 2196 181.
1198 2156 1414 2195 Prouerbio
1441 2156 1576 2195 Attico
1608 2157 1669 2195 uti
1693 2157 1853 2206 poetam

322 2215 559 2254 Clitomachi
589 2216 718 2255 Attici
748 2217 977 2267 philosophi
1009 2218 1181 2256 amicum
1213 2217 1309 2256 satis
1347 2216 1507 2255 uidetur
1525 2222 1624 2255 ‘esse
1660 2229 1851 2255 memora-

320 2275 417 2314 bile:
446 2288 560 2315 nosse
585 2277 720 2314 tamen
745 2276 945 2314 Lucilium
971 2278 1128 2328 egregie
1153 2278 1291 2326 poetas
1317 2276 1540 2315 comoediae
1566 2275 1725 2315 Atticae
1750 2275 1853 2314 unde

320 2335 394 2374 hoc
426 2336 639 2386 sumpserit
669 2336 926 2375 manifestum
957 2338 1017 2375 est
1048 2337 1138 2375 aliis
1166 2337 1274 2375 locis.
1325 2335 1439 2381 Quod
1463 2336 1717 2386 prouerbium
1742 2348 1853 2374 enar-

322 2396 414 2433 rant
452 2395 664 2445 scriptores
703 2407 800 2446 quos
839 2395 1025 2434 adferunt
1061 2395 1225 2434 Iahnius
1262 2395 1467 2434 Michaelis
1505 2395 1705 2446 Hitzigius
1737 2395 1854 2434 Blue-

322 2467 480 2493 mnerus
530 2455 602 2493 alii
651 2454 701 2493 ad
750 2455 973 2494 Pausaniae
1022 2454 1205 2505 descript.
1244 2456 1345 2494 arcis
1382 2454 1526 2494 Athen.
1552 2455 1573 2493 I
1597 2467 1682 2505 cap.
1710 2455 1783 2504 24,
1811 2456 1854 2492 2:

322 2513 558 2565 Diogenian.
584 2514 646 2552 III
673 2515 726 2553 67
760 2515 858 2566 βοῦς
883 2513 926 2553 ἐν
950 2513 1069 2553 πόλει·
1102 2512 1165 2553 ἐπὶ
1190 2520 1268 2553 τῶν
1293 2512 1607 2566 θαυμαζομένων
1631 2514 1853 2565 Hesychius

323 2573 421 2625 βοῦς
459 2571 502 2612 ἐν
538 2572 680 2623 πόλειῇ
704 2576 870 2626 χαλκοῦς
908 2572 987 2614 ’ὑπὸ
1030 2580 1100 2626 τῆς
1143 2574 1290 2626 βουλῆς
1334 2572 1539 2621 ἀνατεθείς
1578 2574 1743 2613 Ρο118.1.
1770 2586 1799 2612 s.
1825 2586 1854 2613 s.

325 2631 404 2671 ἔστι
436 2630 477 2671 δὲ
509 2631 574 2672 καὶ
606 2638 761 2686 ταῦρος,
797 2631 990 2685 ἀνάθημα
1021 2639 1091 2685 τῆς
1121 2634 1270 2686 βουλῆς
1300 2639 1370 2685 τῆς
1400 2632 1442 2673 ἐν
1469 2628 1603 2690 Ἀρείῳ
1635 2632 1746 2688 πάγῳ
1777 2635 1855 2672 κτλ.

324 2691 551 2731 Heniochus
585 2691 685 2731 CAF
711 2693 751 2730 II
784 2707 821 2743 p.
850 2693 952 2743 432,
987 2693 1062 2731 2K
1100 2690 1120 2731 ὁ
1157 2693 1255 2745 βοῦς
1293 2691 1313 2732 ὃ
1350 2695 1516 2745 χαλκοῦς
1553 2688 1603 2745 ἦν
1639 2690 1690 2731 ἂν
1726 2690 1856 2743 ἑφθὸς

325 2751 550 2790 δεκάπαλαι.
626 2750 877 2792 Clarissimus
922 2754 1098 2791 omnium
1146 2754 1284 2791 taurus
1327 2752 1602 2792 Marathonius
1650 2753 1719 2790 ille
1769 2753 1856 2790 erat

246 2823 251 2827 ’
327 2823 444 2860 quem
474 2811 655 2861 Apollini
685 2813 728 2849 in
762 2824 851 2851 arce
887 2813 1114 2850 immolauit
1146 2812 1335 2851 Theseus:
1373 2825 1493 2863 quam
1528 2825 1612 2850 rem
1647 2811 1855 2863 magnifice

327 2871 590 2920 descripserat
633 2869 899 2910 Callimachus
942 2873 1061 2922 poeta
1109 2873 1152 2910 in
1194 2871 1342 2910 Hecale
1391 2873 1564 2910 carmine
1608 2866 1857 2925 (Schneideri

329 2929 596 2968 Callimachea
622 2929 662 2967 II
687 2944 723 2980 p.
753 2926 868 2984 190).
918 2931 1088 2970 Versum
1119 2931 1383 2981 supplendum
1414 2944 1496 2970 esse
1522 2932 1656 2970 censui
1681 2944 1727 2969 ex
1752 2931 1855 2980 opti-

328 3001 481 3027 morum
514 2989 692 3028 codicum
724 2991 937 3039 scriptura:
975 3003 1192 3040 pronomen
1230 2991 1339 3028 illum
1374 2991 1425 3028 ad
1455 2992 1497 3029 in
1528 3003 1617 3029 aree
1648 2991 1780 3029 bouem
1810 2990 1856 3027 ut
