2060 3444
296 311 356 355 40
927 311 961 346 Π
985 323 1020 346 u.
1049 313 1198 346 85-87.

298 425 479 464 ‘rnimdate
521 423 685 463 deduxit
728 421 1000 470 Quintilianus
1026 424 1050 461 l.
1077 436 1106 462 s.
1133 436 1161 462 s.
1225 422 1301 470 Qui
1343 425 1576 465 uetustioris
1626 425 1835 466 cuiusdam

303 484 509 536 scriptoris
541 484 700 524 secutus
731 495 814 523 esse
846 483 1010 522 uidetur
1042 483 1277 535 exemplum,
1309 484 1417 535 quod
1446 485 1615 535 Nonius,
1646 498 1735 526 cum
1765 498 1835 538 po-

300 545 412 584 neret
442 544 739 589 uermiculatirm
771 543 914 582 addere
946 545 1006 583 est
1036 544 1196 583 oblitus.
1260 543 1453 584 Similiter
1484 545 1631 585 dicitur
1667 546 1834 586 tessella·
1890 585 1892 587 ,

301 606 389 644 tim:
439 604 487 643 de
530 603 806 643 uermiculatis
850 603 945 643 conf
979 603 1280 654 Marquardtius
1323 603 1480 643 Mauius
1505 606 1530 643 1.
1557 618 1585 644 s.
1613 618 1641 645 s.
1672 619 1710 656 p.
1739 605 1836 645 626.

304 665 402 713 627,
430 665 467 703 3.
497 666 519 703 6
553 663 624 702 ubi
657 663 834 702 adfertur
859 662 1077 716 Augustini
1108 663 1218 703 locus
1244 663 1291 702 de
1316 663 1453 703 ordine
1477 664 1498 703 Ι
1530 676 1613 716 cap.
1643 667 1666 705 2
1695 659 1791 719 (uol.
1817 665 1838 704 Ι

301 737 338 774 p.
367 725 451 763 235
479 737 503 762 a
528 723 586 762 ed.
613 723 757 762 Bened.
784 722 987 774 Antwerp.
1017 716 1150 776 1700)
1184 719 1277 762 ‘Sed
1308 723 1382 763 hoc
1412 725 1530 775 pacto
1563 726 1597 764 si
1628 725 1718 776 quis
1752 726 1837 765 tam

302 784 503 822 minutum
535 784 730 832 cerneret,
760 784 808 822 ut
838 784 881 822 in
911 783 1164 822 uermiculato
1189 784 1418 832 pauimento
1448 783 1549 822 nihil
1581 784 1690 824 ultra
1720 785 1838 824 unius

300 844 485 883 tessellae
516 843 721 881 modulum
754 844 858 881 acies
889 843 973 881 eius
1003 843 1156 882 ualeret
1181 842 1343 892 ambire,
1374 844 1622 894 uituperaret
1647 843 1839 884 artificem

302 904 416 942 uelut
446 902 710 942 ordinationis
741 904 782 941 et
813 903 1111 953 compositionis
1142 903 1344 954 ignarum,
1383 915 1428 942 eo
1461 903 1566 953 quod
1601 904 1839 944 uarietatem

302 963 533 1015 lapillorum
563 962 840 1013 perturbatam
871 963 1053 1012 putaret,
1091 975 1116 1001 a
1153 974 1232 1013 quo
1269 962 1342 1002 illa
1382 963 1608 1003 emblemata
1643 964 1686 1003 in
1722 963 1840 1004 unius

302 1022 611 1074 pulchritudinis
642 1022 784 1062 faciem
820 1023 1080 1074 congruentia
1117 1022 1235 1062 simul
1273 1022 1380 1061 cerni
1418 1022 1724 1075 collustrarique
1761 1035 1839 1064 non

280 1078 491 1133 possent&
559 1081 674 1121 Vnde
712 1084 880 1133 apparet
915 1081 1101 1121 emblema
1136 1081 1242 1120 idem
1286 1094 1368 1122 esse
1409 1083 1530 1133 atque
1566 1084 1842 1132 pauimentum

303 1142 627 1190 uermiculatum‚
671 1154 759 1181 cum
800 1142 959 1193 proprie
996 1141 1098 1180 illud
1142 1142 1342 1192 pertineat
1385 1142 1435 1180 ad
1477 1142 1653 1193 picturas
1696 1143 1840 1184 normi-

305 1203 458 1241 culatas
490 1201 620 1241 medio
652 1203 883 1252 pauimento
915 1201 1130 1241 collocatas
1159 1201 1223 1241 uel
1248 1202 1465 1241 immissas:
1497 1203 1593 1242 conf
1612 1203 1741 1242 Varro
1764 1215 1839 1243 rer.
1902 1227 1904 1230 >

302 1263 400 1302 rust.
427 1262 489 1301 III
517 1263 555 1311 2,
582 1262 608 1300 4
642 1258 762 1300 ‘Num
796 1261 901 1312 quod
933 1261 1128 1301 emblema
1160 1262 1232 1300 aut
1263 1258 1579 1302 lithostrotum?
1612 1261 1841 1314 Hendiady-

304 1323 370 1361 oin
402 1321 530 1374 figura
561 1334 843 1372 saepenumero
874 1321 1004 1360 utitur
1033 1322 1171 1372 poeta:
1202 1320 1294 1361 uide
1318 1321 1398 1361 ind.
1431 1334 1596 1373 gramm.
1623 1334 1652 1361 s.
1677 1335 1715 1362 u.
1766 1322 1841 1363 Est

305 1382 410 1421 enim
455 1380 650 1421 emblema
691 1381 852 1433 proprie
896 1381 1100 1421 caelatura
1143 1380 1339 1432 quaedam
1381 1381 1535 1433 poculis
1579 1382 1643 1421 uel
1691 1382 1842 1435 pateris

305 1441 565 1493 superaddita
596 1441 728 1480 aeneis
761 1454 842 1491 qua
872 1441 920 1480 de
947 1454 990 1480 re
1015 1442 1184 1493 egerunt
1207 1441 1508 1492 Marquardtius
1532 1441 1690 1481 Manius
1716 1443 1741 1481 1.
1762 1455 1791 1482 s.
1812 1454 1840 1482 s.

304 1515 341 1553 p.
371 1501 467 1540 683.
530 1499 803 1540 Vermiculato
834 1500 1003 1552 denique
1035 1514 1060 1540 a
1089 1501 1320 1551 pauimento
1351 1501 1552 1541 diuersum
1584 1503 1645 1540 est
1675 1502 1716 1541 et
1752 1515 1841 1542 con·

306 1562 474 1600 trarium
506 1561 616 1599 illius
650 1561 886 1600 scutulatum
924 1574 987 1612 ap.
1018 1561 1119 1599 Plin.
1153 1560 1319 1600 XXXVI
1349 1561 1444 1600 185.
1477 1583 1525 1588 —
1556 1562 1623 1600 86.
1657 1559 1842 1601 Crassum

305 1621 430 1660 habeo
475 1616 683 1673 generum]
726 1620 770 1659 L.
796 1619 994 1660 Licinium
1039 1622 1237 1660 oratorem
1282 1620 1556 1660 clarissimum.
1631 1620 1708 1667 Qui
1751 1633 1843 1661 cum

305 1682 423 1721 natus
479 1681 601 1720 fuerit
649 1679 693 1727 Q.
720 1679 918 1731 Caepione
970 1679 1010 1719 C.
1036 1679 1174 1719 Laelio
1225 1692 1320 1720 coss.
1355 1677 1566 1732 614s14o‚
1623 1677 1845 1721 ‘accusauit

308 1740 349 1780 C.
371 1739 591 1780 Carbonem
625 1772 630 1778 .
667 1772 673 1779 .
707 1770 715 1778 .
748 1740 963 1780 admodum
1013 1737 1255 1780 adulescens’
1307 1734 1406 1794 (Cic.
1439 1740 1550 1780 Brut.
1587 1735 1690 1795 159)
1740 1753 1844 1780 anno

309 1797 507 1853 635s119.
572 1799 660 1846 Qua
697 1800 745 1840 de
783 1813 904 1840 causa
939 1801 1025 1852 ipse
1061 1799 1226 1840 Crassus
1264 1800 1371 1851 apud
1405 1799 1482 1839 Cic.
1516 1800 1564 1840 de
1594 1813 1649 1840 or.
1681 1800 1744 1840 m
1771 1802 1844 1839 74:

309 1858 473 1912 ‘quippe
505 1857 603 1911 qui‘‚
635 1860 778 1911 inquit,
816 1857 1010 1899 ‘omnium
1042 1860 1275 1899 maturrime
1307 1860 1357 1899 ad
1388 1860 1568 1911 publicas
1605 1854 1761 1900 causas
1781 1872 1844 1900 ac-

307 1921 491 1960 cesserim
524 1933 725 1971 annosque
757 1922 875 1960 natus
907 1933 1027 1958 unum
1052 1921 1103 1959 'et
1133 1920 1279 1972 uiginti
1317 1919 1607 1959 nobilissimum
1644 1920 1845 1960 hominem

308 1982 348 2020 et
380 1980 747 2031 eloquentissimum
780 1980 820 2019 in
859 1979 1050 2019 iudicium
1089 1976 1291 2019 uocarim’.
1354 1979 1468 2019 Vnde
1503 1981 1671 2031 apparet
1707 1991 1845 2020 causas

308 2041 491 2091 priuatas
522 2053 612 2079 eum
647 2041 767 2079 antea
803 2040 930 2091 egisse
968 2038 1180 2079 admodum
1218 2038 1559 2079 adulescentulum
1595 2052 1668 2079 nec
1703 2040 1844 2093 proba·

307 2100 389 2139 bile
426 2101 487 2140 est
519 2101 690 2150 primam
729 2099 813 2138 eius
850 2099 973 2139 fuisse
1010 2111 1171 2139 causam
1210 2098 1412 2151 publicam
1443 2099 1594 2150 Papirii
1631 2099 1744 2139 illam
1781 2111 1845 2140 ao-

309 2159 564 2199 cusationem.
640 2159 863 2199 Diiudicari
906 2171 996 2198 cum
1039 2160 1211 2210 nequeat
1258 2171 1389 2210 neque
1437 2160 1621 2198 accurate
1670 2157 1846 2212 expediri

309 2220 491 2271 quaestio
528 2218 576 2258 de
614 2231 717 2258 anno
754 2220 966 2270 praeturae
997 2217 1213 2259 Scaeuolae
1250 2231 1377 2270 neque
1412 2218 1463 2258 'de
1493 2231 1598 2258 anno
1629 2231 1707 2269 quo
1743 2217 1846 2258 iudi-

309 2281 415 2319 cium
452 2279 761 2330 repetundarum
797 2278 901 2318 idem
939 2279 1175 2320 sustinuerit
1210 2272 1326 2333 (conf
1357 2278 1533 2331 prolegg.
1565 2292 1602 2330 p.
1629 2273 1740 2332 XLI)
1778 2277 1847 2318 sed

309 2340 370 2379 ita
399 2340 446 2378 ut
477 2341 548 2378 aut
574 2335 762 2391 634s120
794 2341 867 2379 aut
894 2335 1093 2391 035l119‚
1125 2351 1203 2389 quo
1233 2340 1321 2389 ipso
1353 2350 1456 2378 anno
1489 2351 1609 2379 causa
1632 2338 1847 2390 Papiriano,

309 2399 481 2452 gloriam
513 2399 590 2438 sibi
621 2411 741 2451 gener
770 2398 927 2450 peperit
953 2397 1131 2447 Crassus,
1161 2399 1294 2438 actum
1319 2398 1421 2438 illud
1444 2398 1567 2438 fuisse
1592 2397 1847 2438 statuendum

310 2460 376 2508 sit,
406 2471 455 2498 ne
486 2459 561 2498 hoc
592 2458 752 2509 quidem
784 2471 831 2498 ex
860 2457 1008 2498 Lucilii
1039 2467 1158 2498 uersu
1190 2460 1296 2498 certo
1327 2458 1546 2509 poterimus
1578 2457 1744 2508 efficere,
1774 2458 1846 2498 illo

309 2520 489 2570 tempore
521 2517 755 2558 Scaeuolam
786 2518 867 2558 iam
897 2518 1028 2570 gloria
1058 2517 1193 2570 generi
1226 2519 1316 2568 ipsa
1346 2530 1465 2558 causa
1490 2517 1706 2568 Papiriano.
1730 2518 1848 2570 parta

310 2579 433 2618 fuisse
477 2578 627 2617 elatum
671 2591 749 2629 quo
792 2579 970 2630 tempore
1012 2590 1102 2618 reus
1144 2577 1453 2628 repetundarum
1496 2577 1744 2628 responderit
1785 2577 1848 2616 his

310 2637 445 2678 uerbis
469 2637 640 2677 Albucio
673 2639 894 2678 accusatori
923 2638 1021 2677 item
1053 2637 1308 2677 adulescenti.
1357 2637 1491 2676 Verba
1515 2636 1661 2676 Lucilii
1692 2637 1848 2690 egregie

312 2699 524 2737 serum-unt
551 2697 623 2737 cod
648 2697 903 2750 Abrincensis
928 2698 1088 2737 litterae
1115 2709 1216 2748 quae
1241 2699 1318 2737 seis
1343 2698 1512 2737 formam
1537 2698 1674 2748 aperte
1698 2698 1848 2736 testan-

311 2759 381 2797 tur
410 2759 452 2797 et
481 2759 523 2796 in
554 2758 863 2797 rhetoricoterus
893 2757 1105 2797 barbaram
1142 2758 1480 2797 terminationem:
1519 2756 1614 2795 conf
1638 2755 1706 2794 lib.
1732 2755 1849 2796 XVH

311 2830 351 2856 u.
380 2817 464 2857 545
498 2818 758 2867 eupatereiam
789 2818 830 2856 et
859 2817 1048 2857 Palladae
1079 2816 1127 2856 A.
1147 2816 1189 2855 P.
1215 2817 1251 2855 X
1278 2817 1332 2856 48
1365 2815 1460 2868 μήτε
1498 2815 1616 2867 δίκην
1653 2814 1849 2856 δικάσειεν

313 2875 416 2930 ἀνὴρ
452 2874 623 2930 γεγονὼς
660 2874 885 2928 δικολέκτης
921 2871 1016 2928 μηδ’
1057 2875 1151 2916 ὅταν
1185 2870 1428 2929 Ἰσοκράτους
1465 2874 1770 2930 ῥητορικώτερος
1810 2866 1848 2932 ᾖ.

434 2931 512 2977 87.
543 2936 698 2976 Nonius
725 2950 763 2988 p.
786 2937 884 2987 268,
911 2937 935 2975 5
962 2949 1010 2975 ex
1034 2936 1294 2988 grammatico
1321 2932 1508 2985 ‘Coicere,
1531 2935 1670 2985 furari,
1694 2935 1848 2975 auferre

315 3025 324 3034 .
344 3025 355 3035 .
375 3025 384 3034 .
409 2995 587 3036 Lucilius
623 2996 693 3035 lib.
711 2996 754 3036 H
785 2993 915 3047 “quid
934 3026 943 3036 .
963 3026 972 3035 .
993 3026 1002 3035 .
1026 2993 1193 3036 istuc’'.'
1254 2995 1433 3035 Nonium
1467 2995 1570 3036 falso
1609 2993 1850 3036 uocabulum

316 3054 434 3095 coicis
475 3054 732 3106 interpretari
775 3068 890 3094 nemo
930 3068 1010 3094 non
1052 3055 1253 3108 intellegit
1294 3068 1422 3106 neque
1457 3056 1592 3094 tamen
1627 3054 1744 3094 uideo
1780 3065 1850 3093 cur
1911 3076 1915 3080 ·
