2060 3444
902 255 919 290 1
942 267 978 292 u.
1007 257 1159 292 51-54.
1739 252 1795 296 27

250 367 333 412 ‘eat
363 367 628 422 quacumque’
664 368 743 409 Cio.
765 369 939 422 Philipp.
960 370 996 408 X
1023 370 1067 419 6,
1097 371 1149 409 12
1185 366 1452 420 ‘quacumque
1491 365 1583 408 iret'
1611 367 1797 407 >Naeuius

248 431 432 483 Lycurgo
466 427 639 481 ‘quaque
669 430 860 470 incedunt
891 430 1020 470 omnis
1052 442 1171 470 aruas
1203 425 1407 480 opterunt’
1441 422 1584 482 (TRF⁸
1608 442 1646 480 p.
1669 430 1724 468 10
1740 422 1796 482 R)

247 491 362 532 Lucr.
382 491 404 531 I
439 491 523 531 508
570 487 666 541 ‘qua
706 503 824 542 porro
870 503 1038 542 cumque
1080 491 1192 529 tenet
1235 502 1276 529 se
1321 488 1492 540 Corpus,
1536 502 1582 528 ea
1626 501 1798 529 uacuum

248 565 500 604 nequaquam
533 552 692 591 constat
721 548 855 590 inane'
889 551 1048 590 similia.
1105 550 1220 590 Dixit
1250 549 1376 602 igitur
1406 550 1527 600 poeta
1558 549 1606 588 de
1638 549 1797 589 homine

248 613 420 653 curioso:
442 629 444 631 ’
467 609 601 663 ‘porro
640 624 889 663 quacumque
926 612 979 660 it,
1016 612 1250 661 cuicumque
1291 611 1421 660 primo
1460 609 1683 660 obstiterit,
1723 609 1797 650 hoc

248 673 372 713 refert
412 672 652 712 minuendae
695 673 755 711 rei
798 668 1004 712 intentus'.
1079 671 1237 721 Lupum
1287 670 1440 710 scilicet
1483 670 1695 722 prodigum
1739 671 1799 709 rei

248 732 461 774 familiaris
492 732 675 772 omnibus
707 732 1010 772 obuenientibus
1040 744 1204 771 narrare
1237 731 1363 770 solere
1395 729 1493 782 quid
1530 742 1645 771 cocus
1684 743 1798 781 opso-

248 794 358 833 narit
388 793 484 833 deus
515 794 706 844 increpat.
741 789 746 794 “

371 848 447 894 53.
491 854 647 894 Nonius
683 867 722 905 p.
753 854 857 903 117,
884 854 938 892 22
986 849 1217 904 ‘Gangrena
1260 853 1322 891 est
1364 863 1514 890 cancer.
1589 851 1800 891 Lueretius

250 909 366 969 (olim
397 915 581 965 impressi
617 907 820 967 Lucilius)
865 914 1092 964 satyrarum
1129 911 1196 951 lib.
1216 912 1237 951 I
1276 909 1465 963 “serpere
1503 912 1564 950 uti
1595 924 1801 963 gangrena

249 975 356 1014 malo
395 976 516 1025 atque
553 969 628 1027 (ad
664 985 777 1023 quem
807 967 1033 1026 Leidensis)
1065 972 1289 1024 herpestica
1328 968 1525 1023 posset''.'
1588 970 1657 1011 Ad
1687 984 1800 1022 quem

248 1034 472 1075 Leidensis:
505 1034 612 1086 quod
643 1033 841 1085 quomodo
873 1034 1028 1073 seruari
1057 1034 1185 1084 possit
1216 1046 1295 1072 non
1326 1032 1455 1072 uideo.
1507 1030 1621 1072 Certe
1646 1044 1800 1082 serpere

248 1095 415 1135 uerbum
458 1095 560 1134 hanc
600 1095 812 1135 lectionem
853 1107 933 1134 non
974 1094 1243 1134 commendat:
1287 1093 1531 1133 deteriorum
1574 1093 1676 1133 codd
1720 1092 1799 1132 duo

249 1157 355 1196 recte
387 1158 501 1205 atque
533 1155 602 1195 sed
633 1167 680 1194 ex
711 1154 868 1195 librarii
896 1154 1134 1195 coniectura.
1190 1154 1366 1193 Nomina
1390 1153 1618 1193 morborum
1647 1151 1801 1194 Graeca

249 1217 297 1255 ut
326 1217 463 1255 incert.
491 1230 527 1255 u.
551 1216 635 1255 923
669 1215 861 1255 adhibent
890 1214 1031 1255 Latini
1062 1215 1158 1266 quia
1189 1214 1334 1254 medici
1366 1215 1481 1253 erant
1507 1212 1667 1253 Graeci:
1700 1213 1799 1253 codd

249 1277 356 1315 recte
385 1288 590 1326 yanyrena
621 1277 667 1315 ut
694 1276 883 1322 DIurena,
909 1275 1052 1316 Graeci
1075 1274 1304 1329 γάγγραινα.
1362 1274 1422 1314 De
1448 1286 1590 1314 cancro
1617 1275 1800 1326 serpente

250 1335 349 1376 Cels.
370 1336 407 1374 V
435 1338 509 1386 26,
542 1337 596 1375 31
644 1334 760 1376 Ouid.
795 1338 954 1376 metam.
981 1336 1023 1375 H
1056 1336 1141 1375 825
1190 1332 1327 1386 ‘utque
1378 1335 1530 1374 malum
1572 1335 1655 1374 late
1699 1335 1802 1374 solet

249 1396 543 1437 immedicabile
580 1409 721 1437 cancer
758 1394 930 1448 serpere’
970 1397 1052 1436 alii.
1119 1396 1235 1436 Malo
1274 1395 1479 1435 ablatiuus
1523 1397 1600 1435 est:
1644 1407 1801 1446 serpere

252 1470 367 1509 posse
399 1470 585 1497 cancrum
611 1458 718 1496 malo
749 1458 948 1497 nutritum
980 1457 1079 1496 dicit
1110 1458 1241 1507 poeta.
1304 1456 1393 1495 Vox
1422 1457 1637 1505 herpes-tica
1668 1455 1709 1494 id
1742 1457 1802 1495 est

252 1530 354 1569 quae
404 1518 529 1569 serpit
571 1517 689 1565 νόσος
740 1517 838 1556 alibi
881 1531 960 1557 non
1011 1519 1123 1557 extat
1171 1517 1239 1556 sed
1289 1516 1429 1555 dicunt
1471 1515 1615 1555 medici
1659 1514 1802 1558 Graeci

251 1576 487 1631 ἕρπηστικὸν
537 1575 666 1625 ἕλκοςτ
716 1578 815 1617 Poll.
842 1578 901 1617 IV
934 1579 1018 1617 206
1074 1575 1311 1630 ἕρπηστικὸν
1365 1573 1475 1624 ἕλκος
1527 1573 1684 1629 ἐνοχλεῖ
1729 1572 1801 1627 μὲν

251 1638 483 1692 πρεσβυτῶν
513 1637 684 1690 κνήμαις
715 1636 782 1678 καὶ
812 1637 932 1678 ποσίν
964 1636 1063 1677 Cels.
1084 1637 1109 1676 l.
1132 1650 1159 1676 s.
1181 1650 1209 1676 s.
1274 1633 1408 1676 ‘Modo
1440 1637 1569 1676 oritur
1601 1649 1647 1676 ea
1679 1649 1801 1687 quam

253 1697 396 1738 Graeci
435 1697 678 1752 γάγγραιναν
719 1698 938 1749 appellant.
1000 1697 1142 1737 Priora
1179 1697 1220 1736 in
1260 1697 1440 1747 qualibet
1476 1698 1592 1747 parte
1625 1697 1802 1747 corporis

252 1758 365 1808 fiunt,
396 1759 471 1798 hoc
501 1759 543 1797 in
576 1758 894 1809 prominentibus
919 1757 1107 1797 membris
1136 1789 1142 1796 .
1166 1789 1172 1796 .
1196 1789 1202 1796 .
1229 1758 1389 1808 fereque
1415 1759 1457 1796 in
1480 1754 1676 1797 senibus':
1702 1757 1803 1796 adde

253 1819 331 1858 duo
362 1818 553 1858 Varronis
585 1819 813 1871 fragmenta
842 1819 965 1858 Nonii
998 1819 1023 1857 1.
1050 1831 1079 1858 s.
1106 1831 1134 1858 s.
1168 1819 1338 1857 seruata.
1402 1816 1554 1864 Quibus
1582 1818 1680 1857 locis
1713 1830 1802 1857 cum

253 1879 301 1918 de
327 1892 464 1919 senum
490 1878 628 1918 morbo
654 1880 811 1931 agatur,
842 1879 894 1918 ad
920 1879 1026 1930 Lupi
1051 1880 1202 1918 exitum
1226 1891 1386 1918 uersum
1412 1879 1591 1929 spectare
1617 1877 1802 1917 arbitror.

375 1933 452 1979 54.
491 1939 620 1978 Varro
659 1939 707 1979 de
738 1939 878 1991 lingua
909 1939 1056 1979 Latina
1093 1938 1196 1978 libro
1222 1938 1302 1978 VH
1328 1939 1383 1977 47
1426 1935 1561 1989 ‘Apud
1602 1938 1803 1978 Lucilium

356 2002 398 2039 et
441 1996 663 2040 “occidunt
711 1999 822 2049 lupes
864 2012 961 2050 aper
1003 2000 1086 2039 dete
1126 1993 1167 2038 et
1206 1999 1300 2038 iura
1342 1995 1490 2038 siluri”
1526 2030 1532 2037 .
1562 2029 1599 2037 ..
1633 1999 1803 2050 piscium

252 2061 415 2100 nomina
452 2061 562 2110 sunt,
605 2073 819 2111 eorumque
859 2061 902 2099 in
947 2059 1114 2100 Graecia
1156 2055 1313 2111 orig0.''
1389 2058 1507 2099 Hunc
1549 2071 1709 2098 uersum
1753 2058 1805 2097 ad

253 2120 377 2160 libros
402 2120 498 2159 XXI
528 2120 680 2171 priores
711 2121 862 2160 maiore
894 2121 979 2159 iure
1010 2121 1176 2170 referes,
1214 2133 1335 2170 quam
1368 2119 1418 2158 ad
1448 2119 1624 2170 reliquos
1656 2132 1747 2158 raro
1781 2131 1805 2157 a

253 2181 513 2232 scriptoribus
564 2180 782 2220 adhibitos:
831 2182 938 2221 inter
986 2182 1138 2231 priores
1188 2179 1312 2219 libros
1362 2180 1449 2219 ueri
1498 2179 1702 2219 simillime
1753 2179 1804 2218 ad

255 2241 440 2291 primum.
501 2240 662 2280 Etenim
699 2242 742 2279 in
780 2241 944 2291 reliquis
986 2241 1100 2281 libris
1131 2240 1308 2291 corporis
1341 2240 1485 2291 prioris
1517 2254 1614 2279 num
1645 2239 1804 2290 Lupum

257 2303 461 2340 mortuum
491 2302 710 2341 insectatus
742 2302 797 2341 sit
827 2303 959 2352 poeta,
989 2302 1187 2341 incertum
1219 2302 1296 2340 est:
1329 2302 1451 2351 atque
1483 2300 1589 2350 quod
1618 2300 1680 2339 his
1706 2300 1804 2350 ipsis

255 2362 386 2400 uerbis
436 2360 483 2400 de
527 2361 642 2412 Lupo
685 2363 910 2401 intereunte
951 2362 1205 2401 salsamentis
1255 2360 1457 2400 deuoratis
1503 2361 1655 2412 agitur,
1704 2361 1804 2399 mire

256 2422 442 2473 congruit
477 2433 567 2461 cum
605 2422 707 2462 libro
745 2423 875 2473 primo
913 2422 983 2462 ubi
1021 2421 1069 2461 de
1107 2422 1197 2461 eius
1229 2421 1397 2460 interitu
1438 2421 1662 2460 deliberant
1692 2420 1734 2459 di
1749 2426 1752 2429 '
1765 2422 1806 2459 et

257 2481 305 2520 de
331 2482 577 2532 apponendis
603 2482 855 2522 salsamentis
881 2483 1004 2522 uerba
1035 2482 1122 2522 fieri
1152 2480 1326 2521 uidimus
1354 2494 1421 2520 uu.
1444 2482 1511 2520 49.
1540 2482 1607 2520 50.
1663 2481 1806 2530 Neque

257 2541 363 2581 enim
399 2543 577 2581 occidunt
613 2546 648 2582 te
684 2544 818 2593 potest
858 2555 942 2582 esse
985 2542 1092 2582 idem
1133 2542 1254 2592 atque
1294 2544 1404 2581 tuam
1443 2553 1526 2580 rem
1565 2541 1807 2590 familiarem

253 2602 445 2651 perdum,
483 2602 579 2652 quia
616 2604 657 2642 et
693 2603 865 2653 saperda
901 2604 942 2642 et
978 2603 1125 2642 silurus
1166 2602 1384 2641 uilissimus
1416 2602 1537 2651 piscis
1570 2602 1647 2650 est,
1678 2613 1806 2651 neque

259 2664 293 2701 te
337 2665 495 2702 enecant
536 2663 695 2703 molesti.
759 2662 853 2702 Sine
897 2662 1018 2702 dubio
1062 2662 1160 2702 lusit
1203 2675 1292 2700 eum
1336 2663 1457 2713 poeta
1494 2663 1540 2700 ut
1578 2658 1807 2713 ὀψοφάγον,

260 2722 329 2772 qui
378 2723 574 2762 moriatur
621 2722 796 2773 piscibus
841 2724 1006 2763 comesis
1050 2722 1188 2762 multis
1235 2723 1340 2761 sicut
1384 2721 1491 2772 apud
1534 2721 1679 2760 Athen.
1706 2720 1807 2760 Vm

259 2795 296 2831 p.
319 2783 401 2820 341
424 2782 458 2821 B
491 2783 661 2821 Machon
693 2784 867 2822 comicus
899 2783 1162 2823 Philoxenum
1199 2782 1354 2821 inducit
1390 2782 1626 2821 morientem
1658 2781 1806 2832 polypo

259 2843 414 2893 ingenti
457 2842 668 2893 deuorato,
712 2843 815 2882 alius
857 2841 1107 2895 ἰχθυοφάγος
1149 2843 1300 2893 piscem
1344 2841 1552 2881 comedens
1596 2841 1807 2881 decessisse

259 2901 436 2941 traditur
483 2901 633 2941 ibidem
679 2917 717 2954 p.
751 2903 835 2942 345
858 2901 899 2942 G.
975 2902 1081 2942 Gonf
1116 2902 1210 2941 Luc.
1250 2901 1396 2953 dialog.
1435 2903 1552 2940 mort.
1587 2902 1623 2939 7.
1697 2900 1806 2941 Stob.

261 2961 344 3000 flor.
374 2962 447 3011 98,
482 2963 525 3010 9,
560 2964 614 3002 27
661 2961 909 3003 Πουλύποδοε
952 2960 1094 3015 φαγὼν
1139 2959 1160 3001 ὁ
1204 2959 1399 3014 Διογένης
1443 2959 1552 3012 ὠμὸν
1602 2958 1806 3012 τέθνηκεν.

262 3021 352 3062 Val.
379 3022 481 3062 Max.
503 3022 567 3062 ΙΠ
594 3024 632 3073 5,
658 3024 683 3062 3
715 3020 893 3064 ‘Clodius
919 3022 1088 3064 Pulcher
1114 3054 1122 3063 .
1143 3053 1153 3065 .
1174 3053 1181 3060 .
1207 3022 1349 3066 mortis
1375 3021 1640 3066 erubescendo
1666 3035 1808 3075 genere
