2060 3444
305 258 389 302 110
889 255 957 292 VII
981 269 1016 292 u.
1044 259 1243 295 291-293,

301 372 531 412 Notandum
557 374 617 411 est
641 370 839 410 Lucilium
865 371 1020 409 caldum
1046 370 1249 421 scripsisse
1276 384 1321 410 ex
1345 371 1626 410 consuetudine
1645 372 1837 411 sermonis

302 433 512 473 cottidiani
560 443 698 469 uersus
739 432 913 470 numeris
962 430 1124 469 minime
1162 431 1394 482 cogentibus
1431 430 1550 471 sicuti
1591 432 1734 470 ardum
1770 431 1837 471 lib.

301 492 454 531 XXVII
484 505 522 530 ιι.
546 492 628 529 733
656 490 812 529 lardum
836 491 878 529 H
903 503 940 529 u.
964 492 1032 540 79,
1057 490 1228 530 calidum
1252 491 1399 541 ubique
1424 490 1642 530 Lucretius.
1694 491 1839 543 Agitur
1878 517 1879 520 =

302 553 349 591 de
387 553 491 591 ferro
532 551 703 590 feruenti
741 549 847 600 quod
885 550 1004 589 sicuti
1034 550 1101 589 lib.
1121 550 1184 588 111
1209 565 1245 588 u.
1271 552 1352 589 145
1398 552 1535 590 incert.
1561 565 1597 589 u.
1629 552 1740 590 1165
1769 553 1840 591 aut

303 612 459 650 malleis
490 611 676 649 tunditur
715 613 784 649 aut
821 612 863 649 in
901 610 1032 649 lacum
1063 610 1288 649 demittitur
1318 612 1364 649 ut
1394 610 1549 649 Lucret.
1575 610 1633 649 VI
1662 612 1744 650 148
1779 608 1840 649 ‘ut

302 671 440 711 calidis
479 670 649 710 candens
687 670 836 708 ferrum
873 683 894 708 e
931 670 1156 709 fornacibus
1189 671 1285 708 olim
1316 670 1451 709 stridit
1483 665 1617 725 (Ouid.
1643 673 1735 709 met.
1761 670 1839 709 XII

304 733 387 770 276
415 726 563 784 seqq.);
601 727 764 768 ‘ferrum
802 742 821 768 e
861 726 1104 769 furnacibus'
1145 729 1295 768 dictum
1337 732 1396 769 est
1426 732 1473 768 ut
1503 729 1569 768 lib.
1596 730 1669 768 XV
1693 743 1731 768 u.
1752 731 1838 770 483

305 789 447 830 ‘malus
485 791 580 829 naui
618 803 639 829 e
676 786 856 829 corbita'.
918 790 1035 838 fulyit
1070 789 1308 828 uocabulum
1345 790 1393 828 de
1431 791 1538 828 astro
1577 789 1682 839 quod
1712 790 1841 830 instar

302 852 356 891 sit
393 850 546 903 μύδρον
585 849 783 902 διαπύρου
819 849 906 887 fieri
943 849 1281 899 comparationem
1318 849 1481 889 indicat.
1544 849 1603 887 De
1640 849 1736 888 luna
1773 850 1841 902 agi

303 924 403 962 quae
435 912 599 949 uentum
630 911 804 960 primum
834 909 987 948 indicat
1017 910 1171 955 rubore,
1204 922 1292 949 mox
1325 909 1494 961 caligine
1526 909 1720 960 mergitur
1748 909 1839 948 ideo

263 1008 267 1010 .
302 970 507 1022 probabile
549 971 627 1018 est,
669 969 773 1019 quod
806 967 974 1008 Ouidius
1006 969 1031 1008 l.
1051 981 1079 1008 s.
1107 969 1246 1008 scribit
1285 966 1448 1008 ‘ferrum
1478 970 1571 1020 igne
1602 968 1746 1008 rubens
1772 999 1780 1007 .
1802 999 1809 1008 .
1830 999 1838 1008 .

306 1030 412 1081 quod
451 1030 600 1080 forcipe
639 1042 760 1068 curua
798 1042 887 1068 cum
927 1029 1039 1068 faber
1069 1026 1219 1068 eduxit'
1254 1042 1284 1067 e.
1305 1043 1341 1080 q.
1362 1041 1404 1079 s.,
1435 1028 1637 1080 Vergilius
1668 1041 1800 1080 georg.
1819 1028 1841 1068 I

303 1092 401 1130 430.
434 1091 517 1129 431
560 1086 619 1128 ‘at
655 1089 689 1128 si
726 1089 950 1140 uirgineum
988 1088 1196 1128 suffuderit
1239 1101 1304 1128 ore
1345 1089 1529 1128 ruborem
1565 1090 1708 1128 uentus
1748 1089 1840 1128 erit:

304 1153 424 1189 uento
457 1162 611 1200 semper
640 1148 756 1187 rubet
787 1161 907 1188 aurea
937 1145 1107 1187 Phoebe'
1141 1144 1306 1203 (Lucan.
1328 1148 1364 1186 V
1391 1143 1507 1203 549).

424 1205 534 1250 292.
578 1208 731 1248 Nonius
780 1222 818 1259 p.
847 1209 951 1259 395,
988 1210 1042 1248 28
1096 1205 1294 1260 ‘Segetem
1344 1208 1465 1247 etiam
1513 1209 1644 1258 ipsam
1693 1209 1842 1247 terram

305 1270 483 1309 dicimus.
517 1300 526 1308 .
547 1299 555 1307 .
577 1299 584 1307 .
610 1268 788 1308 Lucilius
828 1270 1056 1319 satyrarum
1086 1268 1152 1307 lib.
1178 1268 1253 1306 VII
1285 1265 1442 1307 “solem
1468 1299 1475 1307 .
1498 1298 1505 1306 .
1528 1299 1535 1306 .
1561 1264 1839 1316 statmnque'’.’

304 1328 493 1375 Queritur
524 1329 710 1379 querulus
742 1329 920 1380 agricola
948 1328 1071 1367 solem
1097 1330 1137 1367 et
1161 1340 1300 1366 auram
1326 1327 1534 1366 aduersam
1560 1340 1669 1378 spem
1695 1328 1840 1379 segetis

304 1391 535 1428 immutasse
585 1390 626 1428 et
674 1389 858 1427 fortunae
908 1387 1026 1426 fidem
1081 1387 1330 1427 domesticae.
1411 1388 1470 1426 De
1526 1399 1624 1426 aura
1674 1387 1842 1427 aduersa

304 1449 482 1499 loquitur
525 1450 570 1487 ut
614 1450 739 1487 nauta
782 1448 830 1486 de
873 1460 971 1486 aura
1016 1447 1186 1486 secunda
1230 1442 1364 1501 (Ouid.
1398 1460 1444 1487 ex
1481 1446 1597 1486 Pont.
1627 1447 1670 1485 H
1703 1448 1748 1497 3,
1783 1447 1838 1486 26

307 1506 416 1547 ‘dum
447 1508 563 1547 flauit
593 1508 693 1547 uelis
725 1520 824 1546 aura
854 1507 1026 1546 secunda
1056 1503 1210 1561 meis'):
1241 1507 1333 1546 uide
1358 1507 1410 1546 ad
1434 1506 1502 1546 lib.
1521 1506 1654 1545 XXVI
1677 1520 1714 1544 u.
1743 1507 1840 1546 666.

302 1568 454 1608 Statum
504 1570 658 1607 mutare
708 1580 786 1606 non
837 1567 962 1606 audeo
1011 1566 1250 1606 uocabulum
1299 1566 1404 1617 quod
1458 1568 1519 1606 ita
1569 1566 1842 1616 accipiendum

305 1628 476 1668 arbitror
512 1630 559 1667 ut
596 1628 696 1667 iuris
732 1628 905 1666 consulti
941 1627 1078 1666 dieunt
1115 1628 1224 1666 statu
1261 1626 1395 1676 liberi,
1432 1626 1608 1665 Velleius
1639 1625 1680 1664 Π
1716 1627 1788 1676 72,
1815 1627 1839 1665 5

357 1720 365 1727 .
394 1720 400 1727 .
440 1688 654 1739 proscripti
703 1687 970 1726 confluebant:
1014 1688 1161 1737 quippe
1204 1687 1359 1725 nullum
1407 1685 1644 1725 habentibus
1693 1687 1843 1725 statum

307 1749 476 1798 quilibet
523 1748 602 1787 dux
652 1750 738 1786 erat
787 1743 979 1786 idoneus'.
1060 1746 1221 1786 Tacitus
1271 1759 1361 1786 ann.
1394 1746 1455 1784 ΠΙ
1488 1747 1541 1785 28
1595 1742 1677 1785 ‘sed
1720 1745 1842 1785 altius

304 1808 568 1859 penetrabant
604 1807 820 1857 urbemque
858 1809 898 1846 et
935 1807 1097 1845 Italiam
1134 1808 1175 1845 et
1205 1806 1312 1857 quod
1342 1818 1512 1856 usquam
1542 1805 1690 1845 ciuium
1722 1806 1841 1845 corri-

304 1870 492 1918 puerant,
541 1868 836 1918 multorumque
889 1867 1007 1906 excisi
1051 1863 1207 1906 status'.
1280 1866 1420 1905 Exitus
1464 1878 1601 1904 uersus
1645 1864 1738 1904 talis
1782 1866 1842 1904 est

305 1929 464 1978 qualem
491 1928 682 1966 Horatius
713 1928 755 1965 in
786 1926 932 1966 saturis
964 1939 1082 1976 saepe
1114 1926 1277 1965 admisit
1303 1925 1503 1965 Lucilium
1533 1927 1689 1964 secutus
1714 1925 1841 1964 ueluti

306 1989 323 2025 I
351 1990 390 2037 2,
417 1989 473 2026 30
507 1985 671 2026 ‘fornice
711 1983 898 2025 stantem'
940 1981 1001 2038 (L.
1023 1986 1237 2024 Muellerus
1275 1985 1322 2023 de
1354 1999 1383 2023 r.
1410 1980 1481 2023 m.²
1505 1999 1542 2036 p.
1564 1980 1680 2039 386).
1739 1983 1841 2024 Scri-

307 2050 466 2096 pturam
499 2059 618 2096 quam
650 2046 755 2085 solus
788 2047 859 2085 cod
890 2045 1094 2084 Leidensis
1125 2044 1289 2095 praebet
1319 2058 1369 2082 m.
1394 2046 1414 2083 1
1449 2045 1573 2083 solem
1597 2057 1734 2084 ueram
1758 2056 1841 2084 esse

306 2107 488 2145 arbitror.
542 2106 689 2156 Crepat
726 2107 827 2145 enim
863 2105 1050 2157 agricola
1071 2105 1177 2155 apud
1207 2104 1438 2143 Petronium
1469 2105 1525 2142 44
1559 2101 1615 2142 ‘et
1646 2103 1842 2154 quomodo

305 2167 462 2205 siccitas
494 2167 733 2216 perseuerat.
765 2166 847 2204 iam
879 2178 1027 2204 annum
1055 2165 1219 2203 esuritio
1245 2160 1351 2213 fuit',
1381 2164 1661 2214 tempestatem
1684 2164 1842 2202 incusat

306 2226 408 2265 alter
439 2238 522 2276 cap.
545 2226 612 2263 46.
675 2225 824 2277 Vergil.
851 2225 950 2264 Aen.
969 2225 1032 2263 III
1060 2225 1140 2263 141
1183 2221 1285 2262 ‘tum
1323 2223 1477 2263 steriles
1516 2235 1675 2262 exurere
1714 2223 1840 2262 Sirius

306 2298 439 2337 agr0s3
472 2285 638 2324 arebant
672 2285 816 2323 herbae
849 2286 888 2323 et
918 2286 1071 2323 uictum
1102 2296 1213 2335 seges
1245 2296 1366 2335 aegra
1396 2279 1597 2335 negabat'.

427 2340 536 2386 293.
568 2345 722 2384 Nonius
753 2359 790 2396 p.
812 2345 910 2396 496,
941 2345 993 2383 18
1028 2341 1261 2395 ‘Genetiuus
1293 2355 1405 2382 casus
1437 2344 1590 2394 positus
1623 2355 1696 2393 pro
1729 2354 1840 2382 accu-

308 2406 449 2444 satiuo.
496 2436 502 2443 .
532 2436 539 2443 .
569 2435 576 2442 .
609 2405 786 2443 Lucilius
830 2405 1056 2455 satyrarum
1093 2403 1160 2442 lib.
1181 2403 1259 2441 VII
1292 2399 1451 2442 “tristis
1484 2433 1521 2441 ..
1542 2432 1550 2440 .
1585 2398 1838 2442 bonorum''.'

306 2465 475 2504 Videtur
510 2460 688 2504 Lucilius
725 2477 842 2504 senex
880 2477 1017 2503 senum
1047 2465 1229 2502 incusare
1260 2463 1469 2502 tristitiam
1500 2463 1619 2501 sicuti
1649 2460 1839 2501 Horatius

305 2525 381 2563 ΑΡ
414 2526 495 2563 172
536 2521 700 2563 ‘dilator
736 2536 805 2574 spe
841 2524 1002 2575 longus,
1044 2524 1168 2573 iners,
1211 2521 1429 2572 auidusque
1469 2522 1612 2571 futuri,
1654 2521 1842 2571 difficilis,

307 2581 528 2635 querulus':
553 2583 784 2623 fastidiosus
809 2583 1002 2623 bonorum
1028 2585 1088 2622 est
1113 2595 1229 2622 senex
1255 2582 1363 2632 apud
1386 2581 1598 2620 Horatium
1617 2581 1642 2619 l.
1663 2593 1692 2621 s.
1713 2575 1840 2635 (1170)

308 2645 377 2694 qui
421 2640 594 2694 ‘quaerit
642 2645 684 2682 et
732 2645 906 2683 inuentis
953 2644 1077 2682 miser
1116 2641 1290 2681 abstinet
1333 2654 1379 2681 ac
1421 2642 1538 2680 timet
1580 2637 1668 2680 uti'.
1741 2639 1845 2680 Conf

305 2703 465 2742 Afranii
500 2717 538 2741 u.
566 2704 649 2742 252
676 2703 712 2741 R
751 2700 904 2741 ‘uixisti
945 2703 1073 2742 tristis
1111 2701 1231 2740 durus
1269 2700 1443 2740 difficilis
1483 2697 1630 2740 tenax’.
1697 2700 1840 2750 Itaque

305 2777 342 2802 u.
371 2764 455 2802 294
489 2763 558 2813 qui
583 2764 762 2813 sequitur
785 2775 918 2802 senem
943 2762 1165 2811 dilatorem,
1195 2761 1265 2811 qui
1290 2760 1490 2800 antecedit
1516 2761 1599 2799 292
1631 2759 1840 2810 querulum

306 2823 504 2862 describit.
562 2821 790 2872 Genetiuus,
820 2823 866 2861 ut
896 2822 1077 2861 fastidire
1101 2820 1413 2872 Agamemnonis
1438 2819 1505 2858 lib.
1525 2818 1657 2858 XXVI
1682 2833 1718 2857 u.
1741 2819 1838 2859 654.

307 2882 466 2934 Pugnat
507 2883 549 2920 in
592 2883 666 2921 hac
718 2884 918 2921 structura
960 2881 1171 2920 uerborum
1224 2880 1445 2930 antiquitus
1495 2880 1701 2930 genetiuus
1751 2891 1839 2917 cum

306 2942 502 2981 ablatiuo:
551 2942 670 2981 sicuti
717 2942 760 2980 in
810 2942 899 2981 aliis
947 2942 1077 2980 uictor
1126 2939 1262 2978 euadit
1311 2939 1522 2979 ablatiuus.
1602 2937 1839 2977 Genetiuum

308 3001 533 3054 absolutum
572 3002 794 3050 antiquitus
831 3013 1029 3052 pugnasse
1066 3013 1155 3039 cum
1202 2998 1379 3038 ablatiuo
1416 2999 1588 3038 testatur
1623 2999 1732 3037 locus
1755 2996 1840 3051 *XII
