2060 3444
349 278 395 313 VI
622 279 902 313 PRAEFATIO.
954 279 1199 313 ADDENDA.
1251 279 1574 314 CORRIGENDA.

348 393 507 443 zeitung
543 392 654 430 1904
688 405 723 441 p.
747 392 860 430 3088
883 405 1001 441 seqq,
1033 390 1131 429 nihil
1164 392 1260 430 fecit
1290 392 1367 430 nisi
1398 391 1444 429 dc
1474 405 1555 430 una
1581 393 1881 442 quaestiuncula

346 452 532 490 Noniana
569 464 681 490 suam
721 451 862 489 iterum
901 451 1071 501 protulit
1108 451 1347 490 sententiam
1385 465 1462 490 non
1501 452 1744 503 argumentis
1788 464 1880 491 usus

347 511 415 550 sed
447 510 686 550 confidentia
718 510 812 549 sola.
875 511 1013 560 Neque
1057 510 1239 560 equidem
1276 510 1358 548 dixi
1389 511 1565 549 Nonium
1601 511 1742 562 legisse
1782 513 1882 551 tam-

347 583 470 621 quam
501 570 727 609 Hebraeum
759 569 936 620 singulos
968 569 1089 608 libros
1121 569 1266 608 Lucilii
1297 572 1343 608 ut
1379 569 1429 609 ab
1461 570 1648 610 umbilico
1679 571 1882 622 inciperet,

347 629 415 668 sed
446 630 596 668 scholia
621 630 695 668 hoc
726 629 842 668 modo
875 641 963 668 eum
996 629 1200 680 collegisse
1237 629 1343 679 quod
1381 629 1581 668 diuersum
1611 631 1688 669 est:
1726 630 1881 670 ordines

346 689 589 728 Horatianos
611 683 1084 742 (prolegg.p.LXXXIII)
1099 688 1303 728 Tullianos
1318 689 1578 740 epistularum
1591 685 1647 742 (p.
1661 684 1882 744 LXXXIV)
1927 683 1928 686 ¹

348 749 574 788 Lucilianos
638 744 693 802 (p.
726 747 938 787 LXXXVI.
989 748 1233 804 LXXXVIII
1263 743 1391 802 seqq.)
1433 750 1520 787 tum
1569 749 1725 802 demum
1775 750 1884 789 casui

348 808 533 857 tribuam,
577 822 666 847 cum
711 810 850 858 aptum
894 810 934 846 et
977 808 1123 846 bonum
1168 822 1187 846 e
1232 809 1431 848 contrario
1475 809 1655 848 adlatum
1697 809 1774 848 erit
1814 811 1885 848 aut

350 869 572 919 exemplum
605 870 678 906 aut
709 870 994 919 argumentum.
1057 868 1172 906 Nunc
1204 868 1251 907 de
1283 868 1530 908 Academicis
1563 867 1762 907 Ciceronis
1790 870 1886 919 quia

347 929 499 978 periere
536 928 676 966 melius
714 929 791 966 erit
828 927 1008 966 cohibere
1047 926 1246 966 iudicium.
1310 927 1370 967 De
1401 929 1661 978 epistolarum
1692 928 1786 966 libri
1810 928 1884 967 XV

349 989 447 1027 serie
480 987 703 1026 addendum
730 989 800 1036 est,
831 987 923 1026 inde
949 986 1005 1026 ab
1024 987 1141 1026 initio
1167 999 1252 1037 cap.
1271 987 1329 1026 IV
1354 987 1487 1037 Nonii,
1519 999 1598 1038 quo
1624 987 1885 1038 epistularum

348 1047 441 1085 libri
472 1047 545 1085 XV
576 1047 648 1086 illa
685 1048 805 1086 series
841 1046 1066 1095 inuenitur,
1104 1046 1239 1086 eodem
1277 1047 1393 1086 modo
1434 1048 1540 1086 locos
1573 1047 1885 1087 Tusculanarum

350 1119 432 1146 esse
460 1106 688 1157 dispositos,
721 1107 793 1146 hoc
825 1106 958 1145 modo:

638 1190 739 1229 Non
767 1203 851 1240 cap.
871 1189 929 1254 IV
962 1204 997 1240 p.
1023 1189 1194 1239 235,19
1227 1206 1274 1222 ω
1306 1191 1418 1230 'lusca
1441 1190 1473 1226 V
1504 1191 1557 1229 62

1019 1251 1116 1298 241,
1168 1252 1191 1288 9
1225 1266 1271 1281 ω
1350 1280 1372 1299 ,,
1440 1250 1477 1287 V
1504 1251 1557 1288 57

1019 1310 1116 1358 251,
1139 1311 1191 1347 23
1225 1325 1271 1341 ω
1351 1339 1372 1358 ,,
1441 1309 1475 1345 V
1533 1311 1557 1348 4

1017 1370 1114 1417 259,
1138 1370 1189 1407 17
1224 1385 1270 1401 ω
1349 1399 1369 1418 ,,
1437 1369 1478 1407 ΙΙ
1505 1370 1559 1408 54

1018 1429 1114 1479 264,
1137 1429 1192 1466 30
1224 1444 1270 1460 ω
1350 1458 1371 1478 ,,
1458 1429 1479 1467 Ι
1505 1430 1559 1467 43

780 1272 837 1454 ΙΙΙΙ

1019 1541 1116 1609 266,
1170 1562 1191 1598 7
1226 1576 1272 1592 ω
1352 1591 1372 1610 ,,
1440 1560 1476 1596 v
1505 1562 1557 1599 97

1017 1620 1115 1668 266,
1167 1621 1191 1659 9
1224 1636 1271 1651 ω
1351 1650 1371 1670 ,,
1439 1619 1475 1657 v
1504 1621 1557 1658 15

1019 1680 1191 1727 269,12
1225 1695 1272 1711 ω
1351 1709 1372 1730 ,,
1456 1679 1476 1718 1
1505 1681 1558 1718 22

780 1582 837 1706 31!

781 1833 837 1837 —
1018 1811 1115 1859 270,
1166 1811 1191 1849 8
1224 1826 1271 1842 ω
1350 1840 1370 1860 ,,
1420 1810 1478 1849 1v
1506 1811 1559 1849 63

784 1892 837 1897 -
1020 1872 1117 1919 272,
1140 1870 1193 1909 25
1227 1886 1274 1901 ω
1352 1900 1374 1919 ,‚
1459 1870 1479 1908 1
1506 1871 1560 1908 42

744 1950 747 1953 -
787 1952 839 1956 —-
1023 1931 1119 1979 272,
1141 1931 1192 1968 31
1229 1946 1274 1961 ω
1352 1959 1376 1981 ,,
1462 1930 1573 1968 137.

471 2014 516 2053 In
544 2015 687 2064 quibus
714 2014 1003 2054 constituendis
1029 2013 1208 2053 codicum
1234 2013 1411 2053 ordinem
1431 2016 1588 2053 secutus
1608 2026 1705 2065 sum,
1731 2014 1889 2065 neglexi

351 2074 548 2114 editorum
580 2075 922 2126 transpositiones.
980 2072 1037 2113 At
1068 2074 1297 2124 saepissime
1328 2073 1429 2113 tales
1461 2073 1619 2113 ordines
1645 2070 1888 2133 disturbatos

352 2147 434 2174 esse
467 2137 635 2185 apparet
666 2134 792 2173 ueluti
824 2146 909 2184 cap.
930 2134 950 2172 I
980 2134 1104 2172 Nonii
1134 2134 1287 2184 primus
1319 2133 1496 2172 omnium
1526 2133 1607 2173 hic:

822 2231 858 2268 p.
883 2218 950 2267 16,
972 2218 1025 2255 25
1059 2233 1105 2251 ω
1137 2217 1250 2256 Tusc.
1277 2216 1335 2254 IV
1364 2217 1416 2255 16

819 2290 856 2327 p.
879 2277 947 2326 26,
968 2277 1022 2315 25
1055 2292 1102 2308 ω
1180 2306 1201 2326 ,,
1268 2276 1330 2315 III
1356 2277 1410 2314 42

778 2333 854 2388 †p.
878 2338 944 2384 29,
966 2337 1018 2375 31
1053 2352 1100 2368 ω
1179 2366 1201 2386 ,,
1267 2336 1330 2374 III
1357 2338 1412 2374 74

819 2410 856 2446 p.
879 2397 947 2444 32,
970 2397 1023 2434 12
1056 2411 1103 2427 ω
1182 2425 1203 2445 ,,
1289 2396 1330 2435 11
1355 2396 1410 2434 45

819 2470 856 2506 p.
880 2458 946 2504 35,
969 2457 1021 2494 26
1055 2471 1102 2487 ω
1181 2485 1201 2505 ,,
1311 2455 1331 2494 Ι
1357 2457 1413 2494 47

822 2529 858 2565 p.
882 2518 948 2565 36,
972 2516 1026 2554 14
1059 2531 1106 2568 νγ
1147 2555 1150 2557 ,
1185 2545 1206 2564 ,,
1314 2515 1335 2554 I
1361 2515 1431 2553 46.

471 2600 651 2650 Denique
689 2599 823 2638 Plauti
861 2599 1113 2638 Aululariam
1149 2599 1217 2638 bis'
1248 2598 1385 2638 ordine
1424 2607 1608 2637 uersuum
1649 2597 1795 2636 adferri
1826 2598 1886 2636 iti-¹

352 2672 467 2698 uerso
505 2659 584 2698 iam
625 2659 869 2698 Schmidtius
908 2658 1138 2698 obseruauit
1174 2658 1215 2696 in
1252 2658 1354 2697 libro
1393 2658 1440 2697 de
1476 2657 1608 2697 Nonio
1645 2670 1683 2707 p.
1705 2658 1730 2695 3
1772 2655 1890 2696 sicuti

354 2721 433 2758 tres
476 2718 636 2758 fabulae
679 2718 814 2757 Plauti
855 2719 1019 2758 inuerso·
1061 2718 1197 2758 ordine
1242 2718 1476 2757 adferuntur
1514 2731 1551 2768 p.
1575 2717 1677 2768 266,
1707 2717 1760 2755 18
1781 2729 1887 2768 seqq.

471 2779 636 2818 Errores
680 2779 890 2818 nonnullos
933 2779 975 2817 in
1019 2778 1303 2822 commentario
1347 2776 1605 2816 correximus:
1648 2788 1751 2814 nunc
1791 2777 1889 2815 haec

353 2839 469 2877 erunt
493 2838 684 2878 addenda.
741 2838 805 2876 Ad
837 2852 873 2877 u.
897 2835 1164 2877 124-‘exinde
1191 2834 1427 2877 Salernum’.
1459 2836 1554 2876 conf
1576 2835 1654 2875 Cic.
1681 2835 1731 2875 ad
1750 2836 1834 2875 Att.
1851 2835 1889 2874 V

357 2901 393 2947 1,
415 2900 440 2936 4
469 2895 570 2950 ‘Ego
594 2898 687 2937 inde
714 2894 944 2948 Aquinum'.
965 2919 1023 2925 —-
1042 2894 1106 2936 Ad
1130 2911 1167 2936 u.
1190 2898 1274 2936 353
1303 2894 1364 2935 ‘ut
1388 2892 1569 2935 dicimus’
1597 2896 1692 2935 conf
1710 2895 1889 2946 exempla

353 2958 520 2996 collecta
556 2971 580 2996 a
617 2958 818 3009 Draegero
859 2959 961 3008 synt.
987 2958 1079 2997 hist.
1104 2958 1130 2996 l.
1150 2956 1193 2995 L.
1220 2951 1280 2996 11²
1309 2970 1346 3007 p.
1369 2957 1465 2996 636.
1499 2977 1547 2982 -—
1587 2955 1633 2992 V.
1656 2955 1739 2994 376
1775 2952 1889 3005 ‘eque

354 3013 522 3056 labores’
556 3029 639 3056 sese
668 3017 750 3055 iam
780 3017 1032 3068 proposuisse
1062 3017 1104 3055 in
1135 3016 1239 3055 thesi
1263 3016 1341 3055 VH
1372 3015 1662 3055 dissertationis
1687 3014 1736 3053 de
1761 3014 1887 3054 nomi·
1930 3012 1935 3016 “
