2060 3444
812 246 913 281 XXX
938 258 973 281 u.
1004 249 1250 282 1075—1078.
1720 247 1808 290 343

254 361 377 414 μυχός
413 359 577 414 ἄχύριον
615 360 872 411 appellantur
915 359 996 400 tab.
1022 360 1179 399 Heracl.
1207 360 1227 398 Ι
1256 362 1339 399 142
1376 358 1539 413 (Gaueri
1576 361 1715 401 delect.
1747 363 1807 400 in-

253 422 388 473 script.
415 420 480 461 Gr.
508 420 556 460 ed
580 419 622 459 II
649 421 706 460 40
738 419 914 473 Kaibelii
944 419 1071 459 IGSI
1099 415 1216 474 645).

376 476 518 522 1076.
550 481 705 520 Nonius
731 494 769 531 p.
793 481 890 530 137,
918 481 972 519 28
1003 477 1200 531 ‘Mictyris
1228 475 1418 534 (mictiris
1447 481 1484 520 G
1503 494 1553 520 m.
1578 485 1615 527 1,
1640 482 1806 521 mictilis

253 555 302 582 m.
323 537 390 596 2),
427 541 672 593 paupercula
715 541 996 592 pulmentaria.
1066 540 1244 581 Lucilius
1289 541 1357 580 lib.
1382 541 1467 580 XX
1505 538 1808 592 “pulmentaria

251 603 445 643 utentibus
476 604 548 641 aut
579 602 740 651 aliquod
771 614 895 653 genus
926 601 1050 641 herba
1082 604 1122 640 et
1154 601 1215 640 ius
1248 614 1455 641 menarum
1487 602 1586 641 bene
1618 603 1741 642 habet
1766 616 1806 642 se

251 663 434 714 mictyris
465 663 564 702 haec
590 663 651 702 est
681 658 839 702 meri''.’
903 662 1015 701 Idem
1046 676 1084 713 p.
1108 663 1206 712 209,
1233 663 1257 700 3
1294 659 1443 701 ‘Intiba
1475 663 1631 714 generis
1662 664 1805 702 neutri.

283 754 290 762 .
314 755 321 762 .
348 722 571 763 masculini.
614 722 793 762 Lucilius
820 753 828 760 .
850 754 857 760 .
879 753 887 761 .
914 722 1020 761 idem
1052 723 1162 761 XXX
1196 719 1498 773 “pulmentaria
1519 754 1526 761 .
1549 754 1556 760 .
1579 755 1586 762 .
1613 724 1750 772 aliqua
1775 727 1810 763 et

189 788 191 791 ⁴
250 783 294 823 id
337 796 463 836 genus
507 779 691 823 herba''.'
754 782 876 822 Libro
920 783 1030 822 XXX
1074 782 1288 833 adscripsit
1331 783 1632 833 Lachmannus,
1682 786 1806 824 recte:

251 857 346 883 nam
377 844 538 883 facilius
570 857 651 883 una
682 843 717 882 X
748 845 847 883 nota
879 856 903 883 a
934 843 1100 882 librario
1133 843 1266 882 omitti
1298 845 1434 893 potuit
1459 857 1578 894 quam
1610 844 1703 882 addi
1734 858 1807 895 per

248 913 437 944 errorem.
487 903 655 943 Accedit
674 903 780 954 quod
800 917 862 955 ap.
883 904 986 944 Non.
1000 918 1039 954 p.
1058 905 1140 943 137
1164 904 1447 944 commendant
1466 918 1673 944 numerum
1694 905 1806 944 XXX

251 978 298 1005 ea
337 978 438 1016 quae
480 966 667 1004 secuntur
703 965 895 1004 lemmata
932 964 983 1003 ad
1020 963 1088 1003 lib.
1116 963 1269 1002 XXVII
1307 966 1348 1003 et
1378 965 1512 1003 XXVI
1549 966 1804 1015 pertinentia.

250 1027 350 1066 meri
387 1025 493 1076 quod
530 1027 574 1064 in
611 1026 722 1064 exitu
758 1037 898 1065 uersus
937 1025 1103 1064 alterius
1140 1025 1319 1075 positum
1358 1027 1418 1065 est
1457 1039 1519 1076 ap.
1544 1025 1740 1077 Nonium,
1786 1040 1805 1064 c

251 1087 437 1137 sequenti
468 1089 650 1125 mertaret
681 1086 814 1130 ortum
846 1098 930 1125 esse
961 1084 1161 1125 intellexit
1192 1085 1374 1124 Rothius.
1437 1087 1574 1135 aliqua
1612 1086 1654 1125 id
1681 1099 1806 1135 aemes

251 1147 441 1187 editores:
474 1145 553 1185 Cic.
580 1146 630 1184 ad
662 1145 748 1185 Att.
776 1145 875 1185 XIII
903 1148 970 1196 12,
999 1147 1023 1186 3
1059 1143 1276 1185 ‘orationes
1303 1144 1375 1184 aut
1401 1146 1554 1196 aliquid
1579 1146 1621 1184 id
1648 1143 1803 1198 genus’.

250 1207 308 1246 At
334 1206 441 1257 quod
465 1219 677 1257 perperam
703 1205 898 1256 scriptum
923 1208 984 1246 est
1013 1220 1052 1257 p.
1075 1207 1160 1246 209
1190 1203 1345 1256 ‘aliqua
1370 1208 1410 1245 et
1434 1206 1476 1245 id
1502 1219 1627 1258 genus
1653 1204 1806 1257 herba',

249 1267 343 1307 inde
386 1267 529 1307 melius
573 1267 651 1306 erit
694 1266 802 1317 quod
844 1266 927 1305 iam
966 1267 1064 1306 fecit
1101 1265 1317 1306 Onionsius
1354 1279 1589 1318 recuperare
1633 1267 1805 1306 formam

251 1328 409 1377 almae
446 1327 495 1366 de
534 1340 614 1378 qua
653 1327 817 1378 interpr.
846 1327 896 1366 ad
934 1326 1048 1366 Lucr.
1068 1327 1127 1365 IV
1155 1327 1240 1366 263
1278 1326 1559 1367 Lachmannus
1600 1327 1651 1367 ad
1689 1327 1804 1367 Lucr.

250 1388 310 1427 IV
337 1388 421 1427 638
454 1388 616 1427 Neueus
649 1387 697 1426 de
734 1388 873 1427 formis
911 1388 937 1426 1.
963 1387 1051 1427 Lat.
1087 1381 1199 1442 (edit.
1226 1381 1306 1441 III)
1339 1387 1381 1427 Π
1411 1401 1449 1438 p.
1470 1389 1569 1427 476.
1631 1389 1805 1438 mictyris

252 1448 359 1499 quod
401 1448 578 1488 traditur
614 1449 656 1486 in
701 1462 736 1486 u.
776 1447 923 1487 Lucilii
965 1450 1006 1487 et
1048 1449 1090 1487 in
1133 1449 1322 1488 lemmate
1366 1462 1391 1487 a
1429 1449 1503 1488 cod
1540 1448 1727 1487 Leidensi
1765 1450 1805 1487 et

252 1508 567 1559 Guelferbytano
598 1523 650 1547 m.
674 1510 711 1558 1,
743 1508 855 1548 nolui
878 1510 1047 1548 mutare.
1103 1508 1173 1547 Nil
1201 1508 1279 1547 nisi
1306 1509 1536 1548 coniectura
1561 1509 1718 1548 librarii
1744 1511 1805 1549 est

250 1569 352 1609 illud
401 1568 574 1619 mictilis,
625 1568 791 1620 μυστίλη
837 1582 960 1619 quam
1002 1569 1199 1608 memorat
1241 1569 1385 1608 Pollux
1430 1569 1488 1608 VI
1521 1570 1575 1608 87
1623 1570 1805 1621 agnoscit

252 1629 532 1669 Lachmannus
553 1628 622 1680 qui
646 1629 858 1680 proposuit
882 1630 918 1669 si
942 1630 1099 1679 mystila
1123 1631 1227 1671 sicca
1247 1632 1312 1675 est,
1339 1629 1516 1681 μυστιλίς
1535 1629 1803 1669 Buechelerus

251 1690 294 1728 in
315 1689 516 1729 Thesauro
537 1689 761 1741 glossarum
780 1689 1081 1728 emendatarum
1101 1702 1129 1728 s.
1150 1703 1188 1728 u.
1207 1691 1373 1729 mictilis.
1426 1689 1543 1736 Quod
1561 1690 1802 1729 uocabulum

253 1750 472 1789 formatum
511 1752 558 1788 ut
599 1749 848 1802 πλημμυρίς,
893 1751 938 1788 ut
981 1747 1148 1802 ἁλμυρίς
1192 1749 1242 1788 ab
1287 1748 1391 1802 ἅλμη
1428 1750 1488 1789 ita
1526 1763 1551 1789 a
1588 1748 1723 1801 μικτός
1763 1752 1804 1789 et

252 1809 477 1862 significare
518 1809 680 1848 uidetur
715 1810 958 1849 miscillanea
996 1810 1083 1849 ludi
1120 1823 1238 1860 quem
1282 1809 1415 1849 cibum
1453 1810 1634 1860 appellat
1664 1810 1802 1850 quen.

252 1871 308 1909 XI
337 1871 403 1909 20.
467 1870 616 1922 Agitur
653 1870 700 1908 de
738 1869 836 1909 cibis
875 1871 944 1920 qui
976 1871 1140 1922 aegroto
1180 1871 1438 1909 conueniant:
1482 1870 1657 1910 Scribon.
1684 1870 1800 1923 Larg.

252 1943 337 1981 cap.
366 1931 451 1970 104
479 1963 486 1970 .
510 1962 517 1968 .
539 1963 547 1969 .
575 1927 810 1981 ‘proderunt
841 1932 882 1969 et
911 1930 1043 1969 intubi
1075 1931 1177 1970 cocti
1210 1931 1274 1970 uel
1306 1931 1418 1970 crudi
1450 1943 1498 1969 ex
1534 1933 1664 1981 aceto,
1702 1932 1801 1970 item

251 1991 431 2031 lactucae
475 1991 607 2030 caules
648 2003 737 2030 cum
781 1991 889 2030 foliis
933 2004 980 2030 ex
1023 2003 1144 2042 posca
1188 1991 1358 2041 decocti,
1403 1990 1597 2030 conchula
1634 1992 1802 2041 marina,

250 2063 469 2102 purpurae,
512 2047 696 2090 murices’
736 2050 835 2091 Cels.
862 2051 923 2090 III
955 2063 1039 2102 cap.
1063 2052 1086 2090 6
1121 2065 1158 2102 p.
1180 2052 1254 2101 87,
1283 2052 1336 2091 33
1375 2051 1557 2091 Daremb.
1593 2048 1669 2090 ‘uti
1713 2051 1800 2102 cibo

251 2111 378 2151 serius
415 2113 456 2150 et
491 2111 622 2150 rarius
749 2112 1001 2162 maximeque
1036 2111 1227 2161 oleribus,
1266 2112 1404 2163 qualia
1445 2112 1541 2151 sunt
1578 2112 1801 2163 lapathum,

251 2173 399 2221 urtica,
447 2172 603 2221 malua,
652 2171 718 2210 uel
760 2171 846 2211 iure
891 2173 1014 2210 etiam
1059 2172 1317 2222 concharum,
1366 2173 1687 2211 musculorumue
1731 2175 1802 2211 aut

250 2229 526 2271 locustarum’.
594 2232 705 2271 Haec
743 2233 990 2283 aegrotantis
1029 2234 1122 2271 sunt
1158 2233 1368 2271 alimenta:
1414 2232 1484 2283 qui
1522 2233 1641 2272 simul
1679 2234 1800 2283 atque

252 2305 292 2332 se
341 2291 440 2330 bene
489 2291 634 2331 habere
685 2292 834 2342 coepit,
883 2292 982 2331 haec
1023 2294 1084 2331 est
1119 2293 1321 2342 mictyris,
1364 2293 1390 2330 i.
1411 2305 1441 2332 e.
1482 2293 1594 2331 cibus
1634 2293 1728 2332 uilis
1761 2295 1801 2331 et

253 2353 515 2402 contemptus.
570 2352 693 2391 Recte
731 2353 823 2391 bene
861 2352 975 2391 habet
1010 2363 1050 2392 se
1088 2352 1205 2391 codd:
1243 2353 1379 2404 agitur
1419 2352 1468 2391 de
1499 2352 1722 2391 ualitudine
1755 2355 1801 2391 ut

250 2411 376 2451 lib.V
401 2425 439 2450 u.
462 2412 543 2451 181
594 2409 688 2462 ‘quo
738 2424 800 2451 me
849 2411 1017 2452 habeam
1062 2408 1196 2462 pacto'
1241 2412 1346 2451 Flor.
1379 2412 1420 2451 H
1454 2414 1507 2451 13
1547 2406 1626 2466 (IV
1659 2407 1704 2467 2)
1743 2414 1797 2452 68

253 2469 475 2523 ‘respondit
503 2472 579 2511 hoc
603 2473 736 2522 ipsum
763 2469 894 2511 “bene
919 2485 960 2512 se
985 2473 1108 2512 habet
1137 2469 1388 2523 imperator''
1406 2469 1417 2486 '
1446 2471 1525 2511 Oic.
1554 2473 1606 2511 ad
1637 2472 1721 2511 Att.
1743 2473 1799 2511 XI

255 2533 292 2581 7,
319 2533 345 2571 4
379 2529 426 2571 ‘ii
461 2535 597 2572 tamen
632 2532 713 2583 ipsi
750 2545 791 2572 se
828 2532 902 2572 hoc
939 2533 1082 2572 melius
1119 2532 1270 2572 habent
1300 2545 1422 2583 quam
1452 2530 1553 2571 nos'.
1616 2533 1798 2583 mictyris

251 2592 349 2631 haec
380 2594 457 2632 est:
488 2592 580 2631 uide
612 2592 663 2631 ad
694 2592 763 2631 lib.
783 2593 914 2632 XXIX
939 2607 976 2632 u.
999 2593 1096 2632 886.

374 2647 516 2692 1078.
547 2652 702 2692 Nonius
734 2667 771 2703 p.
793 2653 892 2702 344,
914 2654 968 2692 23
1003 2650 1162 2702 ‘Meret,
1194 2654 1377 2692 meretur.
1440 2652 1643 2704 Vergilius
1674 2652 1742 2691 lib.
1763 2653 1798 2691 X

253 2706 379 2765 (492)
401 2709 594 2762 “qualem
611 2714 770 2762 meruit,
790 2712 980 2752 Pallanta
1004 2710 1197 2752 remitto”
1226 2714 1267 2751 et
1290 2712 1359 2751 lib.
1379 2713 1438 2750 IV
1458 2706 1584 2766 (317)
1607 2709 1675 2751 “si
1699 2712 1798 2751 bene

252 2771 350 2821 quid
393 2772 441 2810 de
484 2773 525 2810 te
569 2769 740 2811 merui'’.
802 2773 855 2811 M.
882 2773 1037 2812 Tullius
1076 2772 1127 2811 ad
1172 2772 1381 2811 Gaesarem
1420 2772 1618 2811 iuniorem
1663 2772 1731 2810 lib.
1756 2773 1798 2810 H

254 2827 405 2880 “quem
453 2832 602 2882 perisse
650 2833 710 2871 ita
759 2832 806 2871 de
855 2832 1060 2883 republica
1109 2834 1326 2871 merentem
1382 2832 1585 2871 consulem
1635 2828 1795 2870 dole0”.

252 2889 431 2929 Lucilius
473 2890 542 2929 lib.
567 2891 679 2929 XXX
726 2888 913 2940 “publica
963 2893 1043 2940 leqc
1091 2893 1137 2930 ut
1185 2904 1356 2940 mereas,
1405 2893 1565 2942 praesto
1616 2892 1677 2930 est
1719 2891 1796 2930 tibi

253 2946 499 3000 quaestor’'.'
556 2949 644 2988 Liu.
664 2950 723 2989 IV
749 2951 817 3000 43,
844 2952 870 2989 4
902 2951 1028 2990 tradit
1059 2953 1211 2990 creatos
1239 2963 1322 2990 esse
1350 2947 1595 3001 ‘quaestores
1621 2950 1699 2989 duo
1726 2951 1796 3001 qui

253 3010 481 3049 consulibus
526 3010 575 3048 ad
620 3011 843 3049 ministeria
886 3010 982 3058 belli
1025 3011 1184 3061 praesto
1229 3006 1387 3060 essent',
1426 3009 1504 3049 Cic.
1531 3010 1643 3049 Verr.
1670 3010 1712 3049 II
1741 3013 1790 3050 11
