2060 3444
884 264 899 299 1
925 276 960 300 u.
989 266 1139 300 zie—41.
1739 261 1793 303 21

250 384 323 424 aut
352 395 533 423 serenum
564 381 703 421 fecisse
736 379 938 431 putandus
970 379 1047 419 est:
1085 378 1154 419 sed
1191 391 1236 418 00
1275 378 1360 417 fato
1397 376 1530 417 hercle
1560 377 1797 417 morientem

249 442 408 484 induxit
437 441 596 493 Lupum
628 454 706 492 quo
738 440 894 479 nullum
924 440 1060 491 potuit
1090 451 1174 478 esse
1207 439 1270 478 uel
1302 438 1459 489 turpius
1498 438 1562 477 uel
1594 436 1796 477 festinius:

250 517 332 556 qua
362 503 412 543 de
442 516 485 542 re
517 502 670 554 egimus
702 501 752 541 ad
784 515 821 540 u.
844 500 911 540 54.

371 557 450 603 40.
492 562 620 602 Iulius
658 561 893 601 Rufinianus
932 560 980 599 de
1018 559 1156 612 figuris
1194 560 1363 598 sentent.
1397 560 1437 598 et
1474 558 1617 598 elocut.
1639 558 1692 596 26
1728 557 1796 596 RL

249 638 288 677 p.
309 624 379 675 45,
406 624 430 663 6
458 623 497 662 H
531 619 747 675 QEpagoge
810 621 856 660 fit
892 621 990 660 haec
1021 633 1067 659 ex
1098 633 1231 658 rerum
1263 618 1455 658 similium
1488 618 1700 657 collatione
1732 618 1797 657 uel

250 685 587 737 argumentorum,
607 683 721 723 salua
739 683 874 721 tamen
895 679 1167 721 similitudine.
1219 691 1381 718 rerum.
1434 710 1441 716 .
1470 680 1797 730 argumentorum

251 747 396 795 autem,
421 745 467 783 ut
491 744 644 783 Lucius
671 737 735 800 (1.
741 742 878 782 Dousa
902 734 1138 794 Lucilius)‘
1145 736 1254 778 ‘nam
1280 740 1342 779 si
1396 739 1535 790 .prius
1559 740 1799 778 haematinum

249 806 417 845 uentum
448 804 614 855 inquam
645 803 764 843 tollas
796 804 824 841 t.
846 815 876 841 c.
898 815 934 853 q.
955 802 980 839 i.
1001 797 1042 839 1.'
1049 797 1088 838 '.'
1147 799 1310 849 Versus,
1342 813 1431 839 cum
1464 801 1602 850 aperte
1627 798 1692 838 dei
1717 799 1799 838 sint

250 865 434 915 oratoris,
472 864 575 904 libro
613 864 743 916 primo
779 864 886 902 recte
927 831 1140 911 adscripsit
1170 860 1201 899 Ι.
1221 830 1421 900 Bec'kerus
1453 859 1596 898 Philol.
1616 858 1655 896 V
1683 860 1798 898 1850

248 940 287 978 p
313 927 414 966 734.
446 938 526 965 11011
556 926 663 964 recte
700 923 745 963 L.
764 922 980 962 Muellerus
1013 921 1245 988 comparato
1277 919 1456 971 Propert.
1476 919 1518 959 H
1546 920 1620 968 32,
1648 920 1702 958 49
1738 916 1798 958 ‘tu

247 987 359 1038 prius
414 987 455 1025 et
507 985 651 1024 fluctus
705 984 856 1035 poteris
912 984 1060 1023 siccare
1116 977 1307 1021 marinos'
1369 980 1678 1031 descriptionem
1729 984 1798 1019 τοῦ

248 1044 451 1086 ἀδυνάτου
482 1044 568 1085 fieri
598 1045 673 1084 hoc
703 1044 791 1084 loco
823 1043 977 1084 statuit.
1034 1043 1162 1081 Immo
1195 1043 1256 1082 est
1287 1039 1473 1094 ἐπαγωγή
1504 1041 1607 1080 teste
1638 1040 1798 1079 rhetore

250 1106 514 1147 similitudine
544 1105 708 1144 inducta.
739 1105 812 1143 illa
837 1117 941 1155 quae
967 1103 1190 1142 clarissima
1214 1103 1258 1141 in
1283 1103 1466 1141 ueterum
1491 1101 1615 1140 fuerit
1639 1100 1797 1140 litteris.

251 1167 346 1206 Solo
378 1166 530 1217 primus
562 1160 723 1219 (fragm.
749 1166 801 1203 12
829 1164 863 1203 Β
896 1177 958 1215 ap.
980 1163 1084 1202 Plut.
1107 1162 1186 1202 Sol.
1209 1157 1256 1216 3)
1289 1160 1327 1210 ἐξ
1360 1159 1519 1213 ἀνέμων
1548 1157 1591 1200 δὲ
1616 1159 1799 1200 θάλασσα

248 1225 489 1279 ταράσσεται·
529 1223 582 1278 ἢν
620 1223 663 1265 δέ
701 1240 759 1273 τις
797 1223 923 1276 αὐτήν
956 1222 1009 1276 μὴ
1042 1225 1151 1278 κινῇ,
1182 1222 1375 1262 πάντων
1406 1219 1486 1261 ἐστὶ
1518 1219 1799 1272 δικαιοτάτη

249 1286 319 1326 ubi
362 1286 561 1339 Bergkius
605 1285 774 1325 adnotat
818 1284 963 1324 Herod.
991 1284 1075 1323 VII·
1105 1284 1157 1322 16
1204 1279 1245 1322 σὲ
1273 1313 1280 1320 .
1309 1312 1317 1321 .
1347 1315 1354 1322 .
1392 1280 1622 1335 ἀνθρώπων
1665 1286 1800 1320 κακῶν

250 1345 397 1400 ὁμιλίαι
434 1345 673 1398 σφάλλουσι,
710 1344 882 1398 κατάπερ
913 1343 987 1397 τὴν
1024 1343 1186 1384 πάντων
1217 1341 1517 1397 χρησιμωτάτην
1548 1339 1800 1395 ἀνθρώποισι

250 1407 459 1447 θάλασσαν
502 1405 707 1459 πνεύματά
748 1417 871 1456 φασιν
910 1402 1067 1457 ἀνέμων
1105 1402 1347 1455 ἐμπίπτοντα
1385 1402 1434 1443 οὐ
1471 1407 1661 1456 περιορᾶν
1699 1401 1800 1452 φύσι

249 1469 298 1525 τῇ
335 1466 485 1520 ἑωυτῆς
522 1469 705 1520 χρῆσθαι.
745 1466 883 1516 Polyb.
910 1466 967 1505 XI
1000 1466 1075 1514 29,
1110 1467 1133 1504 9
1175 1463 1274 1503 ὅθεν
1317 1462 1393 1502 αἰει
1435 1462 1478 1503 τὸ
1522 1460 1799 1516 παραπλήσιον

249 1527 384 1576 πάθος
421 1527 632 1580 συμβαίνει
668 1526 761 1581 περί
794 1540 832 1566 τε
865 1524 958 1573 τοὺς
990 1495 1128 1578 ὄχλους
1159 1522 1226 1564 καὶ
1256 1522 1331 1575 τὴν
1363 1522 1577 1562 θάλατταν.
1605 1521 1799 1595 καθάπερ

250 1587 325 1661 γὰρ
362 1585 549 1660 κάκείνης
586 1603 612 1639 η
651 1584 722 1639 μὲν
756 1585 838 1626 ἰδία
870 1585 991 1637 φύσις
1024 1583 1128 1625 ἐστὶν
1161 1582 1340 1636 ἀβλαβὴς
1371 1586 1454 1631 τοῖς
1485 1580 1702 1636 χρωμένοις
1733 1580 1800 1621 καὶ

251 1647 454 1700 στάσιμος,
499 1646 594 1687 ὅταν
637 1644 695 1686 δὲ
723 1646 780 1694 εἰς
823 1644 950 1697 αὐτὴν
993 1642 1143 1717 ἐμπέση
1185 1642 1232 1683 τὰ
1268 1643 1474 1695 πνεύματα
1515 1642 1603 1698 βία,
1635 1639 1799 1694 τοιαύτη

251 1708 434 1781 φαίνεται
470 1710 553 1755 τοῖς
590 1704 825 1781 χρωμένοις,
863 1701 945 1746 οἶοί
979 1719 1081 1752 τινες
1122 1702 1172 1743 ἂν
1206 1698 1303 1744 ὦσιν
1335 1704 1379 1745 οἵ
1404 1705 1643 1750 κυκλοῦντες
1674 1700 1801 1754 αὐτὴν

251 1766 409 1821 ἄνεμοι,
452 1766 521 1808 τὸν
564 1766 687 1807 αὐτὸν
730 1764 878 1820 τρόπον
921 1763 988 1804 καὶ
1031 1763 1073 1805 τὸ
1111 1766 1269 1817 πλῆθος
1307 1761 1368 1803 ἀεὶ
1405 1778 1473 1803 και
1511 1763 1694 1815 φαίνεται
1734 1760 1801 1802 καὶ

251 1829 399 1882 γίνεται
431 1826 530 1880 πρὸς
560 1826 653 1874 τοὺς
683 1824 909 1880 χρωμένους
947 1824 1059 1874 οἴους
1090 1839 1141 1864 αν
1173 1822 1240 1880 ἔχῃ
1271 1823 1493 1875 προστάτας
1523 1823 1594 1863 καί
1622 1822 1799 1875 συμβού-

252 1892 346 1937 λους
372 1883 448 1942 (=
462 1888 558 1927 XXI
573 1889 640 1937 31,
663 1890 685 1927 9
718 1886 917 1927 Hultschii
943 1886 1031 1925 Liu.
1051 1884 1264 1924 XXXVIII
1287 1886 1354 1935 10,
1377 1885 1401 1924 5
1422 1884 1598 1923 XXVIH
1620 1885 1688 1933 27,
1713 1877 1799 1937 11).

251 1949 363 1989 Idem
400 1950 512 1988 extat
548 1948 677 1987 simile
709 1947 874 1997 Dionys.
901 1946 993 1985 Hal.
1020 1946 1126 1985 arch.
1154 1947 1324 1996 excerpt.
1352 1945 1469 1984 XVII
1498 1946 1551 1983 12
1594 1943 1799 1984 Demosth.

252 2010 301 2049 de
338 2009 426 2049 fals.
458 2008 535 2060 leg.
564 2009 647 2047 136
679 2021 718 2059 p.
741 2008 825 2047 383
852 2007 889 2046 R
918 2006 1092 2058 Appian.
1112 2005 1148 2044 b.
1170 2018 1201 2045 c.
1220 2005 1284 2045 m
1317 2006 1373 2045 20
1405 2006 1502 2044 extr.
1537 2003 1615 2044 Cio.
1644 2003 1800 2044 Cluent.

254 2070 338 2110 138
378 2069 456 2108 Dio
492 2068 605 2108 Prus.
637 2067 791 2108 XXXII
823 2068 877 2107 23
909 2067 931 2106 I
960 2081 999 2117 p.
1027 2066 1112 2106 273
1145 2065 1242 2105 Α111.
1317 2064 1634 2105 similitudinem
1679 2076 1801 2115 quam

251 2130 461 2182 uulgatam
503 2128 685 2180 appellat
726 2127 866 2167 Liuius
909 2126 1123 2166 XXXVIII
1156 2128 1229 2176 10,
1263 2126 1287 2165 5
1333 2125 1376 2164 in
1425 2125 1588 2177 apologi
1630 2125 1802 2164 formam

251 2190 490 2242 redegerunt
543 2190 700 2228 ueteres
749 2188 880 2228 ueluti
929 2187 1100 2227 Babrius
1153 2188 1220 2226 71.
1301 2186 1480 2226 Excusat
1528 2186 1655 2237 igitur
1703 2184 1801 2224 deus

251 2250 445 2302 populum
470 2249 697 2292 Romanum
723 2250 841 2288 antea
865 2247 1145 2298 tranquillum,
1169 2259 1275 2286 nunc
1301 2245 1563 2286 seditionibus
1582 2245 1802 2294 turbatum,

254 2308 487 2361 ‘postquam
512 2309 609 2349 flare
635 2309 778 2359 Lupus
805 2310 962 2358 lupique
986 2318 1240 2357 congerrones
1264 2302 1516 2358 coepissent',
1542 2307 1586 2344 ut
1616 2305 1803 2345 similiter

252 2371 393 2410 Liuius
430 2369 642 2410 XXXVIII
671 2370 743 2421 10,
771 2370 795 2408 5
835 2369 996 2420 scripsit
1032 2366 1193 2418 Polybii
1230 2368 1390 2407 uertens
1421 2366 1495 2406 illa
1525 2365 1621 2405 XXI
1648 2367 1717 2415 31,
1746 2366 1799 2404 13

253 2428 338 2471 ἐπεὶ
363 2424 402 2469 δ’
430 2427 508 2470 ἀπὸ
535 2426 606 2482 μὲν
631 2434 701 2482 τῆς
723 2423 856 2477 Ἀσίας
882 2427 1124 2476 πνεύσαντες
1148 2425 1255 2475 Θόας
1279 2424 1347 2466 καὶ
1372 2425 1628 2479 Δικαίαρχος,
1653 2423 1732 2466 ἀπὸ
1751 2422 1801 2465 ’δὲ

254 2495 323 2542 τῆς
348 2488 551 2543 Εὐρώπης
577 2491 786 2537 Μενεστᾶς
811 2486 880 2528 καὶ
905 2487 1154 2542 Δαμόκριτος
1179 2486 1450 2540 συνετάραξαν
1474 2485 1569 2534 τοὺς
1588 2483 1800 2539 ὄχλους...

254 2549 338 2591 τότε
387 2548 438 2601 δὴ
487 2554 618 2598 κακῶς
666 2554 912 2603 φρονοῦντες
941 2579 950 2587 .
985 2580 993 2588 .
1023 2578 1032 2588 .
1066 2545 1249 2601 ἐγένοντο
1299 2545 1437 2594 αὑτοῖς
1486 2545 1606 2586 αἴτιοι
1653 2550 1800 2584 κακῶν.

254 2611 394 2661 Neque
438 2610 518 2649 alio
562 2609 680 2649 modo
724 2609 831 2661 apud
869 2607 1069 2649 Lucilium
1113 2606 1372 2648 statuendum
1417 2608 1477 2646 est
1517 2606 1634 2646 deum
1673 2605 1802 2645 simile

256 2671 483 2710 exsecutum
514 2682 599 2710 esse
625 2682 747 2721 quarn
773 2668 908 2720 Scipio
935 2668 1043 2720 apud
1068 2667 1229 2707 Liuium
1254 2666 1429 2706 XXVIII
1456 2668 1524 2715 29,
1553 2668 1576 2704 7
1605 2663 1802 2706 ‘auctores

255 2730 463 2770 seditionis
496 2725 615 2784 (quos
647 2730 779 2769 uentis
811 2730 1115 2780 comparauerat
1147 2730 1215 2777 27,
1244 2721 1319 2781 11)
1351 2728 1546 2779 sauguine
1578 2723 1717 2765 luent’.
1746 2747 1801 2753 —-

377 2791 444 2830 41.
482 2786 642 2842 tollere]
681 2789 826 2829 fluctus
864 2802 944 2828 non
982 2789 1119 2828 eodem
1157 2800 1274 2828 sensu
1312 2787 1465 2827 dictum
1507 2798 1592 2826 esse
1636 2787 1803 2838 apparet

257 2863 335 2905 quo
366 2849 463 2890 Hor.
490 2862 609 2889 carm.
629 2849 650 2889 I
677 2850 716 2900 3,
744 2850 797 2889 16
827 2846 984 2889 ‘tollere
1008 2861 1078 2888 seu
1102 2861 1249 2899 ponere
1280 2847 1367 2887 uolt
1391 2843 1512 2886 freta'
1538 2846 1677 2886 quen.
1697 2846 1718 2886 I
1746 2847 1800 2885 82

258 2908 420 2951 ‘nimbis
461 2909 696 2950 tollentibus
733 2906 911 2961 aequor',
963 2908 1033 2948 sed
1076 2921 1164 2948 cum
1209 2907 1439 2959 adpositum
1481 2907 1535 2946 sit
1578 2919 1600 2946 0
1643 2906 1803 2960 gurgite

257 2971 364 3011 salso
388 2969 495 3009 idem
520 2969 720 3021 significat
744 2971 865 3020 atque
890 2968 958 3008 lib.
978 2968 1111 3009 XXIX
1134 2981 1171 3006 u.
1194 2968 1292 3008 807.
1320 2968 1419 3008 808.
1476 2965 1556 3007 Oic.
1576 2967 1625 3006 de
1647 2979 1723 3006 am.
1745 2967 1800 3005 47

260 3028 399 3071 ‘solem
437 3043 458 3070 0
494 3029 642 3069 mundo
678 3026 848 3079 tollere'‚
891 3029 932 3068 id
971 3031 1031 3068 est
1068 3041 1263 3068 amouere.
1302 3049 1358 3056 —
1396 3028 1596 3067 uenti...
1623 3027 1804 3067 Emathii
