2060 3444
852 292 904 327 111
928 304 963 328 u.
993 295 1192 329 110-111,
1750 292 1808 336 53

260 407 328 447 des
360 407 465 446 arch.
486 406 583 446 Inst.
608 407 651 445 in
683 407 785 446 Rom
810 406 869 445 IV
898 406 1011 446 1889
1038 421 1075 459 p.
1099 407 1166 446 83.
1195 402 1283 461 84).
1316 427 1374 434 -—
1406 406 1583 446 Setinum
1612 400 1739 461 (112)
1766 406 1808 445 id

260 469 321 508 est
363 466 593 506 Setinorum
635 466 772 516 finem,
815 468 864 506 ut
906 466 994 506 Liu.
1015 466 1163 505 XXXV
1191 468 1264 516 27,
1298 468 1322 506 9
1359 463 1562 506 ‘Laconici
1606 468 1694 518 agri
1738 468 1808 518 qui

258 526 461 580 proximus
498 527 617 567 finem
654 526 1035 579 Megalopolitarum
1075 523 1150 566 est'
1197 540 1314 577 quem
1357 527 1491 566 locum
1530 526 1718 566 Hertzius
1756 527 1808 566 ad

258 588 284 627 1.
311 599 340 627 s.
367 599 396 627 s.
430 586 551 627 Gellii
594 588 751 627 attulit:
795 600 889 626 nam
931 586 1103 627 iocosius
1147 588 1206 626 ita
1250 588 1290 626 et
1330 588 1484 639 gratius
1529 587 1681 627 dictum
1723 599 1807 627 esse

257 646 418 687 uidetur
467 660 588 698 quam
638 649 672 687 si
719 649 994 687 accusatiuum
1043 660 1126 687 esse
1177 646 1358 686 Setinum
1412 648 1670 687 statuerimus
1713 648 1808 686 licet

257 708 346 747 Liu.
373 707 543 746 XXXIV
570 709 638 758 56,
667 710 691 747 2
726 708 930 759 scripserit
956 705 1194 747 ‘Lunensem
1220 708 1396 758 primum
1422 720 1564 759 agrum
1589 706 1806 758 depopula-

257 769 339 818 tos,
382 767 573 808 Pisanum
618 767 759 808 deinde
808 768 927 806 finem
980 764 1278 819 transgressos’.
1352 766 1585 807 Aduenerat
1627 767 1806 807 Lucilius

257 829 417 879 uesperi
449 828 501 868 ad
531 828 680 868 Forum
710 827 837 880 Appii
869 827 975 878 quod
1006 829 1130 867 situm
1168 828 1229 867 est
1265 840 1389 879 prope
1431 840 1574 879 agrum
1606 826 1806 867 Setinum:

257 888 359 928 Plin.
380 890 462 927 nat.
481 889 574 928 hist.
594 888 691 927 XIV
709 889 760 927 61
786 882 964 942 (uinum)
994 885 1193 927 ‘Setinum
1219 918 1227 926 .
1249 919 1256 925 .
1279 919 1286 926 .
1308 889 1486 927 nascitur
1512 901 1634 939 supra
1658 888 1803 927 Forum

256 945 401 1000 Appi’3
432 949 606 988 Martial.
626 948 726 988 XIH
754 950 837 988 112
866 942 943 1002 (IV
971 949 1045 998 64,
1073 942 1148 1002 33)
1189 945 1383 987 ‘Pendula
1422 947 1659 998 Pomptinos
1704 961 1806 998 quae

257 1011 414 1061 spectat
439 1009 551 1048 Setia
575 1006 763 1059 campos'.
821 1008 923 1048 Foro
949 1007 1075 1060 Appii
1099 1008 1293 1048 Horatius
1319 1020 1433 1048 serm.
1459 1007 1479 1046 I
1507 1009 1545 1057 5,
1575 1010 1597 1047 7
1627 1005 1806 1060 ‘propter

257 1082 404 1120 aquam
436 1069 543 1120 quod
573 1070 662 1108 erat
692 1068 908 1108 deterrima
933 1068 1066 1108 uentri
1090 1068 1244 1108 indicat
1267 1065 1453 1108 bellum':
1484 1068 1554 1107 ubi
1578 1068 1805 1120 Porphyrio

257 1129 424 1169 adnotat
462 1126 671 1180 ‘hodieque
708 1129 810 1168 Foro
848 1129 959 1181 Appi
994 1129 1170 1169 uiatores
1208 1130 1374 1180 propter
1414 1141 1562 1179 aquam
1602 1141 1704 1180 quae
1747 1128 1805 1168 ibi

255 1190 472 1229 deterrima
512 1191 572 1230 est
614 1202 774 1228 manere
817 1185 980 1228 uitant’.
1040 1189 1145 1229 Item
1184 1189 1363 1229 Lucilius
1406 1190 1540 1228 uitans
1583 1189 1805 1241 hospitium

254 1250 457 1290 insalubre
488 1249 705 1301 pendulam
737 1249 890 1289 Setiam
928 1250 1096 1289 accessit
1132 1249 1202 1288 ubi
1238 1251 1418 1289 maneret
1448 1250 1618 1288 noctem.
1679 1249 1804 1289 Porro

255 1323 355 1362 opus
391 1311 521 1363 mag-is
560 1310 730 1350 arduum
767 1311 808 1350 et
845 1310 989 1349 durum
1026 1310 1149 1350 fuisse
1186 1309 1404 1361 pendulam
1435 1310 1619 1349 accedere
1652 1309 1804 1350 Setiam

255 1384 377 1422 quam
421 1371 571 1410 cliuum
613 1370 823 1410 Aricinum
867 1382 1054 1421 superare
1097 1369 1277 1410 uersibus
1326 1370 1596 1420 lepidissimus
1641 1371 1806 1422 exponit

254 1432 397 1470 uiator.
459 1431 657 1471 Postridie
694 1432 737 1470 in
774 1431 884 1470 uiam
920 1430 1097 1482 Appiam
1133 1443 1316 1470 reuersus
1356 1431 1435 1470 iter
1471 1430 1647 1481 perrexit
1684 1431 1804 1470 sicuffi

254 1491 431 1532 Rutilius
462 1491 623 1531 Namat.
649 1491 671 1531 I
698 1491 784 1531 560
821 1492 962 1531 narrat
998 1503 1082 1531 sese
1119 1491 1162 1529 in
1199 1492 1319 1542 portu
1357 1491 1486 1542 puppi
1516 1491 1659 1530 relicta
1689 1491 1802 1530 Pisas

254 1553 415 1592 uectum
446 1564 542 1602 esse,
572 1553 660 1591 tum
690 1564 896 1591 reuersum
928 1546 1055 1606 (615)
1081 1552 1159 1590 iter
1182 1551 1431 1590 maritimum
1457 1551 1720 1590 continuasse.
1744 1573 1803 1578 —

255 1612 372 1651 ludus
408 1611 466 1651 ibi
503 1624 648 1662 susque
686 1612 822 1651 omnia
859 1611 986 1663 deque
1022 1612 1132 1650 fuere
1170 1624 1316 1662 susque
1354 1612 1394 1650 et
1431 1610 1560 1661 deque
1600 1611 1711 1650 fuere
1741 1611 1802 1650 in·

255 1686 378 1724 quam
420 1673 555 1712 omnia
590 1672 709 1712 ludus
752 1668 960 1724 iocusque]
999 1671 1206 1711 rhetorum
1243 1672 1285 1710 et
1320 1670 1487 1710 Homeri
1523 1671 1706 1710 imitator
1743 1672 1804 1711 est

254 1733 329 1772 hoc
353 1732 440 1771 loco
466 1733 586 1784 poeta
611 1733 682 1784 qui
707 1733 875 1771 climaca
904 1731 1137 1771 laudauerit
1166 1731 1304 1770 incert.
1325 1745 1362 1769 u.
1386 1731 1512 1770 1133.
1575 1730 1803 1770 Alexander

254 1791 333 1832 RG
356 1792 457 1832 VIII
481 1805 519 1843 p.
541 1792 626 1831 445
653 1792 707 1830 W
725 1792 788 1831 III
812 1805 850 1843 Ρ.
873 1793 929 1831 20
956 1791 1010 1843 Sp
1049 1791 1231 1831 Tiberius
1263 1792 1288 1830 l.
1309 1803 1337 1830 s.
1358 1804 1396 1841 p.
1419 1791 1504 1830 555
1525 1790 1578 1829 W
1603 1805 1640 1842 p.
1663 1793 1715 1831 71
1746 1790 1801 1842 Sp

255 1852 451 1892 eiusmodi
481 1852 652 1905 figuram
683 1852 983 1904 epanalempsin
1014 1852 1226 1891 nominant
1255 1850 1473 1891 Caecilium
1504 1852 1631 1891 secuti
1662 1851 1800 1891 addito

255 1913 435 1964 exemplo
465 1912 631 1952 Homeri
655 1913 692 1951 Y
719 1913 801 1952 371
836 1917 908 1951 τοῦ
940 1907 977 1951 δ’
1000 1909 1074 1965 ἐγὼ
1106 1910 1240 1959 ἀντίος
1270 1906 1350 1964 εἶμι
1379 1909 1448 1951 καὶ
1479 1910 1515 1950 εἰ
1543 1909 1641 1964 πυρὶ
1672 1914 1801 1964 χεῖρας

254 1971 400 2024 ἔοικεν,
437 1972 475 2012 εἰ
503 1970 600 2026 πυρὶ
630 1975 763 2025 χεῖρας
794 1970 909 2024 ἔοικε,
941 1969 1059 2024 μένος
1091 1966 1129 2011 δ’
1153 1971 1303 2011 αἴθωνι
1334 1970 1503 2027 σιδήρῳε
1535 1972 1631 2011 conf
1651 1972 1688 2010 X
1716 1973 1799 2011 127

254 2036 307 2089 τῷ
334 2030 593 2086 ὀαριζέμεναι,
611 2031 638 2072 ἅ
656 2046 695 2072 τε
715 2030 919 2086 παρθένος
937 2030 1078 2084 ἠίθεός
1097 2046 1148 2082 τε,
1173 2028 1378 2084 παρθένος
1397 2029 1538 2083 ἠίθεός
1556 2027 1585 2070 τ’
1602 2028 1802 2085 ὀαρίζετον

253 2091 465 2146 ἀλλήλοιιν.
530 2092 684 2144 Susque
715 2092 842 2143 deque
874 2093 984 2132 fuere
1015 2093 1195 2145 uulgaris
1227 2091 1377 2132 locutio
1410 2091 1635 2143 comparari
1667 2093 1801 2143 potest

256 2153 430 2194 Graecae
461 2153 524 2193 illi
556 2165 657 2204 quae
690 2155 752 2193 est
783 2153 890 2205 apud
914 2152 1126 2192 Platonem
1152 2153 1313 2192 Theaet.
1334 2166 1372 2203 p.
1396 2152 1480 2192 153
1507 2152 1543 2190 D
1569 2149 1636 2191 καὶ
1660 2147 1797 2205 γένοιτ’

254 2211 305 2254 ἂν
323 2211 366 2253 τὸ
385 2212 596 2267 λεγόμενον
614 2210 699 2253 ἅνω
717 2212 822 2253 κάτω
841 2212 971 2252 πάντα
989 2213 1060 2252 ubi
1078 2212 1294 2252 scholiasta
1312 2211 1523 2252 Menandri
1541 2212 1665 2252 uerba
1684 2212 1801 2252 affert

255 2273 356 2314 GAF
382 2274 445 2313 HI
469 2287 507 2324 p.
531 2274 629 2323 147,
656 2274 741 2313 514
755 2273 802 2312 Κ.
860 2272 1110 2324 Quamquam
1143 2273 1285 2313 Graeci
1316 2272 1573 2324 prouerbium
1611 2272 1802 2312 adhibent

253 2332 318 2374 ἐπὶ
336 2338 416 2374 τῶν
434 2331 508 2385 τὴν
526 2332 637 2382 τάξιν
657 2332 1003 2387 μεταστρεφόντων
1020 2328 1220 2388 (Naberus
1233 2332 1668 2383 Mnemosyn.XXV]]1
1684 2334 1799 2373 1900

253 2407 292 2445 p.
315 2395 398 2434 357
421 2388 563 2447 seqq),
599 2393 738 2433 Latini
774 2394 822 2433 de
854 2394 923 2444 eis,
956 2406 1058 2445 quae
1090 2394 1185 2444 quia
1203 2401 1359 2444 'parum
1389 2393 1513 2432 refert
1543 2404 1687 2443 susque
1719 2392 1801 2432 sint

255 2466 307 2492 an
338 2454 464 2505 deque
494 2453 685 2504 nulloque
717 2454 956 2493 detrimento
988 2454 1144 2505 possint
1167 2454 1326 2493 misceri
1351 2454 1391 2492 et
1416 2453 1656 2492 commutari
1679 2453 1800 2504 parui

255 2514 337 2553 sint
366 2513 575 2564 pendenda
606 2515 671 2553 uel
701 2514 837 2554 nihili:
876 2513 1120 2554 Graecorum
1156 2513 1249 2553 usui
1285 2513 1450 2565 propius
1482 2514 1543 2552 est
1574 2513 1799 2563 exemplum

256 2587 301 2613 ex
333 2573 469 2614 Plauti
498 2573 792 2625 Amphitruone
823 2574 848 2613 1.
870 2587 898 2614 s.
919 2587 948 2614 s.
977 2574 1156 2614 allatum.
1220 2573 1373 2624 Susque
1412 2573 1539 2623 deque
1578 2572 1799 2623 asyndeton

255 2634 317 2673 est
345 2635 392 2673 ut
421 2630 505 2674 ἅνω
536 2633 641 2674 κάτω
672 2647 800 2685 neque
832 2633 970 2674 eodem
999 2634 1119 2674 modo
1151 2633 1426 2685 accipiendum
1453 2645 1532 2683 quo
1550 2633 1800 2682 populusque

248 2697 480 2743 patresque:
522 2707 603 2745 qua
645 2694 689 2733 in
732 2694 933 2734 locutione
973 2706 1046 2744 que
1087 2693 1194 2733 idem
1238 2696 1299 2734 est
1342 2695 1463 2744 atque
1506 2704 1578 2741 que
1617 2692 1719 2731 illud
1755 2693 1798 2731 in

256 2754 419 2804 quisque
457 2755 621 2804 uterque
659 2753 819 2803 absque,
856 2755 917 2793 ita
953 2755 1000 2793 ut
1029 2754 1208 2794 Lucilius
1249 2755 1426 2804 potuerit
1457 2752 1627 2792 scribere
1656 2764 1799 2802 susque

256 2816 291 2853 et
326 2814 445 2863 deque
482 2814 600 2854 sicuti
635 2814 820 2863 hodieque
856 2813 948 2853 inde
987 2826 1011 2853 a
1050 2813 1182 2853 Vellei
1221 2815 1352 2853 aetate
1391 2808 1604 2866 (Draegeri
1642 2814 1796 2862 syntax.

255 2874 281 2912 1.
295 2873 340 2912 L.
353 2874 445 2913 hist.
459 2868 520 2912 11²
542 2887 581 2924 p.
597 2867 672 2927 46)
696 2875 913 2924 usurpatur
938 2874 1176 2924 scripsitque
1201 2874 1357 2912 Plinius
1377 2874 1458 2912 nat.
1478 2873 1570 2911 hist.
1590 2872 1691 2911 Vm
1713 2872 1795 2911 176

257 2929 539 2985 ‘praegrandes
556 2934 696 2984 itaque
715 2934 825 2973 fuere
845 2935 886 2972 et
903 2933 1100 2984 hodieque
1118 2934 1313 2984 reliquiae
1333 2933 1520 2984 stirpium
1545 2928 1718 2971 durant'.
1738 2953 1799 2959 ——-

259 2995 355 3032 111.
387 2993 506 3033 ludus
543 2989 750 3046 iocusque]
782 2993 915 3033 Plaut.
941 2993 1058 3033 Merc.
1087 2994 1171 3032 846
1210 3005 1352 3033 uersus
1390 2993 1471 3032 exit
1506 2992 1549 3031 in
1582 2989 1797 3033 ‘laetitiam

255 3053 394 3093 ludum
430 3054 563 3093 iocum
600 3048 733 3108 (Gapt.
763 3055 785 3093 7
794 3048 888 3108 70);
926 3053 1083 3093 Terent.
1110 3054 1211 3093 Eun.
1243 3055 1327 3093 299
1369 3051 1448 3092 ‘hic
1484 3053 1621 3093 uerost
1657 3053 1727 3103 qui
1763 3052 1798 3092 si
