2060 3444
758 264 888 302 incert.
916 264 993 302 sed.
1020 277 1056 302 u.
1085 268 1334 303 1099—1100.
1736 266 1822 309 349

273 380 437 432 collegit
455 379 599 419 Athen.
620 378 661 417 H
680 392 718 429 p.
743 379 798 418 70
811 378 847 416 D
876 378 1057 418 adferens
1078 379 1344 430 Theophrasti
1363 379 1456 418 hist.
1477 380 1602 431 plant.
1625 379 1684 418 VI
1705 382 1743 430 4,
1768 383 1823 421 10

273 435 394 494 (Plin.
421 441 503 478 nat.
530 439 623 478 hist.
650 438 744 483 XXI
772 434 846 493 97)
892 439 964 490 qui
1007 439 1055 478 de
1099 439 1239 479 cardui
1282 439 1493 492 generibus
1531 437 1556 491 ἡ
1597 437 1639 479 δὲ
1681 440 1823 489 κάκτος

270 497 497 552 καλουμένη
528 497 617 552 περὶ
642 498 830 538 Σικελίαν
861 497 1001 551 μόνον,
1033 497 1076 539 ἕν
1108 506 1155 556 τῇ
1177 494 1338 539 Ἑλλάδι
1364 497 1407 539 δὲ
1436 498 1511 539 οὐκ
1537 498 1652 539 ἔστιν.
1698 501 1824 540 Addit

269 560 502 599 Athenaeus
540 559 598 607 τίς
636 557 678 599 δὲ
716 559 870 607 τούτοις
907 557 995 612 οὐχὶ
1032 558 1274 612 πειθόμενος
1309 563 1476 613 θαρρῶν
1513 558 1564 599 ἂν
1601 559 1705 600 εἴποι
1750 560 1823 613 τὴν

268 619 416 660 κάκτον
447 614 549 659 εἶναι
579 618 729 671 ταύτην
761 618 834 672 τὴν
866 618 944 659 ὑπὸ
972 614 1174 672 Ῥωμαίων
1203 613 1552 672 μὲνκοιλουμὲνην
1577 620 1741 673 κάρδον,
1773 620 1821 661 οὐ

270 679 426 733 μακρὰν
458 677 585 720 ὄντων
617 685 687 731 τῆς
719 679 923 732 Σικελίας,
962 682 1040 719 κτλ.
1105 681 1240 720 Sicula
1277 693 1373 720 uoce
1411 682 1474 720 uti
1504 680 1705 721 Lucilium
1742 695 1823 721 non

269 741 443 780 mireris:
475 741 650 791 positam
682 740 783 780 hanc
814 741 936 780 fuisse
969 754 1014 780 eo
1046 741 1133 780 loco
1166 741 1214 780 de
1248 754 1325 791 quo
1353 742 1490 793 agitur
1514 742 1655 794 fragm.
1682 743 1821 782 incert.

273 802 386 840 1299
408 802 632 851 suspicetur
652 801 810 851 aliquis.
844 800 954 847 Quae
974 802 1010 840 si
1028 803 1134 840 recte
1155 803 1382 841 statuerunt
1400 803 1483 841 uiri
1502 802 1621 852 docti,
1635 803 1822 855 glossarii

270 863 410 901 auctor
452 861 626 914 glossam
664 863 894 912 corruptam
935 862 1144 912 exscripsit
1176 863 1216 901 et
1247 863 1349 901 falso
1381 864 1518 913 posuit
1548 863 1590 901 in
1615 863 1753 902 littera
1785 876 1820 902 a.

394 916 537 962 1100.
569 921 783 973 Pompeius
816 920 884 961 GL
910 921 948 959 V
978 936 1016 972 p.
1045 923 1143 974 289,
1172 922 1250 961 21(
1286 919 1388 968 ‘Quo
1419 923 1537 962 modo
1577 925 1712 962 autem
1749 923 1822 963 fiat

269 983 538 1031 soloecismus,
570 995 650 1033 quo
682 982 800 1022 modo
831 981 904 1021 fiat
935 983 1105 1032 schema,
1138 996 1184 1022 ex
1217 983 1361 1022 affectu
1393 983 1603 1023 scribentis
1633 984 1821 1024 debemus

270 1054 503 1094 agnoscere:
535 1043 570 1082 si
600 1044 816 1082 necessitas
848 1042 967 1081 metri
998 1044 1119 1095 cogit,
1149 1045 1198 1082 ut
1228 1044 1288 1082 ita
1318 1043 1455 1093 faciat,
1487 1044 1646 1083 schema
1678 1046 1750 1094 est,
1787 1045 1821 1084 si

269 1103 406 1142 autem
437 1104 559 1142 etiam
592 1104 677 1142 sine
708 1102 944 1143 necessitate
976 1105 1096 1142 metri
1130 1105 1265 1154 potest
1302 1104 1375 1142 illa
1411 1116 1475 1143 res
1513 1104 1610 1154 dici,
1652 1107 1822 1155 apparet

269 1175 352 1202 esse
384 1163 660 1202 soloecismum
692 1163 815 1202 etiam
845 1164 887 1202 in
923 1176 1055 1202 uersu.
1118 1166 1217 1214 quot
1254 1164 1401 1215 modis,
1439 1165 1515 1214 ait,
1556 1164 1658 1203 fiunt
1695 1165 1819 1205 soloe-

268 1221 409 1262 cismi?
471 1223 655 1263 Donatus
698 1223 856 1276 redegit
898 1236 939 1263 se
981 1224 1033 1263 ad
1080 1236 1278 1263 summam
1326 1224 1567 1264 breuitatem
1618 1227 1657 1264 et
1707 1226 1820 1275 dixit,

269 1279 455 1323 “duobus
493 1279 686 1322 tantum’'
725 1278 812 1338 (GL
839 1284 898 1322 IV
922 1298 960 1335 p.
989 1285 1088 1334 393,
1117 1285 1170 1323 18
1188 1279 1256 1339 K).
1324 1284 1503 1324 Lucilius
1542 1287 1677 1325 autem
1718 1286 1821 1325 dixit

269 1339 494 1383 “centum''
528 1346 569 1383 et
600 1345 851 1383 enumerauit
882 1357 1035 1384 omnes:
1068 1346 1179 1384 extat
1211 1345 1314 1384 liber
1344 1345 1483 1396 ipsius,
1516 1345 1615 1385 dicit
1645 1346 1748 1385 illud
1780 1349 1821 1385 et

266 1404 379 1443 illud.
429 1417 523 1443 nam
556 1404 615 1444 ait
645 1406 702 1445 sic
734 1401 867 1444 “adde
900 1406 1120 1445 soloecismo
1162 1400 1240 1459 (ita
1268 1404 1335 1444 OS
1368 1407 1611 1446 soloecismos
1635 1407 1669 1445 B
1701 1407 1819 1446 soloe-

267 1466 431 1504 cismum
449 1459 501 1519 P)
539 1478 684 1518 genera
722 1467 843 1516 atque
882 1465 1078 1505 uocabula
1117 1462 1309 1504 centum”
1348 1467 1389 1505 et
1429 1466 1555 1505 currit
1600 1461 1821 1520 (percurrit

265 1525 373 1564 reete
403 1520 703 1580 Lachmannus)
741 1525 832 1576 ipsa
868 1526 1064 1565 uocabula
1102 1526 1283 1565 uersibus
1322 1527 1482 1577 scriptis
1528 1528 1631 1577 arte,
1678 1529 1718 1567 et
1763 1527 1819 1566 ibi

267 1586 518 1624 enumerauit
572 1585 644 1624 illa
700 1581 861 1624 omnia'.
944 1585 1055 1625 Seru.
1100 1586 1142 1624 in
1186 1586 1286 1625 Don.
1321 1585 1388 1625 GL
1414 1586 1473 1625 IV
1504 1601 1542 1638 p.
1571 1588 1677 1637 446,
1714 1587 1819 1627 19K

268 1642 618 1684 ‘Soloecismorum
647 1658 793 1697 genera
819 1647 978 1685 centum
1004 1646 1111 1685 dicit·
1142 1659 1225 1686 esse
1251 1644 1458 1686 Lucilius'.
1508 1647 1686 1687 Isidorus
1719 1650 1817 1700 orig.

267 1704 287 1743 I
315 1706 382 1756 32,
410 1706 434 1744 5
469 1701 590 1744 ‘Nam
620 1705 800 1744 Lucilius
833 1707 993 1745 centum
1024 1719 1171 1758 genera
1202 1707 1527 1747 soloecismorum
1560 1707 1679 1758 dixit,
1718 1721 1817 1758 quos

267 1778 402 1805 omnes
428 1766 559 1804 uitare
585 1767 731 1816 potius,
757 1778 879 1817 quam
904 1766 1015 1818 sequi
1042 1766 1169 1817 debet,
1195 1768 1266 1818 qui
1290 1767 1471 1819 regulam
1498 1769 1604 1807 recte
1628 1769 1818 1819 loquendi

265 1827 400 1864 tenere
444 1823 607 1866 studet'.
675 1826 736 1865 De
781 1829 940 1866 centum
982 1827 1196 1878 generibus
1239 1828 1562 1867 soloecismorum
1601 1841 1624 1867 a
1661 1828 1817 1871 Lucilio

267 1887 508 1926 enumeratis
535 1887 673 1926 eodem
698 1886 816 1926 modo
842 1889 1021 1939 nugatur
1045 1888 1331 1940 grammaticus
1356 1889 1531 1938 plurima
1557 1902 1650 1928 usus
1677 1890 1815 1940 loqua-

267 1946 388 1985 citate
422 1959 500 1997 quo
533 1947 749 1987 scholiasta
780 1948 891 1986 cuius
913 1947 1047 1986 'uerba
1079 1948 1331 1987 exhibuimus
1363 1949 1504 2001 fragm.
1531 1950 1670 1988 incert.
1700 1951 1813 1989 1262

268 2007 337 2056 qui
368 2019 503 2046 omnes
535 2007 684 2046 XXXV
714 2007 843 2047 tribus
880 2007 1064 2060 deinceps
1097 2021 1121 2047 a
1155 2010 1277 2060 poeta
1313 2009 1510 2049 laceratas
1548 2010 1670 2050 fuisse
1708 2010 1815 2049 affir-

266 2067 359 2106 met.
409 2068 658 2106 soloecismon
677 2070 782 2107 recte
803 2068 974 2108 editores
994 2070 1166 2109 ueteres:
1187 2068 1334 2108 Lucilii
1354 2083 1517 2109 uersum
1542 2083 1621 2110 non
1647 2072 1817 2110 nouerat

268 2125 389 2166 Gellii
421 2130 560 2167 auctor
593 2129 663 2178 qui
686 2128 724 2166 V
752 2129 820 2178 20,
848 2129 872 2167 6
908 2125 1063 2168 ‘Nostri
1089 2142 1246 2180 quoque
1272 2130 1520 2180 antiquiores
1548 2127 1814 2170 “soloecum''

266 2187 397 2236 facile,
429 2188 708 2227 soloecismum
739 2189 839 2228 haut
870 2190 950 2228 scio
983 2201 1034 2228 an
1066 2202 1257 2240 umquam
1290 2189 1486 2229 dixerunt.
1544 2190 1659 2237 Quod
1690 2193 1726 2230 si
1756 2193 1816 2230 ita

267 2248 340 2297 est,
371 2260 500 2298 neque
531 2249 573 2286 in
600 2247 751 2288 Graeca
776 2262 904 2299 neque
929 2250 972 2287 in
998 2248 1145 2288 Latina
1175 2249 1317 2302 lingua
1343 2247 1663 2290 “soloecismus’'
1691 2252 1815 2302 probe

267 2303 440 2346 dicitur’.
492 2306 606 2353 Quod
631 2310 790 2347 centum
816 2321 963 2360 genera
988 2311 1029 2348 et
1053 2310 1251 2349 uocabula
1276 2309 1375 2350 dicit
1399 2310 1592 2361 Lucilius,
1623 2312 1666 2351 id
1691 2313 1815 2363 signi-

266 2366 360 2406 ficat
390 2367 719 2407 innumerabilia:
756 2370 957 2419 permulta
995 2382 1142 2421 genera
1180 2373 1417 2409 enumerant
1454 2373 1709 2423 grammatici
1745 2385 1813 2411 ue-

266 2428 370 2467 teres
402 2427 529 2466 ueluti
555 2427 761 2468 Charisius
787 2428 855 2468 GL
880 2429 900 2468 I
925 2443 962 2480 p.
993 2430 1229 2470 266—270
1243 2430 1292 2480 K,
1324 2431 1551 2481 quindecim
1579 2431 1814 2483 Anonymus

267 2487 398 2526 editus
423 2490 515 2539 post
538 2487 798 2528 Ammonium
822 2488 880 2527 ed.
908 2489 1168 2529 Valckenaer.
1194 2504 1232 2541 p.
1263 2491 1359 2540 198,
1391 2492 1473 2530 fere
1498 2492 1667 2531 totidem
1692 2493 1813 2531 schol.

266 2547 431 2598 Dionys.
470 2548 611 2587 Thrac.
650 2563 688 2600 p.
715 2551 821 2599 447,
849 2552 873 2588 2
901 2562 1010 2601 seqq.
1047 2550 1231 2602 Hilgard.
1305 2551 1469 2591 Maioris
1519 2552 1711 2591 momenti
1754 2555 1815 2592 est

268 2607 375 2657 quod
405 2607 553 2647 Lucilii
584 2611 717 2649 aetate
748 2609 831 2648 iam
862 2612 1026 2650 nomina
1058 2613 1167 2650 certa
1197 2612 1240 2650 in
1272 2611 1417 2650 scholis
1452 2612 1660 2652 rhetoricis
1699 2615 1814 2652 erant

265 2667 396 2707 indita
438 2668 607 2719 singulis
649 2669 893 2709 soloecismis
939 2670 1046 2721 quod
1089 2670 1263 2710 efficitur
1305 2671 1426 2711 uerbo
1469 2673 1664 2712 uocabula
1708 2672 1814 2723 quod

266 2727 386 2766 sicuti
417 2728 526 2778 apud
550 2729 736 2768 Tacitum
761 2730 993 2782 saepissime
1017 2730 1076 2770 ita
1101 2731 1177 2770 hoc
1202 2731 1290 2771 loco
1315 2731 1423 2771 idem
1448 2732 1567 2771 debet
1592 2745 1675 2772 esse
1705 2732 1812 2783 quod

266 2789 438 2826 nomina.
507 2788 647 2839 Neque
683 2791 819 2828 tamen
855 2789 956 2829 talia
993 2793 1114 2840 poeta
1151 2793 1307 2842 spectat
1343 2791 1507 2831 nomina
1544 2792 1681 2842 qualia
1719 2794 1813 2831 sunt

267 2851 396 2898 σχῆμα
422 2842 614 2898 Ἰβύκειον
659 2848 742 2888 alia
776 2850 845 2889 sed
882 2850 1011 2889 ueluti
1048 2851 1326 2890 soloecismum
1363 2850 1452 2904 περὶ
1486 2850 1697 2903 προθέσεις
1726 2853 1752 2891 i.
1779 2865 1810 2890 e.

266 2907 630 2956 praepositionibus
667 2908 839 2958 factum,
882 2909 1042 2959 qualem
1085 2910 1361 2949 soloecismum
1404 2912 1554 2949 tractat
1595 2912 1734 2950 incert.
1773 2926 1810 2950 u.

268 2966 479 3064 l1ss2)1{'›sxeq.
528 2966 650 3006 Libro
675 2967 732 3006 IX
763 2981 901 3008 uersus
931 2970 1053 3021 uulgo
1080 2969 1317 3009 attribuitur
1342 2984 1460 3021 quem
1485 2972 1633 3011 rectius
1657 2971 1811 3011 tribuas

324 3037 370 3064 ro
439 3056 446 3064 .
