2060 3444
805 281 924 317 XXVI
948 293 984 317 u.
1013 283 1214 317 623—627.
1699 278 1785 320 231

240 398 333 439 alu'o
363 398 505 438 matris
536 397 682 436 natura
707 391 914 447 profudit'.
933 415 994 423 —
1012 394 1171 445 Exponi
1194 393 1355 434 uidetur
1379 393 1598 434 secundum
1623 393 1789 445 Epicuri

241 459 466 499 doctrinam
496 458 709 505 hominem,
741 457 787 495 ut
819 455 970 494 animal
1002 468 1130 505 omne,
1161 455 1222 493 ita
1246 455 1308 494 uti
1333 455 1473 494 natum
1500 456 1571 505 est,
1601 454 1787 505 uolupta-

241 521 323 573 tem
354 519 542 569 appetere
575 511 673 570 (Cic.
701 516 748 556 de
774 516 839 555 fin.
866 515 886 554 Ι
913 517 952 565 9,
979 516 1036 555 30
1069 515 1266 565 Epicurea
1297 528 1335 565 p.
1364 516 1450 554 264
1461 509 1562 569 Vs.).

360 572 473 620 624.
504 578 660 617 Nonius
684 590 723 627 p.
751 577 850 626 367,
879 577 934 616 10
968 572 1135 625 ‘Petere,
1168 587 1329 625 cupere,
1371 576 1568 626 appetere.
1604 605 1611 613 .
1640 606 1647 613 .
1676 606 1683 613 .
1709 574 1788 614 Lu-

240 639 356 680 cilius
387 638 455 678 lib.
481 638 614 676 XXVI
647 634 742 677 “sin
769 667 776 675 .
805 668 812 675 .
842 667 849 675 .
877 638 916 676 et
946 631 1155 687 putant”.'
1212 638 1247 675 et
1277 635 1341 674 del
1372 634 1523 674 Iunius.
1581 634 1789 674 Sententia

241 702 301 741 est
330 699 578 751 imperfecta,
610 701 645 737 et
675 697 806 752 deleto
837 697 964 736 nihilo
996 695 1139 735 melior
1168 695 1214 734 fit
1246 695 1510 735 enuntiatum.
1567 694 1716 747 Agitur
1741 695 1788 735 de

240 761 420 812 sapiente
452 759 666 810 Epicureo:
705 771 822 808 quem
855 758 888 797 si
925 757 1105 796 homines
1142 755 1283 795 uident
1320 755 1425 795 bona
1461 769 1617 806 semper
1653 757 1789 806 petere

240 822 281 861 et
310 822 456 872 putant
485 819 695 871 indignum
727 830 812 858 esse
848 818 1010 857 homine
1046 817 1269 868 uoluptatis
1311 816 1508 866 studium,
1546 829 1789 868 magnopere

240 882 386 921 errant.
454 880 720 919 Aduersarius
764 879 870 918 enim
913 878 1116 927 hortatur,
1159 878 1206 916 ut
1248 876 1527 927 philosophiae
1571 876 1704 916 studio
1748 889 1789 916 se

241 941 362 981 dedat
391 942 527 992 potius
558 941 678 991 poeta
711 952 877 990 eamque
910 937 1163 979 commendat
1197 939 1430 988 praecipue:
1468 938 1565 977 conf
1591 936 1790 988 Epicurea

239 1016 278 1053 p.
301 1003 385 1041 333
407 1014 458 1041 110
481 1001 567 1041 580
578 1013 685 1051 seqq.
706 999 773 1039 Vs.
794 1021 853 1026 —-
873 999 974 1039 bona
986 1002 1128 1049 petere,
1152 998 1248 1038 conf
1263 997 1366 1037 TRF
1387 997 1444 1038 ed.
1467 998 1492 1036 3
1507 997 1621 1037 Ribb.
1642 1011 1680 1048 p.
1703 999 1787 1036 277

242 1058 352 1102 ‘nam
390 1061 549 1112 sapiens
587 1060 733 1100 uirtuti
769 1060 960 1099 honorem
996 1060 1238 1110 praemium,
1281 1058 1388 1097 haud
1426 1058 1619 1109 praedam
1657 1054 1789 1109 petit’:

240 1124 310 1162 hoc
340 1122 575 1173 pronomine
605 1122 924 1172 praeoccupatur
955 1120 1207 1160 accusatiuus
1239 1131 1328 1158 cum
1359 1118 1573 1158 infinitiuo.

225 1192 227 1194 ’
367 1177 479 1223 625.
510 1182 667 1222 Nonius
698 1195 736 1232 p.
765 1181 834 1230 88,
861 1181 916 1220 33
957 1177 1084 1220 ‘cordi
1121 1181 1198 1229 est,
1241 1179 1405 1219 honeste
1443 1179 1612 1228 dictum,
1657 1178 1790 1217 animo

242 1243 354 1283 sedet
389 1237 504 1296 (conf
529 1242 607 1284 Iul.
631 1241 764 1281 Valer.
797 1241 847 1281 ed
883 1241 1075 1280 Kuebleri
1105 1255 1142 1292 p.
1172 1240 1256 1279 256
1284 1252 1313 1279 s.
1339 1254 1377 1278 u.
1410 1234 1568 1294 sedere)
1611 1238 1790 1278 Lucilius

239 1303 308 1343 lib.
334 1303 467 1342 XXVI
487 1334 495 1341 .
518 1333 526 1342 .
548 1333 556 1341 .
575 1302 763 1352 idemque
797 1298 864 1341 “si
893 1300 970 1341 tibi
991 1332 999 1340 .
1020 1333 1027 1340 .
1050 1332 1058 1340 .
1079 1300 1187 1352 quod
1216 1313 1259 1340 re
1286 1296 1491 1339 utilem”.'
1542 1299 1712 1350 Propter
1748 1299 1791 1338 id

242 1363 349 1416 quod
379 1364 561 1414 sequitur
591 1363 862 1414 fragmentum
895 1362 944 1402 ad
972 1361 1251 1413 philosophiae
1276 1361 1455 1400 studium
1479 1373 1642 1400 uersum
1666 1361 1790 1411 perti-

241 1437 333 1464 nere
371 1423 561 1463 arbitror:
601 1436 845 1473 quamquam
883 1423 1005 1461 etiam
1047 1421 1098 1462 ad
1141 1421 1332 1462 historiae
1370 1420 1548 1461 studium
1590 1420 1791 1472 pertinere

241 1485 375 1536 potest
420 1485 535 1523 cuius
579 1483 628 1522 de
670 1483 850 1523 utilitate
894 1484 980 1534 agit
1016 1482 1132 1522 Diod.
1158 1482 1180 1521 I
1207 1484 1245 1531 2,
1273 1483 1295 1521 7
1336 1481 1498 1521 Lucian.
1534 1494 1666 1532 quom.
1698 1481 1790 1520 hist.

244 1558 392 1585 consor.
421 1546 458 1584 9.
513 1543 671 1584 Lucret.
696 1543 756 1583 IV
784 1544 838 1582 24
879 1540 989 1582 ‘dum
1026 1543 1199 1594 percipis
1237 1555 1394 1582 omnem
1431 1543 1619 1581 naturam
1658 1555 1792 1580 rerum

243 1618 290 1646 ac
321 1605 518 1656 persentis
549 1601 784 1643 utilitatem'
812 1604 833 1643 I
860 1605 942 1643 331
980 1601 1103 1654 (1111011
1133 1603 1208 1642 tibi
1241 1615 1432 1654 cognosse
1462 1603 1506 1641 in
1541 1602 1680 1641 multis
1715 1602 1793 1641 erit

243 1666 344 1705 utile
375 1660 508 1704 rebus'
534 1665 598 1704 Π]
625 1665 728 1704 2061
767 1665 862 1704 conf
896 1676 998 1714 quae
1036 1663 1169 1703 adnot.
1202 1663 1253 1702 ad
1284 1676 1322 1702 u.
1354 1663 1597 1713 sequentem.
1625 1684 1681 1689 —
1706 1673 1792 1701 rere

243 1726 396 1774 Iunius,
428 1726 588 1776 optime.

364 1780 477 1826 626.
508 1785 663 1824 Nonius
688 1798 726 1836 p.
755 1785 852 1834 388,
881 1786 934 1824 16
974 1780 1165 1823 ‘Saeuum
1202 1783 1350 1822 dicitur
1387 1783 1542 1822 inmite.
1575 1814 1582 1821 .
1612 1813 1619 1820 .
1647 1812 1655 1820 .
1681 1781 1790 1821 idem

243 1845 312 1886 lib.
336 1846 470 1885 XXVI
495 1841 713 1896 “quodque
739 1846 779 1884 te
804 1844 846 1882 in
873 1847 907 1884 te
931 1846 974 1884 in
998 1844 1264 1894 tranquillum
1285 1875 1292 1882 .
1315 1875 1322 1881 .
1345 1874 1353 1882 .
1374 1844 1548 1893 transfer
1576 1843 1789 1893 tempesta-

243 1902 412 1947 tibus''.’
474 1906 663 1954 trwnsfert
691 1905 902 1944 Mercerus.
963 1904 1189 1957 Agiturde
1221 1903 1499 1954 philosophiae
1531 1903 1665 1943 studio
1695 1903 1791 1953 Epi-

245 1979 403 2007 cureae:
436 1963 542 2016 ‘Tu',
571 1966 715 2016 inquit,
748 1961 856 2004 ‘huic
887 1965 1020 2005 studio
1050 1965 1091 2004 te
1123 1964 1280 2014 dedisti,
1313 1963 1419 2014 quod
1450 1964 1651 2014 sapientia
1679 1964 1721 2002 te
1748 1964 1792 2002 in

242 2027 510 2078 tranquillum
547 2039 593 2066 ex
633 2026 763 2065 saeuis
800 2025 1106 2077 tempestatibus
1142 2021 1350 2064 transfert'
1389 2023 1547 2064 Lucret.
1573 2024 1610 2062 V
1638 2025 1662 2063 9
1680 2037 1789 2074 seqq.

245 2084 331 2138 ‘qui
360 2088 544 2138 princeps
574 2086 684 2126 uitae
714 2086 913 2126 rationem
942 2085 1098 2125 inuenit
1132 2098 1237 2135 eam,
1276 2097 1377 2135 quae
1414 2097 1519 2124 1111110
1557 2084 1787 2136 appellatur

243 2148 460 2199 sapientia,
503 2146 651 2198 quique
686 2160 760 2197 per
796 2148 925 2186 artem
961 2146 1147 2185 fluctibus
1186 2159 1207 2184 0
1243 2146 1369 2185 tantis
1409 2146 1539 2184 uitam
1582 2145 1788 2195 tantisque

243 2208 418 2248 tenebris
455 2209 498 2246 in
534 2209 619 2246 tam
655 2207 874 2258 tranquillo
913 2208 954 2246 et
989 2208 1074 2245 tam
1112 2206 1221 2245 clara
1258 2206 1346 2245 luce
1387 2201 1554 2244 locauit'
1595 2205 1791 2256 Epicurus

245 2268 360 2320 epist.
385 2268 406 2307 Ι
430 2282 468 2319 p.
496 2269 536 2318 4,
562 2267 670 2307 8Vs.
703 2266 802 2307 ὅθεν
834 2266 884 2319 δὴ
916 2272 1014 2306 πᾶσι
1044 2265 1238 2319 χρησίμης
1268 2263 1394 2317 οὔσης
1425 2268 1507 2313 τοῖς
1531 2259 1791 2320 ᾠκειωμένοις

246 2327 484 2382 φυσιολογίᾳ
513 2332 584 2379 τῆς
614 2327 800 2379 τοιαύτης
831 2324 930 2367 ὁδοῦ
965 2331 1200 2380 παρεγγυῶν
1238 2325 1280 2366 τὸ
1318 2323 1477 2378 συνεχὲς
1513 2323 1710 2378 ἐνέργημα
1728 2376 1731 2379 ¹
1749 2323 1792 2364 ἐν

246 2387 483 2443 φυσιολογίᾳ
508 2385 575 2427 καὶ
599 2387 763 2443 τοιούτῳ
790 2386 954 2439 μάλιστα
979 2385 1243 2440 ἐγγαληνίζων
1268 2389 1321 2441 τῷ
1347 2385 1422 2442 βίῳ
1448 2388 1526 2425 κτλ.
1552 2380 1792 2439 (Epicureus

247 2462 308 2499 ap.
337 2446 414 2487 Oic.
442 2448 490 2487 de
514 2447 580 2487 fin.
605 2448 627 2487 I
653 2449 708 2487 43
724 2461 830 2498 seqq.
864 2447 1061 2499 Epicurus
1098 2447 1241 2498 fragm.
1270 2447 1354 2485 425
1371 2458 1478 2496 seqq.
1511 2459 1549 2496 p.
1578 2446 1675 2484 284.
1705 2446 1791 2484 544

246 2523 284 2560 p.
312 2509 396 2548 325
409 2502 497 2562 Vs.)
524 2509 638 2559 epist.
664 2508 728 2547 III
751 2521 789 2559 p.
818 2508 887 2558 62,
914 2509 968 2547 17
983 2507 1051 2547 Vs.
1085 2505 1179 2546 ὅταν
1211 2503 1253 2546 δὲ
1284 2505 1388 2554 ἅπαξ
1421 2510 1536 2545 τοῦτο
1569 2503 1658 2558 περὶ
1690 2502 1793 2557 ἡμᾶς

247 2566 422 2622 γένηται,
452 2567 583 2608 λύεται
613 2573 691 2616 πᾶς
723 2566 744 2608 ὁ
775 2573 844 2620 τῆς
875 2573 1011 2620 ψυχῆς
1042 2566 1186 2620 χειμών
1216 2568 1296 2605 κτλ.
1358 2565 1553 2605 Similiter
1590 2564 1792 2605 Lucianus

247 2628 296 2668 de
326 2628 580 2679 philosophia
605 2628 748 2668 Piscat.
778 2630 830 2669 29
864 2626 929 2668 ἐπὶ
960 2625 1002 2667 δὲ
1033 2625 1080 2666 τὰ
1111 2625 1175 2680 σά,
1207 2620 1237 2666 ὦ
1272 2625 1511 2678 Φιλοσοφία,
1542 2623 1642 2664 καλὰ
1668 2623 1790 2678 ὁρμή-

248 2699 320 2736 σας
349 2686 504 2741 ἠξίουν,
535 2685 684 2728 ὁπόσον
715 2686 770 2728 ἔτι
801 2703 868 2740 μοι
898 2686 1038 2728 λοιπὸν
1069 2692 1139 2727 τοῦ
1165 2686 1271 2739 βίου,
1302 2685 1485 2739 καθάπερ
1510 2684 1554 2726 ἐκ
1579 2685 1697 2737 ζάλης
1722 2683 1789 2724 καὶ

247 2747 453 2796 κλύδωνος
476 2747 533 2796 εἰς
557 2746 692 2788 εὔδιόν
716 2763 804 2788 τινα
828 2746 966 2800 λιμένα
997 2746 1182 2799 σπεύσας,
1214 2745 1292 2786 ὑπὸ
1319 2744 1382 2786 σοὶ
1407 2745 1648 2798 σκεπόμενος
1672 2759 1791 2784 κατα-

251 2808 405 2860 βιῶναι.

370 2863 482 2908 627.
507 2868 662 2907 Νο111110
681 2881 719 2918 p.
736 2868 834 2916 250,
850 2869 903 2906 19
927 2864 1092 2917 (001010,
1112 2867 1288 2919 diligere.
1310 2898 1317 2905 .
1334 2865 1558 2905 ..Lucilius
1578 2865 1646 2903 lib.
1661 2865 1793 2903 XXVI

251 2924 407 2978 “quare
526 2927 591 2966 hic
623 2923 911 2967 consumere''.'
974 2927 1100 2966 Poeta
1130 2939 1178 2965 ex
1207 2939 1379 2977 persona
1411 2927 1452 2965 et
1487 2926 1686 2965 sententia
1724 2924 1791 2964 ad-

249 2988 418 3027 uersarii
448 2988 523 3027 hoc
553 3000 672 3027 uersu
702 2987 991 3038 protrepticum
1023 2986 1235 3026 conclusit:
1268 2982 1378 3037 ‘ergo
1409 2986 1484 3024 hoc
1515 2985 1792 3036 philosophiae

251 3048 427 3087 studium
464 3048 590 3087 satius
628 3049 689 3087 est
725 3047 854 3087 colere
891 3060 1012 3097 quam
1054 3047 1145 3096 illa,
1188 3047 1315 3086 satius
1359 3047 1419 3085 est
1462 3045 1639 3084 studium
1677 3058 1792 3084 omne
