<?xml version="1.0" encoding="UTF-8"?>
<!DOCTYPE html PUBLIC "-//W3C//DTD XHTML 1.0 Transitional//EN"
    "http://www.w3.org/TR/xhtml1/DTD/xhtml1-transitional.dtd">
<html xmlns="http://www.w3.org/1999/xhtml" xml:lang="en" lang="en">
 <head>
  <title>
</title>
<meta http-equiv="Content-Type" content="text/html;charset=utf-8" />
  <meta name='ocr-system' content='tesseract 3.04.00' />
  <meta name='ocr-capabilities' content='ocr_page ocr_carea ocr_par ocr_line ocrx_word'/>
</head>
<body>
  <div class='ocr_page' id='page_1' title='image "./carminumreliquia02luciuoft_0270.png"; bbox 0 0 2060 3444; ppageno 0'>
   <div class='ocr_carea' id='block_1_1' title="bbox 275 290 1244 335">
    <p class='ocr_par' dir='ltr' id='par_1_1' title="bbox 275 290 1244 335">
     <span class='ocr_line' id='line_1_1' title="bbox 275 290 1244 335; baseline -0.001 -9"><span class='ocrx_word' id='word_1_1' title='bbox 275 293 361 335; x_wconf 78' lang='lat'><strong>238</strong></span> <span class='ocrx_word' id='word_1_2' title='bbox 838 290 957 326; x_wconf 77' lang='lat' dir='ltr'>XXVI</span> <span class='ocrx_word' id='word_1_3' title='bbox 982 302 1017 325; x_wconf 87' lang='lat' dir='ltr'><strong>u.</strong></span> <span class='ocrx_word' id='word_1_4' title='bbox 1045 293 1244 326; x_wconf 82' lang='lat'><strong>649—651.</strong></span> 
     </span>
    </p>
   </div>
   <div class='ocr_carea' id='block_1_2' title="bbox 256 400 1813 1952">
    <p class='ocr_par' dir='ltr' id='par_1_2' title="bbox 272 400 1812 575">
     <span class='ocr_line' id='line_1_2' title="bbox 276 400 1811 455; baseline -0.001 -11"><span class='ocrx_word' id='word_1_5' title='bbox 276 408 395 455; x_wconf 92' lang='lat' dir='ltr'><strong>atque</strong></span> <span class='ocrx_word' id='word_1_6' title='bbox 427 406 571 443; x_wconf 80' lang='lat' dir='ltr'><strong>mirum</strong></span> <span class='ocrx_word' id='word_1_7' title='bbox 601 406 646 443; x_wconf 71' lang='lat' dir='ltr'><strong>wi</strong></span> <span class='ocrx_word' id='word_1_8' title='bbox 682 404 882 454; x_wconf 88' lang='lat' dir='ltr'><strong>particula</strong></span> <span class='ocrx_word' id='word_1_9' title='bbox 919 403 1143 443; x_wconf 85' lang='lat' dir='ltr'><strong>adfirmans.</strong></span> <span class='ocrx_word' id='word_1_10' title='bbox 1196 400 1327 442; x_wconf 82' lang='lat' dir='ltr'><strong>‘Certe</strong></span> <span class='ocrx_word' id='word_1_11' title='bbox 1365 404 1484 443; x_wconf 85' lang='lat' dir='ltr'><strong>etiam</strong></span> <span class='ocrx_word' id='word_1_12' title='bbox 1524 405 1569 442; x_wconf 90' lang='lat' dir='ltr'><strong>tu</strong></span> <span class='ocrx_word' id='word_1_13' title='bbox 1606 403 1711 442; x_wconf 90' lang='lat' dir='ltr'><strong>idem</strong></span> <span class='ocrx_word' id='word_1_14' title='bbox 1748 412 1811 443; x_wconf 88' lang='lat' dir='ltr'><strong>me</strong></span> 
     </span>
     <span class='ocr_line' id='line_1_3' title="bbox 272 463 1812 513; baseline -0.001 -10"><span class='ocrx_word' id='word_1_15' title='bbox 272 465 441 504; x_wconf 84' lang='lat' dir='ltr'><strong>idiotam</strong></span> <span class='ocrx_word' id='word_1_16' title='bbox 473 464 626 503; x_wconf 87' lang='lat' dir='ltr'><strong>solebas</strong></span> <span class='ocrx_word' id='word_1_17' title='bbox 658 464 787 502; x_wconf 90' lang='lat' dir='ltr'><strong>dicere</strong></span> <span class='ocrx_word' id='word_1_18' title='bbox 819 465 859 502; x_wconf 92' lang='lat' dir='ltr'><strong>et</strong></span> <span class='ocrx_word' id='word_1_19' title='bbox 883 463 1150 502; x_wconf 75' lang='lat' dir='ltr'><strong>inlitteratum</strong></span> <span class='ocrx_word' id='word_1_20' title='bbox 1177 465 1359 513; x_wconf 87' lang='lat' dir='ltr'><strong>quotiens</strong></span> <span class='ocrx_word' id='word_1_21' title='bbox 1385 463 1549 503; x_wconf 89' lang='lat' dir='ltr'><strong>uerbum</strong></span> <span class='ocrx_word' id='word_1_22' title='bbox 1573 464 1812 503; x_wconf 81' lang='lat' dir='ltr'><strong>inusitatum</strong></span> 
     </span>
     <span class='ocr_line' id='line_1_4' title="bbox 273 521 1468 575; baseline -0.002 -11"><span class='ocrx_word' id='word_1_23' title='bbox 273 521 542 564; x_wconf 88' lang='lat' dir='ltr'><strong>offenderam&#39;.</strong></span> <span class='ocrx_word' id='word_1_24' title='bbox 593 524 731 572; x_wconf 78' lang='lat' dir='ltr'><strong>quidni</strong></span> <span class='ocrx_word' id='word_1_25' title='bbox 763 526 798 562; x_wconf 68' lang='lat' dir='ltr'><strong>et</strong></span> <span class='ocrx_word' id='word_1_26' title='bbox 828 523 1084 575; x_wconf 85' lang='lat' dir='ltr'><strong>coniungitur</strong></span> <span class='ocrx_word' id='word_1_27' title='bbox 1113 523 1250 562; x_wconf 87' lang='lat' dir='ltr'><strong>incert.</strong></span> <span class='ocrx_word' id='word_1_28' title='bbox 1275 536 1314 562; x_wconf 89' lang='lat' dir='ltr'><strong>u.</strong></span> <span class='ocrx_word' id='word_1_29' title='bbox 1344 524 1468 562; x_wconf 83' lang='lat'><strong>1282.</strong></span> 
     </span>
    </p>

    <p class='ocr_par' dir='ltr' id='par_1_3' title="bbox 256 579 1813 1294">
     <span class='ocr_line' id='line_1_5' title="bbox 392 579 1811 634; baseline 0 -12"><span class='ocrx_word' id='word_1_30' title='bbox 392 579 502 624; x_wconf 84' lang='grc'>650.</span> <span class='ocrx_word' id='word_1_31' title='bbox 535 584 689 623; x_wconf 89' lang='lat' dir='ltr'><strong>Nonius</strong></span> <span class='ocrx_word' id='word_1_32' title='bbox 720 597 758 634; x_wconf 90' lang='lat' dir='ltr'><strong>p.</strong></span> <span class='ocrx_word' id='word_1_33' title='bbox 787 584 885 633; x_wconf 86' lang='lat'>359,</span> <span class='ocrx_word' id='word_1_34' title='bbox 915 585 967 622; x_wconf 84' lang='lat'><strong>12</strong></span> <span class='ocrx_word' id='word_1_35' title='bbox 1008 580 1249 632; x_wconf 86' lang='lat' dir='ltr'><strong>‘Offendere,</strong></span> <span class='ocrx_word' id='word_1_36' title='bbox 1285 583 1476 622; x_wconf 88' lang='lat' dir='ltr'><strong>inuenire.</strong></span> <span class='ocrx_word' id='word_1_37' title='bbox 1510 614 1517 621; x_wconf 93' lang='lat'><strong>.</strong></span> <span class='ocrx_word' id='word_1_38' title='bbox 1552 614 1559 621; x_wconf 96' lang='lat'><strong>.</strong></span> <span class='ocrx_word' id='word_1_39' title='bbox 1593 614 1601 621; x_wconf 95' lang='lat'><strong>.</strong></span> <span class='ocrx_word' id='word_1_40' title='bbox 1633 583 1811 623; x_wconf 82' lang='lat' dir='ltr'><strong>Lucilius</strong></span> 
     </span>
     <span class='ocr_line' id='line_1_6' title="bbox 271 638 1811 693; baseline -0.001 -11"><span class='ocrx_word' id='word_1_41' title='bbox 271 644 338 682; x_wconf 90' lang='lat' dir='ltr'><strong>lib.</strong></span> <span class='ocrx_word' id='word_1_42' title='bbox 365 644 497 682; x_wconf 92' lang='lat' dir='ltr'><strong>XXVI</strong></span> <span class='ocrx_word' id='word_1_43' title='bbox 530 641 704 693; x_wconf 74' lang='lat' dir='ltr'><strong>“siquod</strong></span> <span class='ocrx_word' id='word_1_44' title='bbox 735 655 874 682; x_wconf 78' lang='lat' dir='ltr'><strong>uerum</strong></span> <span class='ocrx_word' id='word_1_45' title='bbox 900 674 907 682; x_wconf 91' lang='lat'><strong>.</strong></span> <span class='ocrx_word' id='word_1_46' title='bbox 937 674 943 681; x_wconf 95' lang='lat'><strong>.</strong></span> <span class='ocrx_word' id='word_1_47' title='bbox 973 674 980 681; x_wconf 94' lang='lat'><strong>.</strong></span> <span class='ocrx_word' id='word_1_48' title='bbox 1007 638 1308 682; x_wconf 85' lang='lat' dir='ltr'><strong>offenderam”.&#39;</strong></span> <span class='ocrx_word' id='word_1_49' title='bbox 1370 644 1533 683; x_wconf 78' lang='lat' dir='ltr'><strong>uerbum</strong></span> <span class='ocrx_word' id='word_1_50' title='bbox 1565 642 1811 682; x_wconf 84' lang='lat' dir='ltr'><strong>Guilelmius.</strong></span> 
     </span>
     <span class='ocr_line' id='line_1_7' title="bbox 274 703 1812 754; baseline 0 -12"><span class='ocrx_word' id='word_1_51' title='bbox 274 704 333 743; x_wconf 91' lang='lat' dir='ltr'><strong>De</strong></span> <span class='ocrx_word' id='word_1_52' title='bbox 365 704 480 743; x_wconf 89' lang='lat' dir='ltr'><strong>rebus</strong></span> <span class='ocrx_word' id='word_1_53' title='bbox 513 703 563 742; x_wconf 89' lang='lat' dir='ltr'><strong>ad</strong></span> <span class='ocrx_word' id='word_1_54' title='bbox 594 703 889 754; x_wconf 84' lang='lat' dir='ltr'>philosophiam</span> <span class='ocrx_word' id='word_1_55' title='bbox 923 716 1025 753; x_wconf 87' lang='lat' dir='ltr'><strong>quae</strong></span> <span class='ocrx_word' id='word_1_56' title='bbox 1057 704 1284 754; x_wconf 89' lang='lat' dir='ltr'><strong>pertineant</strong></span> <span class='ocrx_word' id='word_1_57' title='bbox 1315 703 1381 754; x_wconf 81' lang='lat' dir='ltr'><strong>agi</strong></span> <span class='ocrx_word' id='word_1_58' title='bbox 1412 703 1588 741; x_wconf 89' lang='lat' dir='ltr'><strong>uidetur:</strong></span> <span class='ocrx_word' id='word_1_59' title='bbox 1619 715 1691 753; x_wconf 89' lang='lat' dir='ltr'><strong>pro</strong></span> <span class='ocrx_word' id='word_1_60' title='bbox 1719 705 1812 748; x_wconf 68' lang='lat' dir='ltr'><strong>zese-</strong></span> 
     </span>
     <span class='ocr_line' id='line_1_8' title="bbox 271 761 1812 813; baseline 0 -11"><span class='ocrx_word' id='word_1_61' title='bbox 271 766 436 803; x_wconf 81' lang='lat' dir='ltr'><strong>matium</strong></span> <span class='ocrx_word' id='word_1_62' title='bbox 473 763 668 803; x_wconf 83' lang='lat' dir='ltr'><strong>uocabulo</strong></span> <span class='ocrx_word' id='word_1_63' title='bbox 701 762 850 803; x_wconf 86' lang='lat' dir='ltr'><strong>Graeco</strong></span> <span class='ocrx_word' id='word_1_64' title='bbox 882 763 1071 802; x_wconf 86' lang='lat' dir='ltr'><strong>Latinum</strong></span> <span class='ocrx_word' id='word_1_65' title='bbox 1110 763 1446 811; x_wconf 62' lang='lat' dir='ltr'><em>quaestiunculam</em></span> <span class='ocrx_word' id='word_1_66' title='bbox 1482 764 1618 813; x_wconf 86' lang='lat' dir='ltr'><strong>posuit</strong></span> <span class='ocrx_word' id='word_1_67' title='bbox 1650 761 1727 801; x_wconf 83' lang='lat' dir='ltr'><strong>Cic.</strong></span> <span class='ocrx_word' id='word_1_68' title='bbox 1763 762 1812 802; x_wconf 85' lang='lat' dir='ltr'><strong>de</strong></span> 
     </span>
     <span class='ocr_line' id='line_1_9' title="bbox 274 821 1811 873; baseline -0.001 -11"><span class='ocrx_word' id='word_1_69' title='bbox 274 836 327 862; x_wconf 90' lang='lat' dir='ltr'><strong>or.</strong></span> <span class='ocrx_word' id='word_1_70' title='bbox 354 824 375 862; x_wconf 96' lang='lat' dir='ltr'>I</span> <span class='ocrx_word' id='word_1_71' title='bbox 403 825 485 862; x_wconf 84' lang='lat'><strong>102</strong></span> <span class='ocrx_word' id='word_1_72' title='bbox 521 821 667 869; x_wconf 62' lang='lat' dir='ltr'><strong>‘Qum</strong></span> <span class='ocrx_word' id='word_1_73' title='bbox 717 823 817 861; x_wconf 91' lang='lat' dir='ltr'><strong>mihi</strong></span> <span class='ocrx_word' id='word_1_74' title='bbox 847 835 919 862; x_wconf 88' lang='lat' dir='ltr'><strong>uos</strong></span> <span class='ocrx_word' id='word_1_75' title='bbox 950 835 1071 872; x_wconf 85' lang='lat' dir='ltr'><strong>nunc,</strong></span> <span class='ocrx_word' id='word_1_76' title='bbox 1109 823 1243 872; x_wconf 88' lang='lat' dir='ltr'><strong>inquit</strong></span> <span class='ocrx_word' id='word_1_77' title='bbox 1278 822 1458 872; x_wconf 82' lang='lat' dir='ltr'><strong>Crassus,</strong></span> <span class='ocrx_word' id='word_1_78' title='bbox 1495 825 1703 873; x_wconf 85' lang='lat' dir='ltr'><strong>tamquam</strong></span> <span class='ocrx_word' id='word_1_79' title='bbox 1739 822 1811 861; x_wconf 87' lang='grc'>011-</span> 
     </span>
     <span class='ocr_line' id='line_1_10' title="bbox 275 881 1812 934; baseline -0.001 -12"><span class='ocrx_word' id='word_1_80' title='bbox 275 884 370 934; x_wconf 88' lang='lat' dir='ltr'><strong>quoi</strong></span> <span class='ocrx_word' id='word_1_81' title='bbox 403 882 597 922; x_wconf 87' lang='lat' dir='ltr'><strong>Graeculo</strong></span> <span class='ocrx_word' id='word_1_82' title='bbox 629 884 757 922; x_wconf 89' lang='lat' dir='ltr'><strong>otioso</strong></span> <span class='ocrx_word' id='word_1_83' title='bbox 790 885 830 922; x_wconf 89' lang='lat' dir='ltr'><strong>et</strong></span> <span class='ocrx_word' id='word_1_84' title='bbox 860 883 1019 933; x_wconf 88' lang='lat' dir='ltr'><strong>loquaci</strong></span> <span class='ocrx_word' id='word_1_85' title='bbox 1051 884 1091 922; x_wconf 89' lang='lat' dir='ltr'><strong>et</strong></span> <span class='ocrx_word' id='word_1_86' title='bbox 1127 882 1296 922; x_wconf 86' lang='lat' dir='ltr'><strong>fortasse</strong></span> <span class='ocrx_word' id='word_1_87' title='bbox 1333 882 1448 922; x_wconf 87' lang='lat' dir='ltr'><strong>docto</strong></span> <span class='ocrx_word' id='word_1_88' title='bbox 1488 883 1608 932; x_wconf 84' lang='lat' dir='ltr'><strong>atque</strong></span> <span class='ocrx_word' id='word_1_89' title='bbox 1645 881 1812 932; x_wconf 88' lang='lat' dir='ltr'><strong>erudito,</strong></span> 
     </span>
     <span class='ocr_line' id='line_1_11' title="bbox 273 939 1813 994; baseline -0.001 -12"><span class='ocrx_word' id='word_1_90' title='bbox 273 944 636 994; x_wconf 81' lang='lat' dir='ltr'><strong>quaestiunculam,</strong></span> <span class='ocrx_word' id='word_1_91' title='bbox 674 943 722 981; x_wconf 90' lang='lat' dir='ltr'><strong>de</strong></span> <span class='ocrx_word' id='word_1_92' title='bbox 755 956 834 992; x_wconf 89' lang='lat' dir='ltr'><strong>qua</strong></span> <span class='ocrx_word' id='word_1_93' title='bbox 864 955 951 982; x_wconf 89' lang='lat' dir='ltr'><strong>meo</strong></span> <span class='ocrx_word' id='word_1_94' title='bbox 991 942 1189 981; x_wconf 84' lang='lat' dir='ltr'><strong>arbitratu</strong></span> <span class='ocrx_word' id='word_1_95' title='bbox 1225 943 1385 992; x_wconf 90' lang='lat' dir='ltr'><strong>loquar,</strong></span> <span class='ocrx_word' id='word_1_96' title='bbox 1424 939 1615 993; x_wconf 51' lang='lat' dir='ltr'><strong>ponitis?</strong></span> <span class='ocrx_word' id='word_1_97' title='bbox 1643 955 1675 981; x_wconf 88' lang='grc'><strong>0.</strong></span> <span class='ocrx_word' id='word_1_98' title='bbox 1701 955 1738 992; x_wconf 89' lang='lat' dir='ltr'><strong>q.</strong></span> <span class='ocrx_word' id='word_1_99' title='bbox 1765 954 1813 980; x_wconf 88' lang='lat' dir='ltr'><strong>s.:</strong></span> 
     </span>
     <span class='ocr_line' id='line_1_12' title="bbox 256 999 1811 1054; baseline -0.001 -12"><span class='ocrx_word' id='word_1_100' title='bbox 256 999 424 1042; x_wconf 61' lang='lat' dir='ltr'><strong>&#39;zetema</strong></span> <span class='ocrx_word' id='word_1_101' title='bbox 447 1016 520 1054; x_wconf 93' lang='lat' dir='ltr'><strong>pro</strong></span> <span class='ocrx_word' id='word_1_102' title='bbox 546 1003 791 1054; x_wconf 84' lang='lat' dir='ltr'><strong>problemate</strong></span> <span class='ocrx_word' id='word_1_103' title='bbox 818 1002 994 1053; x_wconf 83' lang='lat' dir='ltr'><strong>positum</strong></span> <span class='ocrx_word' id='word_1_104' title='bbox 1021 1002 1104 1041; x_wconf 88' lang='lat' dir='ltr'><strong>CIL</strong></span> <span class='ocrx_word' id='word_1_105' title='bbox 1124 1002 1182 1041; x_wconf 91' lang='lat' dir='ltr'><strong>IV</strong></span> <span class='ocrx_word' id='word_1_106' title='bbox 1205 1003 1331 1041; x_wconf 86' lang='lat'><strong>1877.</strong></span> <span class='ocrx_word' id='word_1_107' title='bbox 1355 1003 1480 1051; x_wconf 89' lang='grc'>1878,</span> <span class='ocrx_word' id='word_1_108' title='bbox 1505 1001 1811 1041; x_wconf 79' lang='lat' dir='ltr'><strong>theorematium</strong></span> 
     </span>
     <span class='ocr_line' id='line_1_13' title="bbox 274 1061 1813 1114; baseline -0.002 -12"><span class='ocrx_word' id='word_1_109' title='bbox 274 1062 424 1103; x_wconf 84' lang='lat' dir='ltr'><strong>Gellius</strong></span> <span class='ocrx_word' id='word_1_110' title='bbox 455 1063 476 1101; x_wconf 92' lang='lat' dir='ltr'>I</span> <span class='ocrx_word' id='word_1_111' title='bbox 511 1064 584 1112; x_wconf 89' lang='lat'>13,</span> <span class='ocrx_word' id='word_1_112' title='bbox 617 1065 653 1103; x_wconf 88' lang='grc'><strong>9.</strong></span> <span class='ocrx_word' id='word_1_113' title='bbox 740 1063 1072 1101; x_wconf 84' lang='lat' dir='ltr'><strong>Reitzensteinius</strong></span> <span class='ocrx_word' id='word_1_114' title='bbox 1129 1061 1396 1114; x_wconf 84' lang='lat' dir='ltr'><strong>Strassburger</strong></span> <span class='ocrx_word' id='word_1_115' title='bbox 1449 1061 1687 1101; x_wconf 85' lang='lat' dir='ltr'><strong>Festschrift</strong></span> <span class='ocrx_word' id='word_1_116' title='bbox 1743 1074 1813 1100; x_wconf 92' lang='lat' dir='ltr'><strong>zur</strong></span> 
     </span>
     <span class='ocr_line' id='line_1_14' title="bbox 274 1121 1811 1174; baseline -0.001 -13"><span class='ocrx_word' id='word_1_117' title='bbox 274 1123 414 1162; x_wconf 89' lang='lat' dir='ltr'>XLVI.</span> <span class='ocrx_word' id='word_1_118' title='bbox 440 1123 551 1162; x_wconf 88' lang='lat' dir='ltr'><strong>Vers.</strong></span> <span class='ocrx_word' id='word_1_119' title='bbox 578 1123 613 1161; x_wconf 92' lang='lat' dir='ltr'><strong>d.</strong></span> <span class='ocrx_word' id='word_1_120' title='bbox 640 1122 782 1161; x_wconf 90' lang='lat' dir='ltr'><strong>Philol.</strong></span> <span class='ocrx_word' id='word_1_121' title='bbox 805 1121 1028 1174; x_wconf 85' lang='lat' dir='ltr'><strong>Strassburg</strong></span> <span class='ocrx_word' id='word_1_122' title='bbox 1050 1123 1160 1162; x_wconf 83' lang='lat'>1901</span> <span class='ocrx_word' id='word_1_123' title='bbox 1189 1135 1226 1172; x_wconf 92' lang='lat' dir='ltr'><strong>p.</strong></span> <span class='ocrx_word' id='word_1_124' title='bbox 1252 1123 1332 1160; x_wconf 85' lang='lat'><strong>147</strong></span> <span class='ocrx_word' id='word_1_125' title='bbox 1368 1122 1719 1173; x_wconf 85' lang='lat' dir='ltr'><strong>grammaticorum</strong></span> <span class='ocrx_word' id='word_1_126' title='bbox 1742 1133 1811 1172; x_wconf 91' lang='lat' dir='ltr'><strong>po-</strong></span> 
     </span>
     <span class='ocr_line' id='line_1_15' title="bbox 275 1181 1813 1233; baseline -0.001 -12"><span class='ocrx_word' id='word_1_127' title='bbox 275 1183 355 1222; x_wconf 86' lang='lat' dir='ltr'><strong>tius</strong></span> <span class='ocrx_word' id='word_1_128' title='bbox 387 1182 520 1223; x_wconf 86' lang='lat' dir='ltr'><strong>studia</strong></span> <span class='ocrx_word' id='word_1_129' title='bbox 550 1184 591 1220; x_wconf 91' lang='lat' dir='ltr'><strong>in</strong></span> <span class='ocrx_word' id='word_1_130' title='bbox 623 1183 765 1233; x_wconf 87' lang='lat' dir='ltr'><strong>glossis</strong></span> <span class='ocrx_word' id='word_1_131' title='bbox 790 1182 1039 1221; x_wconf 88' lang='lat' dir='ltr'><strong>inueniendis</strong></span> <span class='ocrx_word' id='word_1_132' title='bbox 1065 1184 1106 1221; x_wconf 91' lang='lat' dir='ltr'><strong>et</strong></span> <span class='ocrx_word' id='word_1_133' title='bbox 1131 1181 1431 1232; x_wconf 84' lang='lat' dir='ltr'><strong>quaestionibus</strong></span> <span class='ocrx_word' id='word_1_134' title='bbox 1457 1181 1655 1221; x_wconf 88' lang='lat' dir='ltr'><strong>soluendis</strong></span> <span class='ocrx_word' id='word_1_135' title='bbox 1680 1181 1813 1232; x_wconf 87' lang='lat' dir='ltr'><strong>posita</strong></span> 
     </span>
     <span class='ocr_line' id='line_1_16' title="bbox 275 1242 873 1294; baseline -0.003 -12"><span class='ocrx_word' id='word_1_136' title='bbox 275 1243 350 1282; x_wconf 97' lang='grc'>1100</span> <span class='ocrx_word' id='word_1_137' title='bbox 380 1244 467 1282; x_wconf 92' lang='grc'>1000</span> <span class='ocrx_word' id='word_1_138' title='bbox 498 1243 612 1294; x_wconf 83' lang='lat' dir='ltr'><strong>tangi</strong></span> <span class='ocrx_word' id='word_1_139' title='bbox 644 1242 873 1281; x_wconf 81' lang='lat' dir='ltr'><strong>arbitratur.</strong></span> 
     </span>
    </p>

    <p class='ocr_par' dir='ltr' id='par_1_4' title="bbox 273 1295 1813 1952">
     <span class='ocr_line' id='line_1_17' title="bbox 393 1295 1810 1355; baseline -0.001 -14"><span class='ocrx_word' id='word_1_140' title='bbox 393 1297 505 1342; x_wconf 85' lang='lat'><strong>651.</strong></span> <span class='ocrx_word' id='word_1_141' title='bbox 537 1303 692 1341; x_wconf 89' lang='lat' dir='ltr'><strong>Nonius</strong></span> <span class='ocrx_word' id='word_1_142' title='bbox 718 1316 755 1353; x_wconf 89' lang='lat' dir='ltr'><strong>p.</strong></span> <span class='ocrx_word' id='word_1_143' title='bbox 784 1303 852 1352; x_wconf 87' lang='lat'>38,</span> <span class='ocrx_word' id='word_1_144' title='bbox 880 1302 933 1340; x_wconf 87' lang='lat'><strong>18</strong></span> <span class='ocrx_word' id='word_1_145' title='bbox 972 1298 1243 1341; x_wconf 79' lang='lat' dir='ltr'><strong>‘clandestino</strong></span> <span class='ocrx_word' id='word_1_146' title='bbox 1282 1295 1404 1355; x_wconf 84' lang='lat' dir='ltr'><strong>(clam</strong></span> <span class='ocrx_word' id='word_1_147' title='bbox 1442 1300 1596 1340; x_wconf 84' lang='lat' dir='ltr'><strong>destino</strong></span> <span class='ocrx_word' id='word_1_148' title='bbox 1623 1300 1662 1339; x_wconf 83' lang='lat' dir='ltr'><em>L</em></span> <span class='ocrx_word' id='word_1_149' title='bbox 1686 1312 1738 1339; x_wconf 85' lang='lat' dir='ltr'><strong>m.</strong></span> <span class='ocrx_word' id='word_1_150' title='bbox 1766 1295 1810 1355; x_wconf 88' lang='lat'><strong>1)</strong></span> 
     </span>
     <span class='ocr_line' id='line_1_18' title="bbox 273 1358 1812 1402; baseline -0.001 -1"><span class='ocrx_word' id='word_1_151' title='bbox 273 1365 333 1402; x_wconf 88' lang='lat' dir='ltr'><strong>est</strong></span> <span class='ocrx_word' id='word_1_152' title='bbox 363 1362 603 1402; x_wconf 83' lang='lat' dir='ltr'><strong>abscondite.</strong></span> <span class='ocrx_word' id='word_1_153' title='bbox 653 1362 830 1400; x_wconf 88' lang='lat' dir='ltr'><strong>Lucilius</strong></span> <span class='ocrx_word' id='word_1_154' title='bbox 855 1361 922 1400; x_wconf 91' lang='lat' dir='ltr'><strong>lib.</strong></span> <span class='ocrx_word' id='word_1_155' title='bbox 949 1361 1081 1400; x_wconf 90' lang='lat' dir='ltr'>XXVI</span> <span class='ocrx_word' id='word_1_156' title='bbox 1113 1358 1188 1400; x_wconf 80' lang='lat' dir='ltr'><strong>“at</strong></span> <span class='ocrx_word' id='word_1_157' title='bbox 1220 1361 1325 1399; x_wconf 88' lang='lat' dir='ltr'><strong>enim</strong></span> <span class='ocrx_word' id='word_1_158' title='bbox 1356 1362 1455 1400; x_wconf 77' lang='lat' dir='ltr'><strong>dieis</strong></span> <span class='ocrx_word' id='word_1_159' title='bbox 1476 1392 1482 1398; x_wconf 94' lang='lat'><strong>.</strong></span> <span class='ocrx_word' id='word_1_160' title='bbox 1563 1373 1640 1399; x_wconf 91' lang='lat' dir='ltr'><strong>neu</strong></span> <span class='ocrx_word' id='word_1_161' title='bbox 1664 1361 1812 1399; x_wconf 75' lang='lat' dir='ltr'><strong>mittere</strong></span> 
     </span>
     <span class='ocr_line' id='line_1_19' title="bbox 273 1415 1812 1474; baseline -0.002 -13"><span class='ocrx_word' id='word_1_162' title='bbox 273 1423 488 1471; x_wconf 79' lang='lat' dir='ltr'><strong>quidquam</strong></span> <span class='ocrx_word' id='word_1_163' title='bbox 518 1436 594 1461; x_wconf 89' lang='lat' dir='ltr'><strong>neu</strong></span> <span class='ocrx_word' id='word_1_164' title='bbox 626 1423 806 1461; x_wconf 81' lang='lat' dir='ltr'><strong>misteria</strong></span> <span class='ocrx_word' id='word_1_165' title='bbox 838 1422 1004 1460; x_wconf 86' lang='lat' dir='ltr'><strong>ecferres</strong></span> <span class='ocrx_word' id='word_1_166' title='bbox 1037 1415 1215 1474; x_wconf 79' lang='lat' dir='ltr'><strong>(ecferret</strong></span> <span class='ocrx_word' id='word_1_167' title='bbox 1239 1415 1461 1474; x_wconf 87' lang='lat' dir='ltr'><strong>Leidensis)</strong></span> <span class='ocrx_word' id='word_1_168' title='bbox 1488 1416 1656 1460; x_wconf 86' lang='lat' dir='ltr'><strong>foras”.&#39;</strong></span> <span class='ocrx_word' id='word_1_169' title='bbox 1700 1419 1812 1458; x_wconf 88' lang='lat' dir='ltr'><strong>Idem</strong></span> 
     </span>
     <span class='ocr_line' id='line_1_20' title="bbox 273 1476 1811 1535; baseline -0.002 -14"><span class='ocrx_word' id='word_1_170' title='bbox 273 1496 311 1532; x_wconf 91' lang='lat' dir='ltr'><strong>p.</strong></span> <span class='ocrx_word' id='word_1_171' title='bbox 335 1484 433 1532; x_wconf 84' lang='lat'>249,</span> <span class='ocrx_word' id='word_1_172' title='bbox 455 1483 479 1520; x_wconf 91' lang='grc'>4</span> <span class='ocrx_word' id='word_1_173' title='bbox 503 1477 696 1535; x_wconf 87' lang='grc'>(14-16</span> <span class='ocrx_word' id='word_1_174' title='bbox 711 1476 908 1534; x_wconf 88' lang='lat' dir='ltr'><strong>Mueller.)</strong></span> <span class='ocrx_word' id='word_1_175' title='bbox 936 1478 1208 1530; x_wconf 86' lang='lat' dir='ltr'><strong>‘Conmittere,</strong></span> <span class='ocrx_word' id='word_1_176' title='bbox 1234 1481 1374 1519; x_wconf 88' lang='lat' dir='ltr'><strong>facere.</strong></span> <span class='ocrx_word' id='word_1_177' title='bbox 1473 1480 1579 1519; x_wconf 84' lang='lat' dir='ltr'><strong>idem</strong></span> <span class='ocrx_word' id='word_1_178' title='bbox 1598 1479 1665 1518; x_wconf 87' lang='lat' dir='ltr'><strong>lib.</strong></span> <span class='ocrx_word' id='word_1_179' title='bbox 1679 1479 1811 1518; x_wconf 82' lang='lat' dir='ltr'><strong>XXVI</strong></span> 
     </span>
     <span class='ocr_line' id='line_1_21' title="bbox 277 1539 1811 1590; baseline -0.002 -9"><span class='ocrx_word' id='word_1_180' title='bbox 277 1539 363 1581; x_wconf 83' lang='lat' dir='ltr'><strong>“ad</strong></span> <span class='ocrx_word' id='word_1_181' title='bbox 394 1543 499 1580; x_wconf 87' lang='lat' dir='ltr'><strong>enim</strong></span> <span class='ocrx_word' id='word_1_182' title='bbox 531 1542 629 1581; x_wconf 76' lang='lat' dir='ltr'><strong>dicis</strong></span> <span class='ocrx_word' id='word_1_183' title='bbox 656 1573 663 1580; x_wconf 91' lang='lat'><strong>.</strong></span> <span class='ocrx_word' id='word_1_184' title='bbox 692 1573 698 1580; x_wconf 93' lang='lat'><strong>.</strong></span> <span class='ocrx_word' id='word_1_185' title='bbox 727 1573 734 1580; x_wconf 91' lang='lat'><strong>.</strong></span> <span class='ocrx_word' id='word_1_186' title='bbox 759 1553 808 1580; x_wconf 79' lang='lat' dir='ltr'><strong>ne</strong></span> <span class='ocrx_word' id='word_1_187' title='bbox 838 1541 1022 1580; x_wconf 86' lang='lat' dir='ltr'><strong>muttires</strong></span> <span class='ocrx_word' id='word_1_188' title='bbox 1061 1542 1271 1590; x_wconf 85' lang='lat' dir='ltr'><strong>quicquam</strong></span> <span class='ocrx_word' id='word_1_189' title='bbox 1310 1551 1380 1579; x_wconf 78' lang='lat' dir='ltr'><strong>nec</strong></span> <span class='ocrx_word' id='word_1_190' title='bbox 1415 1541 1607 1590; x_wconf 84' lang='lat' dir='ltr'><strong>mysteria</strong></span> <span class='ocrx_word' id='word_1_191' title='bbox 1645 1540 1811 1578; x_wconf 71' lang='lat' dir='ltr'><strong>ecfer-res</strong></span> 
     </span>
     <span class='ocr_line' id='line_1_22' title="bbox 275 1594 1811 1655; baseline -0.001 -15"><span class='ocrx_word' id='word_1_192' title='bbox 275 1597 354 1655; x_wconf 84' lang='lat' dir='ltr'><strong>(ita</strong></span> <span class='ocrx_word' id='word_1_193' title='bbox 382 1601 419 1641; x_wconf 75' lang='lat' dir='ltr'><strong><em>G</em></strong></span> <span class='ocrx_word' id='word_1_194' title='bbox 442 1614 492 1640; x_wconf 87' lang='lat' dir='ltr'><strong>m.</strong></span> <span class='ocrx_word' id='word_1_195' title='bbox 519 1603 569 1641; x_wconf 82' lang='lat'><strong>2:</strong></span> <span class='ocrx_word' id='word_1_196' title='bbox 618 1602 739 1640; x_wconf 83' lang='lat' dir='ltr'><strong>ferres</strong></span> <span class='ocrx_word' id='word_1_197' title='bbox 781 1613 824 1640; x_wconf 89' lang='lat' dir='ltr'><strong>ec</strong></span> <span class='ocrx_word' id='word_1_198' title='bbox 858 1600 895 1640; x_wconf 75' lang='lat' dir='ltr'><em>G</em></span> <span class='ocrx_word' id='word_1_199' title='bbox 918 1613 968 1639; x_wconf 84' lang='lat' dir='ltr'><strong>m.</strong></span> <span class='ocrx_word' id='word_1_200' title='bbox 998 1603 1020 1639; x_wconf 90' lang='lat'><strong><em>1</em></strong></span> <span class='ocrx_word' id='word_1_201' title='bbox 1065 1601 1159 1639; x_wconf 80' lang='lat' dir='ltr'><strong>haec</strong></span> <span class='ocrx_word' id='word_1_202' title='bbox 1207 1602 1331 1649; x_wconf 81' lang='lat' dir='ltr'><strong>ferres</strong></span> <span class='ocrx_word' id='word_1_203' title='bbox 1376 1594 1599 1653; x_wconf 84' lang='lat' dir='ltr'><strong>Leidensis)</strong></span> <span class='ocrx_word' id='word_1_204' title='bbox 1643 1594 1811 1638; x_wconf 85' lang='lat' dir='ltr'><strong>foras’&#39;.&#39;</strong></span> 
     </span>
     <span class='ocr_line' id='line_1_23' title="bbox 275 1659 1813 1711; baseline -0.002 -11"><span class='ocrx_word' id='word_1_205' title='bbox 275 1663 388 1700; x_wconf 80' lang='lat' dir='ltr'><strong>Dicis</strong></span> <span class='ocrx_word' id='word_1_206' title='bbox 420 1674 509 1700; x_wconf 88' lang='lat' dir='ltr'><strong>cum</strong></span> <span class='ocrx_word' id='word_1_207' title='bbox 540 1663 709 1711; x_wconf 88' lang='lat' dir='ltr'><strong>utroque</strong></span> <span class='ocrx_word' id='word_1_208' title='bbox 743 1661 830 1700; x_wconf 89' lang='lat' dir='ltr'><strong>loco</strong></span> <span class='ocrx_word' id='word_1_209' title='bbox 867 1660 1061 1700; x_wconf 83' lang='lat' dir='ltr'><strong>traditum</strong></span> <span class='ocrx_word' id='word_1_210' title='bbox 1099 1661 1170 1709; x_wconf 89' lang='lat' dir='ltr'><strong>sit,</strong></span> <span class='ocrx_word' id='word_1_211' title='bbox 1207 1672 1322 1699; x_wconf 89' lang='lat' dir='ltr'><strong>nemo</strong></span> <span class='ocrx_word' id='word_1_212' title='bbox 1360 1672 1449 1699; x_wconf 92' lang='lat' dir='ltr'><strong>cum</strong></span> <span class='ocrx_word' id='word_1_213' title='bbox 1481 1659 1735 1698; x_wconf 84' lang='lat' dir='ltr'><strong>Lachmanno</strong></span> <span class='ocrx_word' id='word_1_214' title='bbox 1773 1660 1813 1698; x_wconf 90' lang='lat' dir='ltr'><strong>et</strong></span> 
     </span>
     <span class='ocr_line' id='line_1_24' title="bbox 275 1719 1812 1771; baseline -0.001 -11"><span class='ocrx_word' id='word_1_215' title='bbox 275 1722 410 1760; x_wconf 86' lang='lat' dir='ltr'><strong>Dousa</strong></span> <span class='ocrx_word' id='word_1_216' title='bbox 441 1722 523 1760; x_wconf 90' lang='lat' dir='ltr'><strong>filio</strong></span> <span class='ocrx_word' id='word_1_217' title='bbox 555 1722 640 1760; x_wconf 72' lang='lat' dir='ltr'><strong>dixi</strong></span> <span class='ocrx_word' id='word_1_218' title='bbox 670 1734 816 1771; x_wconf 89' lang='lat' dir='ltr'><strong>ponere</strong></span> <span class='ocrx_word' id='word_1_219' title='bbox 848 1721 981 1760; x_wconf 86' lang='lat' dir='ltr'><strong>malet.</strong></span> <span class='ocrx_word' id='word_1_220' title='bbox 1032 1719 1297 1758; x_wconf 85' lang='lat' dir='ltr'><strong>Aduersarius</strong></span> <span class='ocrx_word' id='word_1_221' title='bbox 1328 1720 1508 1770; x_wconf 91' lang='lat' dir='ltr'><strong>loquitur</strong></span> <span class='ocrx_word' id='word_1_222' title='bbox 1537 1719 1606 1758; x_wconf 88' lang='lat' dir='ltr'><strong>ille</strong></span> <span class='ocrx_word' id='word_1_223' title='bbox 1631 1720 1812 1758; x_wconf 84' lang='lat' dir='ltr'><strong>oratione</strong></span> 
     </span>
     <span class='ocr_line' id='line_1_25' title="bbox 274 1777 1813 1831; baseline -0.003 -11"><span class='ocrx_word' id='word_1_224' title='bbox 274 1781 448 1831; x_wconf 85' lang='lat' dir='ltr'><strong>derecta,</strong></span> <span class='ocrx_word' id='word_1_225' title='bbox 486 1794 565 1820; x_wconf 90' lang='lat' dir='ltr'><strong>non</strong></span> <span class='ocrx_word' id='word_1_226' title='bbox 604 1781 784 1831; x_wconf 86' lang='lat' dir='ltr'><strong>obliqua:</strong></span> <span class='ocrx_word' id='word_1_227' title='bbox 824 1777 901 1830; x_wconf 80' lang='lat' dir='ltr'><strong>‘tu,</strong></span> <span class='ocrx_word' id='word_1_228' title='bbox 938 1779 1085 1829; x_wconf 87' lang='lat' dir='ltr'><strong>Lucili,</strong></span> <span class='ocrx_word' id='word_1_229' title='bbox 1129 1792 1207 1818; x_wconf 89' lang='lat' dir='ltr'><strong>non</strong></span> <span class='ocrx_word' id='word_1_230' title='bbox 1247 1779 1420 1818; x_wconf 86' lang='lat' dir='ltr'><strong>debuisti</strong></span> <span class='ocrx_word' id='word_1_231' title='bbox 1441 1792 1560 1829; x_wconf 12' lang='lat' dir='ltr'><strong>,quae</strong></span> <span class='ocrx_word' id='word_1_232' title='bbox 1597 1779 1700 1818; x_wconf 87' lang='lat' dir='ltr'><strong>clam</strong></span> <span class='ocrx_word' id='word_1_233' title='bbox 1736 1778 1813 1817; x_wconf 89' lang='lat' dir='ltr'><strong>tibi</strong></span> 
     </span>
     <span class='ocr_line' id='line_1_26' title="bbox 275 1839 1812 1891; baseline -0.002 -11"><span class='ocrx_word' id='word_1_234' title='bbox 275 1843 389 1880; x_wconf 88' lang='lat' dir='ltr'><strong>erant</strong></span> <span class='ocrx_word' id='word_1_235' title='bbox 421 1842 647 1891; x_wconf 85' lang='lat' dir='ltr'><strong>commissa,</strong></span> <span class='ocrx_word' id='word_1_236' title='bbox 683 1842 726 1879; x_wconf 91' lang='lat' dir='ltr'><strong>in</strong></span> <span class='ocrx_word' id='word_1_237' title='bbox 756 1841 960 1891; x_wconf 87' lang='lat' dir='ltr'><strong>publicum</strong></span> <span class='ocrx_word' id='word_1_238' title='bbox 990 1840 1168 1890; x_wconf 87' lang='lat' dir='ltr'><strong>proferre</strong></span> <span class='ocrx_word' id='word_1_239' title='bbox 1200 1840 1318 1878; x_wconf 88' lang='lat' dir='ltr'><strong>sicuti</strong></span> <span class='ocrx_word' id='word_1_240' title='bbox 1349 1839 1480 1878; x_wconf 88' lang='lat' dir='ltr'><strong>fecisti</strong></span> <span class='ocrx_word' id='word_1_241' title='bbox 1510 1839 1643 1890; x_wconf 85' lang='lat' dir='ltr'><strong>priore</strong></span> <span class='ocrx_word' id='word_1_242' title='bbox 1674 1839 1812 1877; x_wconf 87' lang='lat' dir='ltr'><strong>satura</strong></span> 
     </span>
     <span class='ocr_line' id='line_1_27' title="bbox 273 1898 1811 1952; baseline -0.003 -12"><span class='ocrx_word' id='word_1_243' title='bbox 273 1898 372 1940; x_wconf 86' lang='lat' dir='ltr'><strong>tua’.</strong></span> <span class='ocrx_word' id='word_1_244' title='bbox 423 1901 537 1940; x_wconf 91' lang='lat' dir='ltr'><strong>Vnde</strong></span> <span class='ocrx_word' id='word_1_245' title='bbox 570 1902 738 1952; x_wconf 87' lang='lat' dir='ltr'><strong>apparet</strong></span> <span class='ocrx_word' id='word_1_246' title='bbox 768 1901 870 1939; x_wconf 89' lang='grc'>110110</span> <span class='ocrx_word' id='word_1_247' title='bbox 902 1912 1022 1950; x_wconf 91' lang='lat' dir='ltr'><strong>quam</strong></span> <span class='ocrx_word' id='word_1_248' title='bbox 1053 1899 1300 1939; x_wconf 88' lang='lat' dir='ltr'><strong>restituimus</strong></span> <span class='ocrx_word' id='word_1_249' title='bbox 1332 1901 1511 1938; x_wconf 84' lang='lat' dir='ltr'><strong>saturam</strong></span> <span class='ocrx_word' id='word_1_250' title='bbox 1535 1911 1614 1937; x_wconf 91' lang='lat' dir='ltr'><strong>non</strong></span> <span class='ocrx_word' id='word_1_251' title='bbox 1640 1899 1811 1949; x_wconf 87' lang='lat' dir='ltr'><strong>primam</strong></span> 
     </span>
    </p>
   </div>
   <div class='ocr_carea' id='block_1_3' title="bbox 272 1958 1881 2010">
    <p class='ocr_par' dir='ltr' id='par_1_5' title="bbox 272 1958 1881 2010">
     <span class='ocr_line' id='line_1_28' title="bbox 272 1958 1881 2010; baseline -0.001 -12"><span class='ocrx_word' id='word_1_252' title='bbox 272 1961 391 2000; x_wconf 92' lang='lat' dir='ltr'><strong>huius</strong></span> <span class='ocrx_word' id='word_1_253' title='bbox 422 1961 517 1999; x_wconf 93' lang='lat' dir='ltr'><strong>libri</strong></span> <span class='ocrx_word' id='word_1_254' title='bbox 547 1961 686 2010; x_wconf 87' lang='lat' dir='ltr'><strong>fuisse,</strong></span> <span class='ocrx_word' id='word_1_255' title='bbox 724 1960 792 1999; x_wconf 86' lang='lat' dir='ltr'><strong>sed</strong></span> <span class='ocrx_word' id='word_1_256' title='bbox 825 1961 894 1998; x_wconf 85' lang='lat' dir='ltr'><strong>aut</strong></span> <span class='ocrx_word' id='word_1_257' title='bbox 925 1961 1092 1999; x_wconf 85' lang='lat' dir='ltr'><strong>alteram</strong></span> <span class='ocrx_word' id='word_1_258' title='bbox 1125 1961 1196 1998; x_wconf 89' lang='lat' dir='ltr'><strong>aut</strong></span> <span class='ocrx_word' id='word_1_259' title='bbox 1226 1960 1477 2009; x_wconf 89' lang='lat' dir='ltr'><strong>sequentium</strong></span> <span class='ocrx_word' id='word_1_260' title='bbox 1513 1958 1650 2008; x_wconf 82' lang='lat' dir='ltr'><strong>aliqua</strong></span> <span class='ocrx_word' id='word_1_261' title='bbox 1686 1958 1813 1996; x_wconf 78' lang='lat' dir='ltr'><strong>ueluti</strong></span> <span class='ocrx_word' id='word_1_262' title='bbox 1877 1974 1881 1976; x_wconf 59' lang='lat'>¹</span> 
     </span>
    </p>
   </div>
   <div class='ocr_carea' id='block_1_4' title="bbox 212 2018 1812 3084">
    <p class='ocr_par' dir='ltr' id='par_1_6' title="bbox 212 2018 1812 3084">
     <span class='ocr_line' id='line_1_29' title="bbox 273 2018 1812 2071; baseline -0.002 -12"><span class='ocrx_word' id='word_1_263' title='bbox 273 2022 404 2059; x_wconf 84' lang='lat' dir='ltr'><strong>tertia.</strong></span> <span class='ocrx_word' id='word_1_264' title='bbox 472 2020 743 2071; x_wconf 88' lang='lat' dir='ltr'><strong>Reprehendit</strong></span> <span class='ocrx_word' id='word_1_265' title='bbox 781 2021 908 2070; x_wconf 86' lang='lat' dir='ltr'><strong>igitur</strong></span> <span class='ocrx_word' id='word_1_266' title='bbox 951 2019 1221 2067; x_wconf 88' lang='lat' dir='ltr'><strong>aduersarius,</strong></span> <span class='ocrx_word' id='word_1_267' title='bbox 1265 2018 1372 2068; x_wconf 89' lang='lat' dir='ltr'><strong>quod</strong></span> <span class='ocrx_word' id='word_1_268' title='bbox 1414 2019 1454 2056; x_wconf 89' lang='lat' dir='ltr'><strong>in</strong></span> <span class='ocrx_word' id='word_1_269' title='bbox 1499 2019 1632 2069; x_wconf 84' lang='lat' dir='ltr'><strong>priore</strong></span> <span class='ocrx_word' id='word_1_270' title='bbox 1676 2019 1812 2056; x_wconf 85' lang='lat' dir='ltr'><strong>satura</strong></span> 
     </span>
     <span class='ocr_line' id='line_1_30' title="bbox 274 2078 1810 2129; baseline -0.003 -10"><span class='ocrx_word' id='word_1_271' title='bbox 274 2081 467 2119; x_wconf 89' lang='lat' dir='ltr'><strong>nonnulla</strong></span> <span class='ocrx_word' id='word_1_272' title='bbox 504 2080 705 2119; x_wconf 86' lang='lat' dir='ltr'><strong>distulerit</strong></span> <span class='ocrx_word' id='word_1_273' title='bbox 741 2079 1004 2129; x_wconf 89' lang='lat' dir='ltr'><strong>sermonibus,</strong></span> <span class='ocrx_word' id='word_1_274' title='bbox 1043 2091 1145 2128; x_wconf 87' lang='lat' dir='ltr'><strong>quae</strong></span> <span class='ocrx_word' id='word_1_275' title='bbox 1181 2078 1244 2116; x_wconf 85' lang='lat' dir='ltr'><strong>illi</strong></span> <span class='ocrx_word' id='word_1_276' title='bbox 1282 2079 1385 2117; x_wconf 87' lang='lat' dir='ltr'><strong>clam</strong></span> <span class='ocrx_word' id='word_1_277' title='bbox 1405 2079 1553 2128; x_wconf 44' lang='lat' dir='ltr'><strong>,essent</strong></span> <span class='ocrx_word' id='word_1_278' title='bbox 1585 2078 1810 2116; x_wconf 87' lang='lat' dir='ltr'><strong>commissa:</strong></span> 
     </span>
     <span class='ocr_line' id='line_1_31' title="bbox 276 2135 1811 2189; baseline -0.003 -11"><span class='ocrx_word' id='word_1_279' title='bbox 276 2140 370 2179; x_wconf 83' lang='lat' dir='ltr'><strong>conf</strong></span> <span class='ocrx_word' id='word_1_280' title='bbox 392 2139 486 2179; x_wconf 90' lang='lat' dir='ltr'><strong>Hor.</strong></span> <span class='ocrx_word' id='word_1_281' title='bbox 514 2152 627 2179; x_wconf 87' lang='lat' dir='ltr'><strong>serm.</strong></span> <span class='ocrx_word' id='word_1_282' title='bbox 653 2139 674 2177; x_wconf 91' lang='lat' dir='ltr'>I</span> <span class='ocrx_word' id='word_1_283' title='bbox 701 2140 740 2189; x_wconf 87' lang='lat'>4,</span> <span class='ocrx_word' id='word_1_284' title='bbox 766 2140 822 2177; x_wconf 90' lang='lat'><strong>84</strong></span> <span class='ocrx_word' id='word_1_285' title='bbox 862 2135 1087 2177; x_wconf 82' lang='lat' dir='ltr'><strong>‘commissa</strong></span> <span class='ocrx_word' id='word_1_286' title='bbox 1123 2139 1253 2176; x_wconf 84' lang='lat' dir='ltr'><strong>tacere</strong></span> <span class='ocrx_word' id='word_1_287' title='bbox 1292 2138 1362 2187; x_wconf 87' lang='lat' dir='ltr'><strong>qui</strong></span> <span class='ocrx_word' id='word_1_288' title='bbox 1399 2137 1554 2187; x_wconf 88' lang='lat' dir='ltr'><strong>nequit,</strong></span> <span class='ocrx_word' id='word_1_289' title='bbox 1597 2137 1662 2175; x_wconf 88' lang='lat' dir='ltr'><strong>hic</strong></span> <span class='ocrx_word' id='word_1_290' title='bbox 1698 2138 1811 2188; x_wconf 88' lang='lat' dir='ltr'><strong>niger</strong></span> 
     </span>
     <span class='ocr_line' id='line_1_32' title="bbox 274 2191 1811 2249; baseline -0.003 -11"><span class='ocrx_word' id='word_1_291' title='bbox 274 2196 362 2249; x_wconf 84' lang='lat' dir='ltr'><strong>est’3</strong></span> <span class='ocrx_word' id='word_1_292' title='bbox 387 2199 552 2238; x_wconf 88' lang='lat' dir='ltr'><strong>Aristot.</strong></span> <span class='ocrx_word' id='word_1_293' title='bbox 573 2200 672 2238; x_wconf 89' lang='lat' dir='ltr'><strong>rhet.</strong></span> <span class='ocrx_word' id='word_1_294' title='bbox 693 2199 734 2237; x_wconf 87' lang='lat' dir='ltr'>H</span> <span class='ocrx_word' id='word_1_295' title='bbox 753 2211 837 2249; x_wconf 87' lang='lat' dir='ltr'><strong>cap.</strong></span> <span class='ocrx_word' id='word_1_296' title='bbox 861 2199 884 2237; x_wconf 90' lang='grc'><strong>6</strong></span> <span class='ocrx_word' id='word_1_297' title='bbox 905 2212 943 2248; x_wconf 90' lang='lat' dir='ltr'><strong>p.</strong></span> <span class='ocrx_word' id='word_1_298' title='bbox 967 2192 1102 2237; x_wconf 86' lang='lat' dir='ltr'><strong>1384b</strong></span> <span class='ocrx_word' id='word_1_299' title='bbox 1126 2199 1180 2236; x_wconf 88' lang='lat'><strong>10</strong></span> <span class='ocrx_word' id='word_1_300' title='bbox 1204 2195 1270 2236; x_wconf 84' lang='grc' dir='ltr'><strong>καὶ</strong></span> <span class='ocrx_word' id='word_1_301' title='bbox 1296 2191 1354 2244; x_wconf 83' lang='grc' dir='ltr'><strong>οἷς</strong></span> <span class='ocrx_word' id='word_1_302' title='bbox 1379 2193 1404 2248; x_wconf 81' lang='grc' dir='ltr'><em>ἡ</em></span> <span class='ocrx_word' id='word_1_303' title='bbox 1432 2194 1611 2249; x_wconf 80' lang='grc' dir='ltr'><em>διατριβὴ</em></span> <span class='ocrx_word' id='word_1_304' title='bbox 1637 2193 1702 2235; x_wconf 80' lang='grc' dir='ltr'><strong>ἐπὶ</strong></span> <span class='ocrx_word' id='word_1_305' title='bbox 1726 2198 1811 2244; x_wconf 84' lang='grc' dir='ltr'><strong><em>ταῖς</em></strong></span> 
     </span>
     <span class='ocr_line' id='line_1_33' title="bbox 275 2253 1810 2312; baseline -0.003 -14"><span class='ocrx_word' id='word_1_306' title='bbox 275 2264 354 2298; x_wconf 84' lang='grc' dir='ltr'><strong>τῶν</strong></span> <span class='ocrx_word' id='word_1_307' title='bbox 385 2257 505 2307; x_wconf 82' lang='grc' dir='ltr'><strong><em>πέλας</em></strong></span> <span class='ocrx_word' id='word_1_308' title='bbox 535 2256 754 2312; x_wconf 81' lang='grc' dir='ltr'>ἁμαρτίαις,</span> <span class='ocrx_word' id='word_1_309' title='bbox 786 2253 872 2298; x_wconf 85' lang='grc' dir='ltr'><strong><em>οἷον</em></strong></span> <span class='ocrx_word' id='word_1_310' title='bbox 903 2260 1129 2310; x_wconf 82' lang='grc' dir='ltr'><em>χλευασταῖς</em></span> <span class='ocrx_word' id='word_1_311' title='bbox 1159 2254 1222 2296; x_wconf 80' lang='grc' dir='ltr'><strong>καὶ</strong></span> <span class='ocrx_word' id='word_1_312' title='bbox 1253 2255 1571 2312; x_wconf 83' lang='grc' dir='ltr'><em>κωμῳδοποιὸῖς·</em></span> <span class='ocrx_word' id='word_1_313' title='bbox 1602 2253 1810 2308; x_wconf 82' lang='grc' dir='ltr'><strong><em>κακολόγοι</em></strong></span> 
     </span>
     <span class='ocr_line' id='line_1_34' title="bbox 273 2313 1810 2372; baseline -0.003 -14"><span class='ocrx_word' id='word_1_314' title='bbox 273 2318 348 2372; x_wconf 80' lang='grc' dir='ltr'><strong>γάρ</strong></span> <span class='ocrx_word' id='word_1_315' title='bbox 380 2332 464 2366; x_wconf 83' lang='grc' dir='ltr'><strong>πως</strong></span> <span class='ocrx_word' id='word_1_316' title='bbox 489 2313 599 2358; x_wconf 85' lang='grc' dir='ltr'><em>οὗτοι</em></span> <span class='ocrx_word' id='word_1_317' title='bbox 629 2316 694 2357; x_wconf 81' lang='grc' dir='ltr'><strong>καὶ</strong></span> <span class='ocrx_word' id='word_1_318' title='bbox 724 2317 994 2371; x_wconf 80' lang='grc' dir='ltr'><em>ἕξαγγελτικοί.</em></span> <span class='ocrx_word' id='word_1_319' title='bbox 1042 2318 1234 2368; x_wconf 88' lang='lat' dir='ltr'><strong>mysteria</strong></span> <span class='ocrx_word' id='word_1_320' title='bbox 1265 2317 1423 2366; x_wconf 86' lang='lat' dir='ltr'><strong>ecferre,</strong></span> <span class='ocrx_word' id='word_1_321' title='bbox 1454 2315 1601 2355; x_wconf 82' lang='lat' dir='ltr'><strong>Graece</strong></span> <span class='ocrx_word' id='word_1_322' title='bbox 1631 2313 1810 2369; x_wconf 79' lang='grc' dir='ltr'><strong><em>ἐκφέρειν</em></strong></span> 
     </span>
     <span class='ocr_line' id='line_1_35' title="bbox 276 2373 1810 2429; baseline -0.003 -11"><span class='ocrx_word' id='word_1_323' title='bbox 276 2379 441 2429; x_wconf 87' lang='lat' dir='ltr'><strong>Dionys.</strong></span> <span class='ocrx_word' id='word_1_324' title='bbox 474 2379 522 2417; x_wconf 89' lang='lat' dir='ltr'><strong>de</strong></span> <span class='ocrx_word' id='word_1_325' title='bbox 554 2391 725 2429; x_wconf 90' lang='lat' dir='ltr'><strong>compos.</strong></span> <span class='ocrx_word' id='word_1_326' title='bbox 757 2378 866 2417; x_wconf 88' lang='lat' dir='ltr'><strong>uerb.</strong></span> <span class='ocrx_word' id='word_1_327' title='bbox 893 2390 977 2428; x_wconf 90' lang='lat' dir='ltr'><strong>cap.</strong></span> <span class='ocrx_word' id='word_1_328' title='bbox 1006 2376 1111 2416; x_wconf 84' lang='lat' dir='ltr'><strong>25V</strong></span> <span class='ocrx_word' id='word_1_329' title='bbox 1137 2391 1175 2428; x_wconf 91' lang='lat' dir='ltr'><strong>p.</strong></span> <span class='ocrx_word' id='word_1_330' title='bbox 1204 2377 1300 2415; x_wconf 89' lang='lat'>194.</span> <span class='ocrx_word' id='word_1_331' title='bbox 1329 2377 1412 2415; x_wconf 84' lang='lat'><strong>195</strong></span> <span class='ocrx_word' id='word_1_332' title='bbox 1424 2375 1476 2426; x_wconf 83' lang='lat' dir='ltr'>R,</span> <span class='ocrx_word' id='word_1_333' title='bbox 1519 2373 1566 2414; x_wconf 86' lang='grc' dir='ltr'><strong>τὰ</strong></span> <span class='ocrx_word' id='word_1_334' title='bbox 1609 2373 1810 2428; x_wconf 78' lang='grc' dir='ltr'><strong><em>ἀπόῤῥητα</em></strong></span> 
     </span>
     <span class='ocr_line' id='line_1_36' title="bbox 274 2432 1810 2491; baseline -0.003 -13"><span class='ocrx_word' id='word_1_335' title='bbox 274 2437 481 2491; x_wconf 76' lang='grc' dir='ltr'><strong><em>ἐξήνεγκεν</em></strong></span> <span class='ocrx_word' id='word_1_336' title='bbox 506 2438 623 2490; x_wconf 88' lang='lat' dir='ltr'><strong>Diog.</strong></span> <span class='ocrx_word' id='word_1_337' title='bbox 649 2438 780 2477; x_wconf 90' lang='lat' dir='ltr'><strong>Laert.</strong></span> <span class='ocrx_word' id='word_1_338' title='bbox 806 2438 864 2476; x_wconf 91' lang='lat' dir='ltr'><strong>IV</strong></span> <span class='ocrx_word' id='word_1_339' title='bbox 892 2439 936 2476; x_wconf 84' lang='lat'><strong>2:</strong></span> <span class='ocrx_word' id='word_1_340' title='bbox 963 2435 1040 2476; x_wconf 81' lang='lat' dir='ltr'><strong>Cic.</strong></span> <span class='ocrx_word' id='word_1_341' title='bbox 1061 2436 1235 2487; x_wconf 89' lang='lat' dir='ltr'><strong>Philipp.</strong></span> <span class='ocrx_word' id='word_1_342' title='bbox 1255 2436 1291 2474; x_wconf 93' lang='lat' dir='ltr'><strong>X</strong></span> <span class='ocrx_word' id='word_1_343' title='bbox 1318 2437 1357 2486; x_wconf 92' lang='lat'><strong>3,</strong></span> <span class='ocrx_word' id='word_1_344' title='bbox 1384 2436 1407 2474; x_wconf 90' lang='grc'><strong>6</strong></span> <span class='ocrx_word' id='word_1_345' title='bbox 1437 2432 1582 2474; x_wconf 86' lang='lat' dir='ltr'><strong>‘efferri</strong></span> <span class='ocrx_word' id='word_1_346' title='bbox 1605 2435 1679 2474; x_wconf 89' lang='lat' dir='ltr'><strong>hoc</strong></span> <span class='ocrx_word' id='word_1_347' title='bbox 1704 2435 1810 2474; x_wconf 86' lang='lat' dir='ltr'><strong>foras</strong></span> 
     </span>
     <span class='ocr_line' id='line_1_37' title="bbox 276 2493 1809 2549; baseline -0.003 -12"><span class='ocrx_word' id='word_1_348' title='bbox 276 2500 317 2537; x_wconf 90' lang='lat' dir='ltr'><strong>et</strong></span> <span class='ocrx_word' id='word_1_349' title='bbox 344 2499 395 2537; x_wconf 90' lang='lat' dir='ltr'><strong>ad</strong></span> <span class='ocrx_word' id='word_1_350' title='bbox 420 2499 561 2549; x_wconf 91' lang='lat' dir='ltr'><strong>populi</strong></span> <span class='ocrx_word' id='word_1_351' title='bbox 585 2498 756 2537; x_wconf 78' lang='lat' dir='ltr'><strong>Romani</strong></span> <span class='ocrx_word' id='word_1_352' title='bbox 782 2499 889 2537; x_wconf 90' lang='lat' dir='ltr'><strong>auris</strong></span> <span class='ocrx_word' id='word_1_353' title='bbox 914 2493 1149 2548; x_wconf 87' lang='lat' dir='ltr'><strong>peruenire&#39;.</strong></span> <span class='ocrx_word' id='word_1_354' title='bbox 1199 2496 1259 2534; x_wconf 89' lang='lat' dir='ltr'><strong>De</strong></span> <span class='ocrx_word' id='word_1_355' title='bbox 1285 2495 1538 2535; x_wconf 88' lang='lat' dir='ltr'><strong>coniunctiuo</strong></span> <span class='ocrx_word' id='word_1_356' title='bbox 1564 2494 1659 2534; x_wconf 89' lang='lat' dir='ltr'><strong>conf</strong></span> <span class='ocrx_word' id='word_1_357' title='bbox 1678 2494 1809 2533; x_wconf 85' lang='lat' dir='ltr'><strong>Plaut.</strong></span> 
     </span>
     <span class='ocr_line' id='line_1_38' title="bbox 274 2551 1802 2598; baseline -0.003 -2"><span class='ocrx_word' id='word_1_358' title='bbox 274 2558 412 2598; x_wconf 87' lang='lat' dir='ltr'><strong>Pseud.</strong></span> <span class='ocrx_word' id='word_1_359' title='bbox 440 2559 524 2597; x_wconf 84' lang='lat'><strong>437</strong></span> <span class='ocrx_word' id='word_1_360' title='bbox 566 2555 664 2596; x_wconf 65' lang='lat' dir='ltr'><strong>‘uel‘</strong></span> <span class='ocrx_word' id='word_1_361' title='bbox 684 2559 730 2596; x_wconf 90' lang='lat' dir='ltr'><strong>tu</strong></span> <span class='ocrx_word' id='word_1_362' title='bbox 766 2571 815 2596; x_wconf 89' lang='lat' dir='ltr'><strong>ne</strong></span> <span class='ocrx_word' id='word_1_363' title='bbox 852 2557 1001 2596; x_wconf 88' lang='lat' dir='ltr'><strong>faceres</strong></span> <span class='ocrx_word' id='word_1_364' title='bbox 1038 2556 1119 2595; x_wconf 81' lang='lat' dir='ltr'><strong>tale</strong></span> <span class='ocrx_word' id='word_1_365' title='bbox 1156 2555 1199 2593; x_wconf 89' lang='grc'><strong>111</strong></span> <span class='ocrx_word' id='word_1_366' title='bbox 1235 2551 1519 2594; x_wconf 73' lang='lat' dir='ltr'><strong>adulescentia’</strong></span> <span class='ocrx_word' id='word_1_367' title='bbox 1558 2555 1669 2593; x_wconf 90' lang='lat' dir='ltr'><strong>cuius</strong></span> <span class='ocrx_word' id='word_1_368' title='bbox 1706 2566 1802 2593; x_wconf 84' lang='lat' dir='ltr'><strong>usus</strong></span> 
     </span>
     <span class='ocr_line' id='line_1_39' title="bbox 274 2613 1810 2668; baseline -0.003 -13"><span class='ocrx_word' id='word_1_369' title='bbox 274 2619 393 2668; x_wconf 89' lang='lat' dir='ltr'><strong>plura</strong></span> <span class='ocrx_word' id='word_1_370' title='bbox 435 2618 616 2667; x_wconf 85' lang='lat' dir='ltr'><strong>exempla</strong></span> <span class='ocrx_word' id='word_1_371' title='bbox 645 2618 821 2668; x_wconf 19' lang='lat' dir='ltr'><strong>,collegit</strong></span> <span class='ocrx_word' id='word_1_372' title='bbox 864 2617 1076 2655; x_wconf 88' lang='lat' dir='ltr'><strong>Lorenzius</strong></span> <span class='ocrx_word' id='word_1_373' title='bbox 1121 2615 1172 2654; x_wconf 89' lang='lat' dir='ltr'><strong>ad</strong></span> <span class='ocrx_word' id='word_1_374' title='bbox 1202 2614 1341 2654; x_wconf 90' lang='lat' dir='ltr'><strong>Pseud.</strong></span> <span class='ocrx_word' id='word_1_375' title='bbox 1367 2628 1405 2652; x_wconf 91' lang='lat' dir='ltr'><strong>u.</strong></span> <span class='ocrx_word' id='word_1_376' title='bbox 1434 2614 1517 2653; x_wconf 86' lang='grc'><strong>273</strong></span> <span class='ocrx_word' id='word_1_377' title='bbox 1556 2614 1715 2652; x_wconf 86' lang='lat' dir='ltr'><strong>Brixius</strong></span> <span class='ocrx_word' id='word_1_378' title='bbox 1758 2613 1810 2652; x_wconf 90' lang='lat' dir='ltr'><strong>ad</strong></span> 
     </span>
     <span class='ocr_line' id='line_1_40' title="bbox 274 2673 1809 2727; baseline -0.003 -11"><span class='ocrx_word' id='word_1_379' title='bbox 274 2678 383 2716; x_wconf 82' lang='lat' dir='ltr'><strong>Trin.</strong></span> <span class='ocrx_word' id='word_1_380' title='bbox 407 2679 509 2716; x_wconf 87' lang='lat'>133:</span> <span class='ocrx_word' id='word_1_381' title='bbox 534 2676 970 2727; x_wconf 87' lang='lat' dir='ltr'><strong>plusquamperfectum</strong></span> <span class='ocrx_word' id='word_1_382' title='bbox 995 2675 1101 2725; x_wconf 87' lang='lat' dir='ltr'><strong>apud</strong></span> <span class='ocrx_word' id='word_1_383' title='bbox 1122 2674 1360 2724; x_wconf 85' lang='lat' dir='ltr'><strong>Ciceronem,</strong></span> <span class='ocrx_word' id='word_1_384' title='bbox 1385 2686 1464 2712; x_wconf 91' lang='lat' dir='ltr'><strong>non</strong></span> <span class='ocrx_word' id='word_1_385' title='bbox 1490 2674 1597 2723; x_wconf 86' lang='lat' dir='ltr'><strong>apud</strong></span> <span class='ocrx_word' id='word_1_386' title='bbox 1622 2673 1809 2712; x_wconf 87' lang='lat' dir='ltr'><strong>Plautum</strong></span> 
     </span>
     <span class='ocr_line' id='line_1_41' title="bbox 275 2730 1808 2776; baseline -0.003 -1"><span class='ocrx_word' id='word_1_387' title='bbox 275 2738 448 2776; x_wconf 83' lang='lat' dir='ltr'><strong>inueniri</strong></span> <span class='ocrx_word' id='word_1_388' title='bbox 486 2737 652 2776; x_wconf 85' lang='lat' dir='ltr'><strong>adnotat</strong></span> <span class='ocrx_word' id='word_1_389' title='bbox 697 2736 803 2775; x_wconf 90' lang='lat' dir='ltr'><strong>idem</strong></span> <span class='ocrx_word' id='word_1_390' title='bbox 839 2736 1052 2775; x_wconf 90' lang='lat' dir='ltr'><strong>Lorenzius</strong></span> <span class='ocrx_word' id='word_1_391' title='bbox 1077 2735 1103 2773; x_wconf 95' lang='grc'><strong>1.</strong></span> <span class='ocrx_word' id='word_1_392' title='bbox 1130 2747 1158 2774; x_wconf 89' lang='lat' dir='ltr'><strong>s.</strong></span> <span class='ocrx_word' id='word_1_393' title='bbox 1186 2746 1215 2774; x_wconf 90' lang='lat' dir='ltr'><strong>s.</strong></span> <span class='ocrx_word' id='word_1_394' title='bbox 1247 2735 1342 2773; x_wconf 86' lang='lat' dir='ltr'><strong>conf</strong></span> <span class='ocrx_word' id='word_1_395' title='bbox 1362 2734 1473 2772; x_wconf 90' lang='lat' dir='ltr'><strong>Verr.</strong></span> <span class='ocrx_word' id='word_1_396' title='bbox 1499 2733 1562 2771; x_wconf 80' lang='lat' dir='ltr'><strong>m</strong></span> <span class='ocrx_word' id='word_1_397' title='bbox 1589 2733 1671 2772; x_wconf 86' lang='lat'><strong>195</strong></span> <span class='ocrx_word' id='word_1_398' title='bbox 1712 2730 1808 2771; x_wconf 76' lang='lat' dir='ltr'><strong>‘fi-u-</strong></span> 
     </span>
     <span class='ocr_line' id='line_1_42' title="bbox 276 2789 1805 2843; baseline -0.003 -8"><span class='ocrx_word' id='word_1_399' title='bbox 276 2799 453 2835; x_wconf 86' lang='lat' dir='ltr'><strong>mentum</strong></span> <span class='ocrx_word' id='word_1_400' title='bbox 475 2828 482 2835; x_wconf 94' lang='lat'><strong>.</strong></span> <span class='ocrx_word' id='word_1_401' title='bbox 504 2827 511 2834; x_wconf 93' lang='lat'><strong>.</strong></span> <span class='ocrx_word' id='word_1_402' title='bbox 534 2828 541 2835; x_wconf 91' lang='lat'><strong>.</strong></span> <span class='ocrx_word' id='word_1_403' title='bbox 562 2809 611 2835; x_wconf 91' lang='lat' dir='ltr'><strong>ne</strong></span> <span class='ocrx_word' id='word_1_404' title='bbox 643 2793 816 2835; x_wconf 83' lang='lat' dir='ltr'><strong>emisses&#39;</strong></span> <span class='ocrx_word' id='word_1_405' title='bbox 851 2795 901 2835; x_wconf 91' lang='lat' dir='ltr'><strong>ad</strong></span> <span class='ocrx_word' id='word_1_406' title='bbox 931 2795 1016 2834; x_wconf 89' lang='lat' dir='ltr'><strong>Att.</strong></span> <span class='ocrx_word' id='word_1_407' title='bbox 1042 2795 1085 2833; x_wconf 90' lang='lat' dir='ltr'>H</span> <span class='ocrx_word' id='word_1_408' title='bbox 1111 2797 1149 2843; x_wconf 93' lang='lat'>1,</span> <span class='ocrx_word' id='word_1_409' title='bbox 1176 2795 1201 2833; x_wconf 87' lang='lat'><strong>3</strong></span> <span class='ocrx_word' id='word_1_410' title='bbox 1217 2795 1313 2833; x_wconf 88' lang='lat' dir='ltr'><strong>extr.</strong></span> <span class='ocrx_word' id='word_1_411' title='bbox 1347 2790 1436 2833; x_wconf 83' lang='lat' dir='ltr'><strong>‘aut</strong></span> <span class='ocrx_word' id='word_1_412' title='bbox 1465 2805 1514 2831; x_wconf 89' lang='lat' dir='ltr'><strong>ne</strong></span> <span class='ocrx_word' id='word_1_413' title='bbox 1544 2789 1805 2843; x_wconf 88' lang='lat' dir='ltr'><strong>poposcisses&#39;</strong></span> 
     </span>
     <span class='ocr_line' id='line_1_43' title="bbox 212 2848 1806 2906; baseline -0.003 -12"><span class='ocrx_word' id='word_1_414' title='bbox 212 2858 217 2862; x_wconf 95' lang='grc'><strong>’</strong></span> <span class='ocrx_word' id='word_1_415' title='bbox 277 2856 364 2895; x_wconf 82' lang='lat' dir='ltr'><strong>Sen.</strong></span> <span class='ocrx_word' id='word_1_416' title='bbox 391 2856 441 2894; x_wconf 86' lang='lat' dir='ltr'><strong>ad</strong></span> <span class='ocrx_word' id='word_1_417' title='bbox 466 2856 605 2906; x_wconf 90' lang='lat' dir='ltr'><strong>Polyb.</strong></span> <span class='ocrx_word' id='word_1_418' title='bbox 631 2856 679 2894; x_wconf 87' lang='lat' dir='ltr'><strong>de</strong></span> <span class='ocrx_word' id='word_1_419' title='bbox 705 2867 808 2895; x_wconf 89' lang='lat' dir='ltr'><strong>cons.</strong></span> <span class='ocrx_word' id='word_1_420' title='bbox 837 2856 875 2904; x_wconf 88' lang='lat'><strong>6,</strong></span> <span class='ocrx_word' id='word_1_421' title='bbox 902 2856 926 2893; x_wconf 91' lang='lat'><strong>3</strong></span> <span class='ocrx_word' id='word_1_422' title='bbox 961 2851 1025 2893; x_wconf 70' lang='lat' dir='ltr'><strong>‘ne</strong></span> <span class='ocrx_word' id='word_1_423' title='bbox 1057 2853 1318 2894; x_wconf 89' lang='lat' dir='ltr'><strong>conuertisses</strong></span> <span class='ocrx_word' id='word_1_424' title='bbox 1349 2853 1392 2891; x_wconf 88' lang='lat' dir='ltr'><strong>in</strong></span> <span class='ocrx_word' id='word_1_425' title='bbox 1422 2854 1462 2891; x_wconf 90' lang='lat' dir='ltr'><strong>te</strong></span> <span class='ocrx_word' id='word_1_426' title='bbox 1494 2864 1564 2890; x_wconf 91' lang='lat' dir='ltr'><strong>ora</strong></span> <span class='ocrx_word' id='word_1_427' title='bbox 1601 2848 1806 2890; x_wconf 87' lang='lat' dir='ltr'><strong>omnium’.</strong></span> 
     </span>
     <span class='ocr_line' id='line_1_44' title="bbox 275 2910 1807 2965; baseline -0.003 -11"><span class='ocrx_word' id='word_1_428' title='bbox 275 2927 487 2954; x_wconf 76' lang='lat' dir='ltr'><strong>neu—neu</strong></span> <span class='ocrx_word' id='word_1_429' title='bbox 517 2917 688 2965; x_wconf 86' lang='lat' dir='ltr'><strong>seruaui,</strong></span> <span class='ocrx_word' id='word_1_430' title='bbox 718 2916 813 2953; x_wconf 86' lang='lat' dir='ltr'><strong>licet</strong></span> <span class='ocrx_word' id='word_1_431' title='bbox 837 2914 1068 2953; x_wconf 85' lang='lat' dir='ltr'><strong>concinnius</strong></span> <span class='ocrx_word' id='word_1_432' title='bbox 1093 2914 1215 2952; x_wconf 82' lang='lat' dir='ltr'><strong>fuerit</strong></span> <span class='ocrx_word' id='word_1_433' title='bbox 1242 2912 1412 2952; x_wconf 88' lang='lat' dir='ltr'><strong>scribere</strong></span> <span class='ocrx_word' id='word_1_434' title='bbox 1436 2923 1640 2950; x_wconf 69' lang='lat' dir='ltr'><strong>ne-—new</strong></span> <span class='ocrx_word' id='word_1_435' title='bbox 1671 2910 1807 2950; x_wconf 85' lang='lat' dir='ltr'><strong>Cicero</strong></span> 
     </span>
     <span class='ocr_line' id='line_1_45' title="bbox 278 2970 1806 3025; baseline -0.003 -13"><span class='ocrx_word' id='word_1_436' title='bbox 278 2975 382 3012; x_wconf 89' lang='lat' dir='ltr'><strong>enim</strong></span> <span class='ocrx_word' id='word_1_437' title='bbox 414 2977 572 3025; x_wconf 86' lang='lat' dir='ltr'><strong>saepius</strong></span> <span class='ocrx_word' id='word_1_438' title='bbox 602 2978 647 3014; x_wconf 78' lang='lat' dir='ltr'><strong>ut</strong></span> <span class='ocrx_word' id='word_1_439' title='bbox 675 2986 929 3013; x_wconf 77' lang='lat' dir='ltr'><strong>neue—neue</strong></span> <span class='ocrx_word' id='word_1_440' title='bbox 959 2986 1037 3024; x_wconf 93' lang='lat' dir='ltr'><strong>quo</strong></span> <span class='ocrx_word' id='word_1_441' title='bbox 1069 2974 1116 3012; x_wconf 87' lang='lat' dir='ltr'><strong>de</strong></span> <span class='ocrx_word' id='word_1_442' title='bbox 1148 2985 1223 3012; x_wconf 88' lang='lat' dir='ltr'><strong>usu</strong></span> <span class='ocrx_word' id='word_1_443' title='bbox 1254 2972 1348 3011; x_wconf 90' lang='lat' dir='ltr'><strong>conf</strong></span> <span class='ocrx_word' id='word_1_444' title='bbox 1369 2970 1562 3023; x_wconf 88' lang='lat' dir='ltr'><strong>Draegeri</strong></span> <span class='ocrx_word' id='word_1_445' title='bbox 1586 2972 1688 3021; x_wconf 85' lang='lat' dir='ltr'><strong>synt.</strong></span> <span class='ocrx_word' id='word_1_446' title='bbox 1714 2971 1806 3010; x_wconf 81' lang='lat' dir='ltr'><strong>hist.</strong></span> 
     </span>
     <span class='ocr_line' id='line_1_46' title="bbox 275 3031 1805 3084; baseline -0.003 -12"><span class='ocrx_word' id='word_1_447' title='bbox 275 3035 301 3073; x_wconf 94' lang='lat' dir='ltr'><strong>l.</strong></span> <span class='ocrx_word' id='word_1_448' title='bbox 328 3034 370 3072; x_wconf 91' lang='lat' dir='ltr'><strong>L.</strong></span> <span class='ocrx_word' id='word_1_449' title='bbox 397 3035 438 3072; x_wconf 93' lang='grc' dir='ltr'><strong>ΙΙ</strong></span> <span class='ocrx_word' id='word_1_450' title='bbox 463 3034 521 3072; x_wconf 90' lang='lat' dir='ltr'><strong>ed.</strong></span> <span class='ocrx_word' id='word_1_451' title='bbox 549 3036 573 3072; x_wconf 94' lang='grc'>2</span> <span class='ocrx_word' id='word_1_452' title='bbox 600 3049 638 3084; x_wconf 90' lang='lat' dir='ltr'><strong>p.</strong></span> <span class='ocrx_word' id='word_1_453' title='bbox 666 3035 763 3072; x_wconf 88' lang='grc'>695.</span> <span class='ocrx_word' id='word_1_454' title='bbox 827 3033 939 3079; x_wconf 87' lang='lat' dir='ltr'><strong>Quod</strong></span> <span class='ocrx_word' id='word_1_455' title='bbox 969 3033 1075 3071; x_wconf 85' lang='lat' dir='ltr'><strong>idem</strong></span> <span class='ocrx_word' id='word_1_456' title='bbox 1109 3033 1157 3070; x_wconf 88' lang='lat' dir='ltr'><strong>de</strong></span> <span class='ocrx_word' id='word_1_457' title='bbox 1194 3044 1267 3071; x_wconf 90' lang='lat' dir='ltr'><strong>usu</strong></span> <span class='ocrx_word' id='word_1_458' title='bbox 1305 3034 1347 3070; x_wconf 84' lang='lat' dir='ltr'><strong>at</strong></span> <span class='ocrx_word' id='word_1_459' title='bbox 1382 3032 1484 3069; x_wconf 76' lang='lat' dir='ltr'><strong>enim</strong></span> <span class='ocrx_word' id='word_1_460' title='bbox 1519 3031 1805 3069; x_wconf 88' lang='lat' dir='ltr'><strong>coniunctionis</strong></span> 
     </span>
    </p>
   </div>
  </div>
 </body>
</html>
