2106 3450
347 777 722 827 PRAEFATIO.
798 779 1125 829 ADDENDA.
1202 782 1634 832 OORRIGENDA.

341 962 534 1001 Exornari
566 961 764 1000 uoluimus
798 963 968 1012 primam
998 963 1116 1002 huius
1143 963 1360 1003 uoluminis
1381 966 1570 1016 paginam
1590 965 1766 1018 imagine

219 1021 293 1061 uiri
333 1022 470 1074 magni
510 1035 656 1073 magno
695 1023 852 1061 saeculo
893 1023 998 1072 nati,
1035 1023 1120 1062 Iani
1161 1023 1320 1065 Dousae
1351 1025 1496 1075 patris,
1535 1026 1686 1065 domini
1718 1027 1766 1066 de

217 1081 487 1133 Noordwyck,
525 1081 637 1121 cuius
675 1082 796 1121 ductu
835 1084 875 1122 et
916 1084 1094 1134 auspicio
1128 1083 1168 1123 O.
1190 1083 1336 1123 Lucilii
1367 1085 1561 1136 reliquiae
1591 1086 1765 1137 primum

217 1145 310 1182 sunt
335 1142 523 1181 collectae
549 1142 781 1181 emendatae
807 1144 1093 1182 commentario
1119 1146 1328 1184 enarratae
1355 1145 1487 1185 editae
1510 1158 1534 1185 a
1553 1147 1765 1187 Francisco

215 1202 298 1242 filio
331 1202 546 1241 admodum
584 1202 837 1242 adulescente
877 1215 982 1242 anno
1018 1204 1143 1243 1597.
1207 1205 1396 1244 Eiusdem
1429 1205 1540 1245 ducis
1572 1206 1694 1246 ductu
1726 1209 1766 1246 et

216 1263 393 1314 auspicio
425 1262 519 1302 urbs
551 1262 676 1301 Leida
707 1263 845 1314 populi
877 1263 1049 1314 fideique
1080 1263 1246 1304 libertas
1279 1265 1441 1304 defensa
1474 1268 1562 1305 erat
1592 1266 1764 1318 gloriose

215 1325 355 1362 contra
384 1322 585 1374 Hispanos
618 1322 834 1362 adiuuante
867 1336 1013 1363 oceano
1046 1336 1151 1363 anno
1187 1325 1313 1375 1574,
1345 1338 1428 1376 qua
1459 1326 1507 1365 de
1538 1339 1580 1365 re
1606 1327 1765 1366 rettulit

215 1382 257 1422 P.
277 1383 437 1422 Bertius
474 1385 515 1422 in
554 1383 735 1422 oratione
773 1383 820 1422 de
858 1385 945 1423 uita
983 1386 1024 1424 et
1060 1384 1174 1424 obitu
1206 1385 1295 1424 Iani
1327 1385 1487 1425 Dousae
1519 1386 1646 1439 Lugd.
1673 1387 1763 1426 Bat.

219 1445 332 1483 1604
364 1444 432 1482 fol.
462 1442 491 1482 C
514 1446 534 1482 1
559 1456 686 1494 seqq:
723 1443 829 1483 idem
867 1446 1027 1484 curator
1064 1446 1248 1496 princeps
1281 1447 1584 1486 uniuersitatem
1616 1461 1763 1487 nouam

214 1503 447 1543 Leidensem
492 1505 532 1543 et
568 1503 863 1555 bybliothecam
903 1506 1016 1543 auxit
1051 1506 1246 1560 regimine
1285 1508 1326 1545 et
1363 1506 1685 1558 splendidissimo
1724 1510 1765 1546 et

214 1564 488 1603 saluberrimo.
551 1563 738 1604 Picturae
776 1565 1018 1616 archetypon
1061 1567 1246 1604 seruatur
1276 1567 1318 1604 in
1358 1566 1612 1617 bybliotheca
1649 1569 1763 1607 cuius

213 1624 438 1675 praefectus
456 1624 526 1663 ille
546 1625 679 1663 fuerat
698 1623 850 1675 primus
870 1624 1074 1664 Leidensi:
1095 1626 1276 1665 comitati
1297 1628 1336 1664 et
1356 1627 1505 1665 auxilio
1527 1628 1762 1667 successoris

215 1683 398 1723 Scatonis
425 1683 469 1723 G.
496 1684 543 1723 de
569 1684 683 1724 Vries
710 1685 876 1723 debetur
901 1684 1007 1735 quod
1033 1683 1180 1724 Lucilii
1206 1685 1535 1726 commentarium
1558 1687 1762 1737 potuimus

214 1744 401 1795 prosequi
432 1743 607 1796 imagine
639 1745 717 1783 uiri
749 1744 882 1794 fortis,
922 1744 1115 1796 Scaligeri
1147 1747 1187 1785 et
1218 1745 1439 1785 doctissimi
1471 1748 1659 1798 cuiusque
1693 1748 1762 1798 qui

215 1806 301 1843 erat
331 1804 464 1843 fautor
495 1806 535 1843 et
567 1804 733 1853 amicus,
772 1805 883 1844 cuius
916 1818 1012 1858 erga
1042 1804 1243 1845 Lucilium
1280 1806 1423 1845 merita
1454 1808 1632 1859 insignia
1663 1821 1761 1847 una-

217 1877 398 1915 quaeque
429 1865 511 1903 fere
543 1864 661 1904 huius
694 1865 882 1904 editionis
913 1866 1120 1905 renuntiat
1150 1867 1311 1917 pagina.

334 1924 393 1964 De
431 1925 586 1964 ratione
627 1927 667 1964 et
704 1925 964 1976 dispositione
1003 1925 1190 1965 editionis
1231 1926 1527 1977 disputauimus
1568 1928 1609 1966 in
1647 1941 1759 1978 prae-

213 1986 364 2024 fatione
424 1987 464 2023 et
521 1985 563 2023 in
621 1986 911 2038 prolegomenis
962 1987 1177 2026 uoluminis
1227 1987 1382 2037 prioris.
1465 1987 1760 2028 Commentario

212 2046 504 2084 reseruauimus
541 2044 853 2096 disputationem
895 2046 942 2085 de
974 2046 1065 2086 sede
1098 2047 1415 2099 fragmentorum
1446 2047 1686 2099 ubicumque
1717 2049 1759 2087 in

212 2104 413 2144 codicibus
444 2106 647 2145 nonnullis
679 2105 887 2145 deterioris
919 2108 1037 2145 notae
1069 2106 1261 2146 librorum
1287 2120 1474 2147 numerus
1500 2107 1674 2147 traditus
1700 2110 1761 2148 est

212 2167 439 2216 corruptus:
473 2178 553 2216 qua
583 2165 624 2204 in
656 2167 890 2216 quaestione
920 2168 1055 2205 tamen
1082 2167 1323 2219 grauissima
1348 2180 1529 2218 quaeque
1553 2170 1759 2219 posuimus

213 2226 333 2264 etiam
364 2226 409 2264 in'
439 2227 638 2276 apparatu
670 2227 819 2266 critico.
881 2226 929 2266 In
966 2227 1299 2277 interpretatione
1336 2240 1423 2267 eam
1462 2229 1591 2280 legem
1623 2241 1759 2268 sumus

211 2286 349 2335 secuti,
373 2287 420 2324 ut
445 2285 567 2325 uerba
592 2286 706 2325 salua
731 2289 771 2326 et
797 2299 894 2326 sana
919 2299 1002 2326 esse
1029 2289 1305 2337 statueremus,
1331 2289 1363 2326 si
1389 2290 1548 2327 numeri
1572 2301 1758 2328 uersuum

212 2347 327 2385 erant
357 2346 472 2385 salui.
528 2346 681 2398 Nempe
713 2359 803 2385 raro
836 2346 959 2386 uerba
990 2348 1191 2398 corrumpi
1222 2360 1336 2398 posse
1367 2348 1611 2387 arbitramur
1636 2349 1758 2388 saluis

211 2406 395 2445 numeris.
465 2406 574 2453 Quae
617 2406 722 2446 ratio
766 2408 949 2458 inprimis
993 2407 1126 2446 ualuit
1162 2409 1204 2447 in
1242 2407 1421 2447 uersibus
1462 2409 1755 2448 1138—1142

211 2465 509 2505 constituendis.
585 2465 711 2518 Opere
762 2467 813 2506 ad
862 2467 1098 2507 umbilicum
1147 2467 1319 2521 adducto
1364 2467 1558 2519 Lindsayi
1602 2468 1757 2508 Nonius

212 2526 377 2565 emissus
415 2529 476 2565 est
513 2539 591 2576 quo
630 2527 691 2565 uti
728 2527 842 2578 potui
879 2528 922 2566 in
954 2527 1213 2567 adnotatione
1245 2528 1385 2567 critica
1417 2530 1457 2567 et
1488 2527 1528 2566 in
1561 2540 1757 2567 commen-

211 2587 326 2625 tario.
390 2585 466 2626 Sed
503 2586 648 2626 nititur
684 2600 772 2626 mea
811 2586 932 2627 editio
971 2587 1212 2627 editionibus
1244 2587 1366 2627 Nonii
1398 2587 1596 2639 prioribus
1628 2601 1755 2639 neque

210 2645 456 2697 Lindsayum
501 2647 657 2686 secutus
701 2660 790 2685 sum
834 2647 902 2686 ubi
945 2647 1010 2686 hic
1052 2647 1306 2698 discrepabat
1349 2661 1373 2687 a
1418 2647 1618 2698 prioribus
1661 2648 1754 2687 illis.

210 2705 423 2746 Praeterea
454 2708 495 2745 et
526 2706 707 2746 codicum
739 2707 966 2747 aestimatio
999 2709 1040 2746 et
1070 2709 1174 2746 ratio
1206 2708 1346 2747 critica
1383 2709 1424 2747 et
1454 2709 1558 2747 ratio
1589 2709 1756 2753 metrica

211 2778 333 2816 quam
375 2768 532 2806 secutus
576 2778 662 2805 sum
707 2766 840 2806 differt
876 2780 1116 2819 magnopere
1159 2780 1248 2807 mea
1285 2768 1336 2806 ab
1373 2768 1483 2807 illius
1520 2768 1754 2807 rationibus.

211 2826 349 2876 Neque
387 2825 492 2865 enim
528 2827 642 2865 sitast
680 2827 744 2866 uel
781 2827 887 2866 abest
923 2840 995 2877 pro
1033 2826 1187 2866 duabus
1224 2827 1411 2866 breuibus
1451 2829 1493 2866 in
1524 2828 1754 2868 hexametro

211 2885 306 2935 poni
333 2885 506 2925 arbitror
529 2899 656 2936 neque
683 2889 921 2937 anapaestos
947 2887 1053 2936 apud
1072 2886 1271 2932 Lucilium
1295 2887 1470 2926 inueniri
1492 2887 1608 2926 credo
1627 2900 1753 2938 neque

211 2945 435 2985 Florentini
478 2945 625 2985 codicis
668 2946 905 2986 lectionibus
949 2946 1102 2986 confido
1147 2946 1304 2986 similia.
1374 2946 1450 2993 Qui
1494 2947 1599 2997 quod
1637 2947 1754 2986 modo

211 3005 369 3045 rettulit
406 3005 454 3046 de
491 3005 692 3046 uolumine
729 3006 847 3046 huius
885 3006 1071 3046 editionis
1108 3006 1241 3058 priore
1278 3007 1477 3047 Deutsche
1516 3006 1753 3047 Litteratur-
