2060 3444
284 251 370 293 332
665 266 668 269 -
829 247 930 282 XXX
955 259 990 282 u.
1020 249 1265 282 1035—1041.

284 364 458 403 uicissim
483 365 624 412 facere,
649 363 695 400 ut
725 361 800 400 AL
826 361 847 399 Ι
872 361 965 400 edit.
990 360 1032 399 H
1058 360 1157 409 416,
1185 359 1259 398 ΘΒ
1285 354 1413 413 (PLM
1436 358 1495 398 IV
1519 372 1557 409 p.
1586 359 1640 397 68
1654 352 1710 412 B)
1737 355 1820 397 ‘odi

282 429 354 462 ne‘c
397 424 570 462 mentem
608 434 671 460 res
710 422 838 472 magis
876 421 960 459 ulla
996 421 1113 459 iuuat
1148 420 1269 470 inque
1306 420 1435 458 uicem
1476 420 1522 457 ut
1565 419 1690 458 facias
1734 414 1818 458 oro'

282 483 419 521 quen.
445 482 524 520 VII
551 483 636 521 240
670 478 734 520 ‘ne
765 482 918 520 faciant
948 476 1128 519 uicibus’.

406 537 547 581 1036.
580 541 735 580 Nonius
771 554 808 591 p.
838 541 936 590 278,
963 541 1016 579 33
1059 537 1154 588 ‘Da,
1197 539 1271 577 dic.
1399 538 1578 577 Lucilius
1616 537 1684 576 lib.
1710 537 1819 576 XXX

285 600 352 642 “si
378 633 385 640 .
414 633 420 640 .
450 633 456 640 .
490 598 600 641 do”.’
671 600 714 639 Si
757 601 878 639 liceat
919 600 1096 639 uicissim
1140 600 1270 638 facere
1314 599 1354 637 et
1394 599 1477 637 iam
1519 598 1595 637 hoc
1637 597 1819 637 uersibus

284 662 446 701 reddere
472 661 576 712 quod
602 661 679 699 tibi
703 672 807 699 nunc
833 660 920 699 dico
946 660 1121 710 pedestri
1146 671 1336 707 sermone,
1362 659 1407 697 tu
1431 659 1530 697 item
1554 658 1658 696 male
1682 657 1820 696 audias

283 723 326 760 in
357 721 453 760 urbe
484 721 665 771 maleque
696 720 862 770 uapules
893 719 1089 770 poematis
1119 720 1228 758 meis.
1293 715 1470 757 ‘reddere
1508 714 1630 757 dicta'
1661 717 1818 756 Lucret.

260 781 342 820 ‘IV
369 782 468 829 461,
501 778 655 819 ‘causas
687 775 887 819 mendose'
921 779 1018 818 503.

408 835 549 880 1037.
581 840 735 879 Nonius
767 853 804 890 p.
833 840 931 888 300,
958 839 1012 877 28
1047 836 1253 877 ‘Exultare
1285 839 1345 877 est
1376 839 1491 888 gestu
1521 836 1589 875 uel
1621 836 1730 876 dictu
1760 837 1821 875 in-

284 901 429 939 iuriam
477 901 615 939 facere.
690 899 867 938 Lucilius
911 898 978 937 lib.
1004 898 1114 936 XXX
1158 895 1287 948 “quin
1322 929 1328 935 .
1358 929 1365 936 .
1394 928 1400 935 .
1434 897 1600 936 debellas
1644 891 1822 950 (delellas

285 954 510 1012 Leidensis)
539 991 546 997 .
569 991 575 997 .
599 991 604 997 .
633 960 775 998 exultes
807 954 1057 998 sollicites''.’
1114 961 1148 997 et
1179 958 1331 996 addunt
1362 956 1593 996 Gerlachius
1626 958 1666 995 et
1695 955 1821 995 Lach-

286 1033 465 1059 mannus.
527 1019 705 1058 Lucilius
743 1020 843 1058 teste
880 1018 1049 1058 Horatio
1087 1030 1201 1057 serm.
1226 1018 1247 1056 I
1276 1020 1341 1067 10,
1370 1017 1423 1056 55
1465 1014 1529 1056 ‘de
1567 1029 1607 1055 se
1644 1017 1824 1066 loquitur

285 1093 366 1118 non
402 1081 447 1117 ut
483 1080 632 1118 maiore
670 1074 895 1129 reprensis':
940 1078 1169 1117 aduersario
1213 1090 1297 1116 sese
1340 1077 1466 1115 tradit
1506 1076 1746 1127 carpendum
1783 1077 1824 1114 et

286 1138 565 1178 uellicandum.
626 1150 792 1187 purgares,
822 1139 847 1176 i.
875 1151 905 1176 e.
933 1137 1073 1176 caedas
1111 1139 1157 1175 ut
1194 1137 1426 1176 Theocritus
1453 1136 1490 1173 V
1518 1137 1601 1175 118
1640 1133 1740 1175 τεῖδέ
1776 1149 1822 1174 τυ
1884 1188 1893 1191 -

287 1197 412 1249 δήσας
443 1196 675 1250 Εὐμαρίδας
707 1196 879 1249 ἐκάθηρε
911 1199 1038 1244 καλῶς
1075 1196 1145 1235 ubi
1182 1196 1397 1236 scholiasta
1434 1196 1601 1235 adnotat
1637 1195 1823 1235 similiter

287 1258 598 1308 Aristophanem
629 1270 712 1297 esse
743 1257 938 1307 locutum,
977 1256 1107 1295 Attici
1137 1255 1301 1295 πλύνειν
1332 1256 1491 1294 similia.
1554 1255 1727 1295 deuellas
1763 1267 1823 1294 mc

288 1321 401 1366 atquc
437 1318 601 1356 demas:
644 1317 815 1356 deuellas
850 1318 897 1355 ut
936 1329 1051 1355 auem
1095 1328 1210 1355 cocus
1253 1315 1369 1354 uellit
1412 1315 1564 1366 depilat
1606 1314 1823 1365 deplumat,

287 1378 431 1416 demas
461 1378 507 1415 ut
539 1389 653 1416 cocus
691 1389 802 1416 suem
839 1376 998 1428 glabrat
1035 1373 1190 1426 ἀφεύει;
1228 1375 1480 1414 moechorum
1516 1387 1645 1426 poena
1682 1368 1822 1428 (schol.

287 1436 490 1487 Aristoph.
517 1436 621 1475 Plut.
651 1431 754 1490 168)
788 1437 829 1475 et
859 1449 1064 1475 seruorum
1091 1435 1196 1486 apud
1221 1435 1382 1474 Lucian.
1410 1436 1526 1486 fugit.
1549 1435 1615 1473 33.
1659 1434 1824 1473 Exultes

287 1498 498 1535 transitiue
529 1497 705 1546 positum
738 1509 821 1535 esse
852 1497 1025 1535 testatur
1049 1496 1221 1534 Nonius:
1254 1495 1397 1534 exultes
1429 1498 1462 1534 et
1492 1495 1670 1534 sollicites
1695 1495 1823 1544 suspi-

288 1557 387 1595 ceris
420 1568 503 1595 esse
535 1556 686 1594 dictum
724 1555 771 1594 de
810 1556 1016 1607 sagatione
1049 1549 1240 1607 (Martial.
1266 1555 1287 1593 I
1313 1555 1351 1603 3,
1379 1555 1403 1593 8
1446 1551 1537 1593 ‘ibis
1576 1553 1625 1592 ab
1663 1565 1823 1592 excusso

287 1617 429 1655 missus
455 1617 498 1654 in
525 1617 633 1655 astra
658 1612 769 1667 sago’
798 1614 904 1654 Suet.
932 1613 1037 1654 Otho
1059 1609 1104 1668 2)
1132 1616 1171 1653 et
1195 1613 1391 1654 uocabula
1417 1615 1576 1664 sumpta
1600 1626 1620 1666 e
1646 1625 1824 1652 sermone

287 1676 489 1715 castrensi.

413 1730 555 1775 1039.
586 1735 741 1773 Nonius
772 1749 808 1785 p.
838 1736 935 1783 320,
964 1735 1016 1773 22
1060 1731 1229 1783 ‘Honor,
1267 1735 1497 1784 praemium.
1532 1764 1539 1772 .
1571 1763 1578 1771 .
1607 1764 1614 1771 .
1646 1732 1824 1771 Lucilius

288 1795 356 1833 lib.
382 1795 492 1833 XXX
537 1790 680 1833 “cuius
714 1825 720 1832 .
750 1826 756 1832 .
785 1825 792 1832 .
824 1794 1084 1833 reddebamus
1127 1789 1377 1833 honorem''.'
1450 1793 1561 1832 Idem
1603 1806 1641 1843 p.
1669 1793 1768 1842 366,
1795 1792 1820 1830 8

291 1851 483 1892 ‘Pretium
524 1867 596 1904 pro
640 1855 828 1903 praemio.
863 1885 869 1891 .
899 1885 906 1891 .
935 1885 940 1891 .
973 1853 1152 1892 Lucilius
1189 1853 1255 1891 lib.
1283 1853 1391 1891 XXX
1430 1848 1574 1892 “cuius
1608 1883 1614 1890 .
1644 1883 1650 1890 .
1681 1883 1687 1890 .
1720 1851 1824 1890 ludis

290 1926 336 1952 ac
357 1944 363 1951 .
387 1945 393 1951 .
417 1944 422 1951 .
444 1914 643 1952 reddimus
661 1909 910 1952 honorem’'.’
955 1913 1183 1963 Interrogat
1203 1912 1394 1963 Corpetus
1414 1913 1602 1951 lectorem
1620 1912 1825 1962 possintne

289 1973 412 2011 uerba
444 1969 552 2010 ‘ludo
586 1986 630 2025 ac
662 1972 906 2012 sermonibus
938 1969 1098 2011 nostris’
1131 1972 1271 2010 referri
1296 1971 1348 2010 ad
1373 1973 1528 2010 saturas
1553 1971 1700 2010 Lucilii
1726 1983 1824 2021 quas

291 2044 488 2070 sermones
510 2032 774 2081 appellauerit
793 2033 911 2070 sicuti
929 2031 1121 2070 Horatius
1141 2025 1274 2084 (epist.
1287 2031 1309 2069 I
1323 2032 1361 2079 4,
1384 2033 1405 2069 1
1427 2030 1469 2069 H
1490 2032 1527 2079 2,
1550 2031 1615 2069 60.
1646 2033 1682 2079 1,
1704 2025 1821 2084 250).

290 2091 429 2141 Neque
466 2090 604 2130 dubito
643 2092 739 2140 quin
776 2091 894 2129 ludus
929 2103 1069 2129 reuera
1105 2090 1303 2140 poeticam
1338 2091 1490 2140 spectet
1525 2089 1689 2128 Lucilii:
1726 2089 1821 2129 Hor.

291 2163 404 2189 serm.
429 2150 451 2188 I
478 2151 544 2199 10,
573 2151 625 2189 37
654 2146 766 2189 ‘haec
792 2163 864 2200 ego
889 2146 999 2189 ludo’
1024 2149 1131 2188 Pers.
1157 2150 1194 2187 V
1217 2150 1269 2188 15
1298 2146 1508 2200 ‘pallentes
1533 2149 1670 2188 radere
1695 2162 1823 2189 mores

292 2209 428 2248 doctus
460 2211 500 2248 et
529 2211 700 2261 ingenuo
734 2210 892 2259 culpam
918 2209 1086 2260 defigere
1111 2205 1233 2248 ludo':
1264 2209 1368 2248 unde
1394 2209 1559 2260 colligas
1583 2209 1824 2248 sermonibus

291 2268 484 2307 uocabulo
527 2282 666 2307 reuera
715 2270 871 2308 saturas
921 2269 1113 2308 librorum
1156 2269 1328 2307 XXVIH
1363 2269 1428 2307 uel
1465 2268 1594 2307 XXIX
1642 2267 1823 2307 indicari.

291 2328 457 2366 Accedit
494 2329 598 2378 quod
639 2329 687 2367 de
728 2329 968 2368 carminibus
1005 2328 1206 2379 Vergilius
1251 2341 1383 2379 georg.
1408 2328 1449 2367 H
1477 2329 1560 2367 393
1600 2324 1709 2380 ‘ergo
1746 2329 1823 2367 rite

292 2400 407 2426 suum
426 2387 582 2427 Baccho
603 2388 777 2442 dicemus
795 2389 985 2428 honorem
1010 2388 1252 2427 carminibus
1278 2384 1436 2438 patriis’
1455 2387 1608 2426 Ennius
1628 2401 1665 2438 p.
1683 2389 1771 2426 215
1787 2387 1824 2424 V

293 2460 354 2497 ap.
382 2446 514 2485 Senec.
542 2449 654 2498 epist.
684 2449 780 2497 108,
808 2449 861 2486 33
907 2448 966 2486 ait
1010 2444 1220 2486 ‘neminem
1263 2448 1439 2497 potuisse
1478 2447 1655 2498 Scipioni
1697 2460 1824 2497 neque

293 2508 420 2545 ciuem
457 2519 584 2556 neque
619 2508 774 2547 hostem
810 2507 972 2546 reddere
1010 2519 1151 2557 operae
1186 2503 1388 2557 pretium',
1426 2519 1504 2557 quo
1540 2507 1628 2546 loco
1667 2507 1822 2545 dubites

294 2579 389 2603 num
421 2567 565 2616 agatur
596 2566 644 2605 de
675 2567 808 2618 gratia
838 2579 999 2616 poeseos
1029 2567 1240 2616 praeconio
1271 2566 1420 2605 habita.
1478 2567 1650 2615 Viryinis
1680 2579 1824 2605 nomen

224 2644 230 2648 ·
292 2626 455 2664 minime
473 2626 648 2674 puellam
666 2627 861 2665 intactam
880 2625 1104 2678 significare
1129 2627 1257 2675 patet:
1284 2627 1379 2664 conf
1393 2626 1523 2664 Plaut.
1543 2625 1643 2664 Rud.
1666 2626 1732 2664 67.
1754 2626 1822 2667 81.

292 2684 432 2733 Itaque
462 2685 531 2724 hoc
560 2686 735 2735 pretium
763 2687 866 2724 Immo
894 2686 1084 2724 honorem
1116 2685 1166 2723 ad
1202 2685 1298 2724 haec
1338 2698 1437 2735 quae
1476 2685 1614 2724 scribit
1649 2686 1823 2735 pertinet

292 2745 493 2793 poemata:
526 2757 627 2794 quae
655 2745 778 2783 fuerit
801 2745 873 2783 illa
898 2745 1053 2794 mulier,
1084 2757 1164 2783 non
1189 2745 1333 2794 liquet:
1363 2745 1456 2783 uide
1481 2745 1532 2783 ad
1556 2744 1623 2783 lib.
1649 2743 1822 2783 XXVHI

292 2817 329 2840 u.
359 2804 441 2841 773
457 2816 563 2854 seqq.
595 2803 725 2842 XXIX
750 2818 786 2842 u.
815 2805 898 2842 888
914 2817 1020 2854 seqq.
1082 2804 1266 2843 Elocutio
1303 2804 1462 2854 proprie
1503 2806 1563 2843 est
1595 2803 1822 2843 Luciliana:

292 2862 561 2913 hendiadyoin
590 2864 653 2902 ter
682 2865 857 2913 positum
887 2863 1086 2914 particula
1117 2875 1163 2902 ac
1194 2863 1386 2902 adhibita.
1439 2865 1551 2903 cuius
1580 2863 1823 2914 monosylla-

292 2921 370 2959 bon
402 2923 447 2960 ut
475 2921 543 2960 lib.
568 2923 699 2961 XXIX
722 2937 760 2961 u.
789 2924 872 2962 905
906 2918 1080 2976 (Lucret.
1106 2922 1126 2960 I
1154 2917 1269 2976 149).

415 2975 554 3021 1041.v
585 2982 738 3021 Nonius
769 2996 807 3033 p.
835 2983 933 3032 401,
961 2983 984 3021 6
1020 2980 1236 3034 ‘Subigere,
1268 2983 1424 3022 mollire
1454 2982 1519 3021 uel
1545 2994 1732 3022 exercere.
1754 3012 1763 3019 .
1783 3010 1792 3019 .
1810 3010 1822 3019 .
