2060 3444
310 271 395 314 366
786 270 916 306 incert.
942 269 1018 306 sed.
1045 281 1080 305 u.
1110 273 1357 307 1153—1155.

309 385 470 423 uidetur
500 384 632 433 potius
665 383 712 422 de
738 395 845 432 cena,
877 383 941 421 cui
966 382 1099 421 decem
1124 395 1229 421 asses
1255 383 1470 422 secundum
1495 384 1624 434 legem
1648 384 1844 423 Fanniam

310 444 455 483 licebat
486 443 682 482 insumere
715 437 834 495 (Gell.
859 442 900 480 II
928 443 995 491 24,
1022 436 1086 496 3):
1118 455 1214 482 cena
1246 442 1398 482 decusis
1429 445 1513 482 siue
1539 443 1748 483 deensibus
1773 446 1843 483 est.
1883 483 1885 485 .

311 503 424 542 Certe
456 502 503 541 de
535 502 821 554 orthographia
853 515 931 540 non
964 503 1107 553 agitur.

434 557 574 602 1155.
603 561 738 601 Cicero
764 562 811 600 de
836 561 901 599 fin.
921 562 1010 600 bon.
1032 563 1071 600 et
1089 561 1182 599 mal.
1202 562 1244 599 II
1264 562 1302 611 8,
1329 563 1382 600 23
1413 559 1606 611 ‘Mundos,
1639 563 1845 614 elegantis,

310 623 472 672 optimis
504 623 619 671 cocis,
650 621 877 672 pistoribus,
909 621 1077 671 piscatu,
1109 621 1290 671 aucupio,
1322 623 1544 671 uenatione,
1575 623 1636 661 his
1662 622 1844 662 omnibus

310 682 535 732 exquisitis,
571 681 747 720 uitantes
785 681 1040 730 cruditatem,
1079 680 1222 730 quibus
1256 678 1425 719 “uinum
1462 681 1645 721 defusum
1676 695 1696 720 e
1727 682 1844 732 pleno

310 742 363 781 sit
386 742 567 791 hrysizon
592 736 667 794 (sic
686 740 806 779 codex
830 741 1049 779 Vaticanus
1070 742 1110 779 et
1135 741 1404 791 Erlangensis,
1428 741 1610 790 hyrsizon
1636 740 1844 791 Spirensis,

309 802 479 840 hirsizon
509 800 717 839 Palatinus
748 795 971 853 primus)”‚
1008 802 1054 838 ut
1091 800 1149 838 ait
1179 800 1374 850 Lucilius,
1413 796 1511 838 “cui
1540 800 1641 839 nihil
1672 800 1765 839 dum
1795 802 1847 839 sit

311 862 375 898 uis
401 862 440 898 et
465 860 643 900 sacculus
670 857 924 909 abstulerit'',
951 859 1173 898 adhibentis
1201 859 1315 898 ludos
1336 862 1375 898 et
1394 872 1496 910 quae
1517 861 1735 910 sequuntur
1755 891 1763 898 .
1785 857 1844 899 ..'.

311 919 601 959 Grammaticus
651 919 699 958 de
749 919 878 958 dubiis
925 919 1149 958 nominibus
1200 918 1273 958 GL
1298 919 1335 957 V
1365 933 1403 970 p.
1426 920 1528 970 590,
1557 921 1580 958 9
1597 919 1634 958 Κ
1684 917 1845 959 ‘Saccus

281 987 284 990 ’
310 980 465 1030 generis
496 979 717 1029 masculini,
747 980 794 1018 ut
820 978 948 1018 Varro
983 976 1153 1017 “uinum
1185 980 1248 1018 cui
1278 979 1379 1017 nihil
1411 980 1590 1018 sacculus
1616 976 1842 1019 abstulit”.’

310 1039 502 1077 Varronis
534 1052 676 1078 nomen
707 1051 914 1089 perperam
945 1051 1017 1089 pro
1049 1038 1195 1077 Lucilii
1225 1040 1383 1078 nomine
1414 1040 1588 1088 positum
1627 1040 1687 1079 est
1717 1040 1765 1078 ut
1795 1038 1845 1077 ab

311 1098 446 1137 eodem
485 1099 676 1148 scriptore
713 1098 780 1138 lib.
806 1098 901 1136 XVI
932 1112 969 1136 u.
997 1099 1079 1136 521
1120 1098 1221 1137 falso
1259 1111 1347 1137 cum
1384 1099 1541 1137 nomine
1574 1099 1746 1138 auctoris
1778 1097 1845 1137 ad-

311 1159 448 1207 fertur,
479 1158 575 1196 item
607 1158 755 1196 factum
784 1160 843 1197 est
874 1158 1010 1196 incert.
1036 1171 1074 1195 u.
1104 1159 1229 1196 1370.
1285 1158 1399 1197 Asoti
1425 1158 1624 1196 Luciliani
1648 1171 1727 1196 non
1753 1159 1846 1212 sunt

310 1218 423 1267 tales,
454 1217 589 1267 quales
615 1217 802 1256 describit
829 1217 905 1256 Cic.
931 1218 974 1255 111
997 1217 1076 1256 Ρ13.
1106 1218 1171 1256 66.
1200 1218 1252 1256 67
1281 1231 1407 1268 neque
1432 1218 1514 1256 tale
1538 1218 1681 1256 bibunt
1705 1219 1845 1256 uinum

312 1277 430 1326 quale
481 1276 592 1315 iubet
644 1277 768 1328 Niger
820 1290 882 1326 ap.
920 1277 1023 1317 Plut.
1065 1278 1213 1326 quaest.
1252 1290 1365 1316 conu.
1397 1277 1456 1315 VI
1490 1278 1531 1324 7,
1567 1280 1588 1316 1
1647 1274 1723 1316 ἀπὸ
1775 1281 1845 1316 τοῦ

311 1336 438 1375 πίθου
481 1336 668 1375 πίνεσθαι
710 1335 783 1387 τὴν
827 1335 1035 1387 σύμφυτον
1077 1334 1214 1388 ἔχοντα
1262 1336 1399 1389 ῥώμην
1442 1335 1507 1375 καὶ
1551 1335 1735 1388 δύναμιν,
1778 1337 1846 1375 sed

311 1398 453 1446 potant
483 1396 545 1434 illi
571 1396 730 1445 quidem
754 1397 893 1434 uinum
917 1397 1002 1434 tam
1027 1397 1241 1446 egregium,
1267 1396 1376 1446 quali
1402 1409 1528 1446 neque
1555 1408 1689 1435 saccus
1715 1409 1844 1446 neque

312 1455 422 1494 aliud
452 1456 761 1494 instrumentum
792 1456 1006 1506 quicquam
1038 1456 1192 1494 auferre
1223 1457 1400 1505 potuerit
1428 1457 1650 1506 petantque
1682 1469 1701 1493 e
1726 1457 1844 1505 pleno

311 1515 502 1555 defusum.
566 1514 713 1554 Seneca
751 1514 798 1553 de
842 1514 929 1553 uita
965 1515 1067 1553 beat.
1094 1527 1178 1565 cap.
1201 1516 1274 1564 24,
1302 1516 1326 1554 3
1369 1515 1415 1553 de
1459 1515 1700 1554 liberalitate
1733 1512 1845 1554 ‘haec

312 1575 417 1625 apud
461 1575 680 1624 sapientem
723 1587 794 1613 nec
831 1587 1021 1624 umquam
1062 1575 1105 1612 in
1147 1576 1282 1624 turpes
1319 1575 1582 1626 indignosque
1621 1575 1846 1626 inpingitur

311 1646 382 1672 nec
418 1646 606 1684 umquam
644 1635 704 1673 ita
741 1634 958 1685 defetigata
995 1636 1118 1683 errat,
1155 1636 1201 1673 ut
1238 1647 1334 1683 non,
1372 1635 1553 1684 quotiens
1592 1634 1754 1686 dignum
1786 1634 1845 1672 in-

312 1694 476 1743 uenerit,
500 1695 614 1743 quasi
640 1706 684 1732 ex
701 1694 817 1742 pleno
842 1690 970 1742 fluat’,
995 1693 1124 1732 Plaut.
1146 1693 1256 1732 Asin.
1280 1694 1360 1732 181
1391 1691 1454 1732 ‘de
1478 1693 1596 1744 pleno
1621 1690 1847 1744 promitur’‚

311 1754 509 1792 Ausonius
552 1755 716 1803 p.101,
745 1755 796 1791 16
842 1753 998 1803 Peiperi
1050 1750 1137 1792 ‘hoc
1186 1766 1349 1792 numero
1393 1754 1446 1792 ad
1481 1754 1644 1802 plenwm
1686 1755 1846 1792 uertens

311 1813 564 1863 reparabitur
606 1810 759 1851 annus’.
827 1811 870 1852 ἐκ
913 1812 1022 1851 πίθω
1069 1811 1219 1860 ἀντλεῖς
1262 1813 1423 1852 Theocr.
1450 1813 1486 1853 X
1514 1814 1578 1852 13.
1648 1813 1846 1863 chrysizon

313 1872 579 1921 scribendum,
628 1874 674 1911 ut
719 1872 862 1911 Athen.
888 1871 908 1910 I
938 1886 976 1922 p.
998 1873 1099 1910 2713
1150 1870 1170 1911 ὁ
1219 1874 1476 1923 Σπωλητῖνος
1529 1867 1638 1920 οἶνος
1670 1904 1676 1910 .
1706 1903 1713 1911 .
1741 1904 1750 1912 .
1780 1870 1846 1911 καὶ

313 1930 525 1982 πινόμενος
550 1928 649 1982 ἡδὺ,-
669 1930 735 1970 aaz
753 1932 806 1986 τῷ
826 1931 996 1983 χρώματι
1014 1931 1195 1984 χρυσίζει,
1220 1931 1322 1970 Plin.
1343 1934 1423 1971 nat.
1443 1932 1534 1971 hist.
1554 1932 1745 1970 XXXVII
1762 1933 1843 1971 129

313 1991 359 2029 de
404 2003 580 2041 gemmae
624 1990 830 2040 splendore
876 1987 1035 2029 ‘coeunt
1078 1991 1224 2040 quippe
1261 1992 1304 2029 in
1339 1991 1578 2030 tralucidam
1615 1991 1846 2041 crystallum

313 2050 453 2088 uiridis
497 2062 567 2088 suo
610 2049 726 2088 modo
768 2062 836 2087 aer
872 2050 1068 2098 simulque
1105 2062 1303 2099 purpurae
1341 2052 1380 2088 et
1417 2050 1578 2099 quidam
1613 2052 1699 2089 uini
1736 2051 1846 2089 aurei

314 2106 449 2157 nitor’,
480 2109 527 2147 de
558 2110 647 2147 uuis
679 2107 793 2147 Ouid.
819 2110 911 2147 met.
938 2109 1036 2147 ΧΙΠ
1063 2110 1146 2147 813
1181 2106 1291 2147 ‘sunt
1322 2122 1418 2147 auro
1457 2110 1605 2148 similes
1643 2111 1772 2160 longis
1802 2111 1845 2148 in

313 2168 462 2207 uitibus
488 2181 602 2217 uuae,
633 2170 726 2207 sunt
757 2169 796 2206 et
817 2165 1052 2218 purpureae'
1087 2167 1182 2207 CIL
1207 2168 1307 2207 VIII
1336 2170 1448 2207 7854
1483 2166 1538 2208 ‘et
1569 2182 1664 2208 auro
1696 2170 1845 2209 similes

313 2227 492 2277 pendunt
527 2228 570 2265 in
606 2227 756 2266 uitibus
794 2224 910 2266 uuae'
946 2222 1195 2281 (Buecheleri
1228 2227 1337 2267 CLE
1362 2229 1384 2267 I
1410 2224 1527 2280 468).-
1588 2228 1721 2267 Verba
1751 2230 1846 2268 dum

314 2288 364 2325 sit
393 2288 457 2325 uis
487 2289 691 2337 corrupta:
731 2284 811 2327 ‘cui
846 2287 905 2325 nil
936 2287 1107 2338 dempsit
1142 2289 1210 2326 nix
1250 2292 1289 2326 et
1320 2289 1499 2327 sacculus
1530 2288 1740 2328 abstulerit
1770 2285 1842 2326 nil'

314 2346 516 2384 Manutius
561 2348 601 2384 et
636 2346 870 2396 Lambinus,
912 2349 1205 2396 pentametrum
1248 2347 1342 2386 libri
1373 2348 1487 2386 XXII
1528 2346 1609 2387 ‘cui
1651 2349 1712 2386 nil
1752 2348 1845 2387 dum

314 2407 413 2444 situs
459 2409 498 2444 et
540 2407 717 2445 sacculus
761 2403 984 2445 abstulerit'
1031 2406 1225 2459 effingunt
1265 2408 1528 2446 Baehrensius
1572 2410 1612 2447 et
1653 2408 1844 2447 Dziatzko

314 2466 411 2504 Mus.
439 2465 560 2503 Rhen.
587 2464 714 2503 XLIV
743 2466 853 2505 1889
893 2479 930 2516 p.
953 2467 1036 2504 635
1077 2463 1187 2516 ‘quoi
1224 2467 1380 2505 nildum
1411 2467 1525 2506 situis
1559 2463 1633 2519 [et]
1666 2468 1844 2507 sacculus

315 2522 558 2563 abstulerit’:
591 2526 633 2563 at
664 2525 937 2564 coniunctiuus
970 2527 1029 2564 est
1063 2524 1277 2575 Ciceronis,
1314 2525 1555 2565 indicatiuus
1593 2527 1671 2566 fuit
1701 2526 1844 2566 Lucilii

315 2584 472 2634 qualem
529 2585 811 2635 grammaticus
861 2584 908 2622 de
957 2585 1086 2623 dubiis
1135 2585 1358 2625 nominibus
1408 2587 1585 2632 seruauit
1633 2586 1843 2638 integrum.

314 2644 408 2682 dum
446 2645 506 2693 fit,
549 2655 624 2682 uas
660 2640 816 2694 scripsi:
859 2656 934 2682 uas
969 2644 1124 2694 prelum
1161 2645 1239 2683 dici
1275 2645 1340 2683 uel
1376 2647 1552 2685 torcular
1586 2647 1629 2684 in
1667 2658 1844 2685 sermone

313 2703 551 2741 rusticorum
583 2703 719 2741 edocet
744 2702 842 2742 Cato
874 2703 922 2741 de
954 2704 1040 2755 agri
1071 2704 1163 2742 cult.
1194 2706 1229 2754 1,
1256 2706 1282 2742 4
1316 2702 1382 2743 ‘ad
1412 2706 1553 2744 uillam
1585 2718 1673 2744 cum
1698 2707 1844 2755 uenies,

292 2809 294 2813 Ι
314 2762 460 2810 uideto,
485 2774 583 2800 uasa
606 2762 762 2800 torcula
788 2764 828 2801 et
849 2762 957 2801 dolia
982 2763 1157 2802 multane
1184 2761 1300 2802 sient’
1337 2765 1405 2813 14,
1425 2766 1449 2803 2
1478 2762 1590 2804 ‘uasa
1613 2765 1767 2804 torcula
1785 2761 1841 2804 H’

243 2843 248 2847 -
317 2822 370 2860 26
410 2817 624 2860 ‘uindemia
660 2822 766 2860 facta
802 2834 900 2861 uasa
941 2823 1095 2861 torcula
1122 2853 1158 2861 ..
1181 2854 1188 2860 .
1215 2820 1344 2862 condi’
1384 2818 1503 2877 (146,
1530 2819 1574 2878 3)
1622 2826 1693 2874 19,
1723 2826 1745 2863 1
1786 2821 1843 2862 (111

315 2893 411 2920 uasa
448 2882 604 2919 uinaria
641 2882 798 2931 stipites
825 2912 831 2919 .
855 2912 886 2919 ..
912 2879 1049 2921 facito'
1094 2883 1160 2932 18,
1190 2885 1209 2921 1
1256 2880 1529 2923 ‘torcularium
1566 2885 1599 2922 si
1636 2883 1841 2923 aedificare

315 2940 423 2978 uoles
468 2940 671 2990 quadrinis
713 2938 837 2979 uasis'
883 2944 922 2980 et
965 2942 1139 2991 saepius:
1189 2944 1471 2994 grammaticus
1520 2943 1568 2982 de
1617 2943 1707 2982 dub.
1739 2956 1841 2982 nom.

317 2997 388 3037 GL
414 2999 451 3037 V
484 3001 580 3050 592,
609 3000 709 3038 17K
736 2997 821 3039 ‘uas
847 3001 1000 3052 generis
1024 3003 1166 3041 neutri.
1222 3002 1388 3042 dicimus
1413 3004 1517 3042 enim
1545 3015 1619 3042 uas
1642 3002 1842 3042 uinarium
