2060 3444
297 252 383 296 336
854 250 956 286 XXX
979 262 1015 286 u.
1044 253 1292 287 1053—1056.

297 366 444 405 Paulus
487 366 576 416 plus
622 365 707 404 360
719 365 806 403 ΟΟΟ
850 363 1144 404 drachmarum:
1188 363 1292 403 unde
1334 365 1439 402 recte
1483 361 1594 416 μόλις
1635 361 1730 402 ἑπτὰ
1766 361 1832 403 καὶ

297 425 504 477 τριάκοντα
542 423 746 478 μυριάδων
782 422 969 477 γενέσθαι
1004 423 1078 476 τὴν
1115 422 1257 463 οὐσίαν
1292 423 1417 463 tradit
1453 423 1690 463 Plutarchus
1721 422 1835 464 Aem.

298 486 410 524 Paul.
438 487 491 524 39
520 486 616 524 extr.
689 484 828 534 Neque
865 484 991 536 igitur
1033 497 1118 523 rem
1160 483 1308 523 Fabius
1361 485 1526 523 auxerat
1568 483 1636 523 sed
1678 485 1836 534 praeter

298 546 415 584 Pauli
439 546 565 596 patris
591 544 854 583 hereditatem
878 544 1073 583 habuerat
1096 543 1372 583 tantummodo
1394 543 1491 583 haec
1510 556 1611 594 quae
1632 543 1837 582 abundant

300 606 505 644 denarium
536 604 649 650 milia
674 604 843 656 triginta
868 604 902 642 si
926 606 1031 642 recte
1056 603 1203 642 Lucilii
1227 615 1384 642 uersum
1409 603 1662 654 interpretati
1687 615 1834 642 sumus.

299 665 470 716 Argenti
500 665 600 703 facti
630 666 670 703 et
701 664 789 703 auri
821 665 918 713 quot
949 663 1071 702 libras
1107 662 1241 713 Scipio
1272 664 1397 702 frater
1426 663 1632 713 reliquerit
1662 663 1837 702 traditur

273 775 276 777 Β
301 725 402 763 Plin.
428 726 509 763 nat.
535 724 627 764 hist.
653 724 826 762 XXXIII
855 725 934 762 141
971 718 1116 776 [Plut]
1149 723 1402 774 apopthegm.
1429 722 1531 774 Scip.
1558 722 1652 761 min.
1681 725 1717 761 1.

423 778 563 824 1054.
601 784 773 835 Vergilii
809 783 1024 823 scholiasta
1055 783 1274 822 Vaticanus
1313 783 1363 821 ad
1408 783 1619 834 georgicon
1657 782 1719 820 III
1753 783 1834 821 159

303 841 371 882 ‘Et
408 857 506 894 quos
543 845 615 882 aut
651 843 784 894 pecori
820 843 966 882 malint
1007 843 1239 882 submittere
1277 839 1485 882 habendo’‚
1626 844 1665 881 et
1702 841 1836 881 aliterz

303 901 360 941 ‘id
392 904 498 953 quod
522 904 702 942 habetur.
758 902 934 943 Lucilius
965 905 1008 942 in
1030 903 1228 943 tricesimo
1257 899 1587 952 “nonnumquam
1612 901 1726 941 dabit
1748 903 1838 952 ipsa

303 965 412 1002 aetas
450 963 556 1014 quod
592 964 719 1013 possit
758 959 999 1002 habendo’'.’
1060 963 1207 1003 Lucilii
1238 975 1397 1001 uersum
1427 974 1507 1002 non
1537 963 1644 1001 recte
1676 961 1839 1001 adhibet

303 1024 590 1062 commentator
633 1023 683 1061 ad
723 1035 854 1074 georg.
881 1024 906 1061 l.
927 1035 956 1062 s.
976 1035 1006 1062 s.
1055 1023 1125 1061 ubi
1169 1023 1302 1071 pecori
1344 1022 1519 1062 habendo
1561 1022 1736 1073 positum
1778 1022 1840 1061 est

303 1082 421 1121 sicuti
451 1095 583 1134 georg.
609 1082 629 1120 I
655 1084 693 1121 3.
755 1082 875 1132 Apud
912 1082 1109 1121 Lucilium
1145 1083 1320 1121 habendo
1357 1081 1516 1122 datiuus
1561 1081 1741 1121 absolute
1778 1082 1839 1120 est
1904 1108 1912 1110 -

303 1143 456 1192 positus
488 1142 605 1180 sicuti
638 1142 837 1181 ablatiuus
864 1154 926 1192 ap.
952 1142 1107 1181 Lucret.
1133 1142 1154 1180 I
1180 1143 1264 1180 312
1299 1138 1456 1182 ‘anulus
1482 1142 1525 1180 in
1550 1141 1678 1193 digito
1703 1141 1839 1180 subter

303 1203 491 1240 tenuatur
521 1197 728 1251 habendo'‚
767 1201 925 1240 datiuus
964 1214 1025 1252 ap.
1052 1201 1201 1253 Vergil.
1228 1201 1325 1240 Aen.
1352 1201 1430 1239 XII
1455 1202 1510 1239 88
1550 1197 1684 1240 ‘simul
1725 1202 1840 1251 aptat

302 1261 483 1300 habendo
515 1273 724 1312 ensemque
757 1261 1006 1311 clipeumque
1037 1263 1077 1299 et
1107 1261 1249 1299 rubrae
1275 1273 1424 1300 cornua
1448 1258 1626 1300 cristae’:
1658 1261 1729 1311 qui
1759 1273 1838 1300 non

303 1321 502 1359 Lucilium
549 1321 618 1360 sed
666 1322 785 1360 sicuti
830 1321 1007 1360 Lucilius
1056 1334 1215 1360 uersum
1251 1320 1449 1371 quendam
1481 1321 1603 1359 Ennii
1652 1320 1840 1359 uidentur

302 1382 467 1419 imitari.
527 1380 672 1419 Lucilii
716 1381 838 1419 uerba
874 1382 934 1419 ita
971 1380 1158 1419 uidentur
1194 1380 1463 1432 intellegenda
1501 1392 1584 1420 esse
1630 1377 1839 1419 ‘nonnum-

304 1453 423 1490 quam
460 1441 548 1490 ipsa
584 1441 672 1479 uita
709 1440 820 1478 dabit
858 1442 1053 1490 quantum
1089 1439 1175 1479 fieri
1216 1441 1343 1490 possit
1384 1436 1509 1479 usui':
1554 1439 1840 1479 antecedebant

305 1497 416 1538 ‘haec
435 1500 570 1538 omnia
588 1501 802 1550 praecepta
820 1499 1074 1550 philosophia
1092 1501 1276 1549 parentes
1296 1500 1416 1539 amici
1436 1499 1625 1549 praebere
1644 1496 1838 1549 possunt’.

302 1559 362 1597 De
387 1560 586 1598 sententia
611 1559 706 1597 conf
727 1559 795 1597 lib.
814 1559 947 1598 XXIX
970 1572 1007 1597 u.
1030 1559 1114 1598 805
1147 1558 1288 1598 Horat.
1314 1571 1428 1598 serm.
1454 1559 1474 1597 I
1501 1560 1539 1609 4,
1568 1560 1664 1598 132.
1713 1558 1839 1598 Lach-

302 1630 470 1658 mannus
514 1619 675 1668 scripsit
709 1620 839 1667 prosit
882 1613 944 1672 (in
986 1618 1143 1658 Lucret.
1175 1632 1212 1669 p.
1241 1614 1365 1673 212),
1412 1631 1484 1671 ego
1530 1615 1654 1669 ‘quod
1695 1615 1837 1669 possit'

301 1679 544 1728 interpretor
562 1679 681 1718 sicuti
705 1691 768 1729 ap.
789 1679 945 1718 Terent.
966 1679 1067 1718 Eun.
1088 1679 1185 1717 214.
1208 1679 1292 1718 215
1313 1678 1461 1731 legitur
1481 1675 1638 1718 ‘munus
1657 1679 1838 1718 nostrum

303 1740 443 1777 ornato
475 1738 619 1787 uerbis,
658 1739 763 1788 quod
794 1739 962 1788 poteris,
1000 1740 1041 1777 et
1075 1739 1199 1778 istum
1240 1739 1440 1777 aemulum
1472 1737 1577 1789 quod
1607 1739 1757 1789 poteris
1789 1738 1839 1778 ab

302 1810 349 1837 ea
385 1794 540 1848 pellito’
573 1797 718 1837 Heaut.
739 1799 823 1838 416
853 1795 974 1848 ‘quod
1011 1801 1149 1850 potero
1187 1798 1376 1838 adiutabo
1408 1795 1556 1838 senem'
1599 1797 1687 1838 Liu.
1705 1798 1838 1837 XXVI

305 1859 378 1906 32,
406 1858 429 1895 6
471 1854 592 1907 ‘quod
635 1858 719 1896 sine
763 1859 920 1896 iactura
955 1859 1052 1908 reip.
1095 1858 1182 1896 fieri
1227 1855 1375 1908 posset'
1422 1857 1530 1898 Caes.
1549 1857 1586 1896 b.
1607 1856 1652 1897 G.
1671 1857 1692 1896 I
1718 1859 1786 1908 35,
1813 1859 1839 1896 4

305 1913 426 1966 ‘quod
451 1917 656 1955 commodo
679 1917 778 1966 reip.
797 1917 926 1955 facere
957 1914 1105 1967 posset’
1133 1912 1233 1970 (Cic.
1254 1919 1368 1968 epist.
1387 1918 1409 1956 I
1429 1920 1466 1968 1,
1488 1913 1534 1972 3)
1565 1917 1654 1956 Liu.
1673 1917 1840 1957 XXXIX

304 1976 378 2024 45,
402 1977 423 2013 7
460 1972 581 2025 ‘quod
624 1977 708 2014 eius
751 1977 834 2014 sine
872 1975 977 2014 bello
1013 1973 1175 2026 posset’.
1235 1978 1323 2024 fieri
1360 1978 1494 2015 omitti
1533 1989 1647 2027 posse
1684 1978 1727 2016 in
1763 1978 1840 2017 tali

304 2034 503 2072 locutione
535 2034 730 2072 adnotant
759 2035 996 2084 interpretes
1029 2035 1079 2073 ad
1111 2035 1266 2074 Terent.
1292 2035 1450 2074 Phorm.
1478 2037 1575 2074 303.

429 2087 571 2132 1055.
603 2093 757 2132 Nonius
788 2106 825 2143 p.
848 2095 946 2143 399,
973 2093 1027 2132 23
1063 2091 1302 2133 ‘Subducere
1334 2097 1394 2134 est
1424 2095 1633 2145 surripere.
1666 2125 1675 2135 .
1697 2126 1705 2134 .
1726 2126 1735 2134 .
1760 2095 1839 2135 Lu-

305 2152 419 2190 cilius
444 2151 512 2189 lib.
532 2151 643 2190 XXX
675 2149 784 2191 “neu
821 2154 890 2202 qui
926 2155 966 2191 te
1003 2154 1137 2203 iynoro
1173 2154 1350 2202 samuhel-3¹
1373 2151 1648 2194 subducere''.'
1717 2155 1839 2194 Recte

303 2211 442 2259 iynaro
474 2209 704 2252 Gerlachius
736 2214 777 2251 et
799 2211 1091 2263 Lachmannus,
1121 2214 1187 2252 hic
1216 2214 1404 2263 famulas-3,
1443 2214 1658 2254 Muellerus
1683 2215 1839 2266 famuli,

305 2269 411 2320 quod
451 2271 512 2309 est
547 2271 700 2310 melius.
760 2271 900 2311 Horat.
927 2285 1040 2312 serm.
1066 2273 1086 2311 I
1114 2274 1151 2323 1,
1179 2275 1231 2312 77
1276 2271 1506 2313 ‘formidare
1549 2275 1676 2314 malos
1719 2275 1839 2325 fures,

304 2329 498 2378 incendia,
524 2342 670 2381 seruos,
695 2344 744 2370 ne
770 2334 809 2370 te
835 2333 1051 2383 compilent
1074 2333 1284 2385 fugientes,
1310 2334 1385 2373 hoc
1409 2331 1566 2373 iuuat?
1623 2334 1765 2379 quen.
1781 2334 1838 2373 XI

307 2390 390 2427 142
425 2386 510 2428 ‘nec
546 2390 719 2440 frustum
755 2403 919 2443 capreae
957 2393 1171 2432 subducere
1207 2406 1280 2432 nec
1315 2394 1422 2432 latus
1452 2393 1575 2433 Afrae
1607 2395 1722 2433 nouit
1752 2395 1839 2434 auis

305 2449 450 2498 noster,
480 2450 506 2487 i.
527 2461 556 2488 e.
586 2462 742 2496 seruus,
783 2453 1006 2491 tirunculus
1038 2465 1083 2492 ac
1113 2453 1223 2492 rudis
1255 2454 1364 2492 omni
1394 2455 1571 2505 tempore
1603 2455 1644 2493 et
1674 2455 1838 2512 exiguae

305 2508 422 2547 furtis
459 2508 625 2548 inbutus
663 2508 834 2549 ofellae’.
884 2511 996 2550 Idem
1026 2513 1239 2552 Muellerus
1271 2526 1361 2552 cum
1393 2512 1647 2559 Quicheratio
1678 2514 1839 2565 supplet

297 2569 461 2615 possmt.
510 2581 588 2607 neu
612 2571 695 2618 qui,
733 2583 811 2609 neu
850 2584 928 2621 quo
965 2573 1095 2623 pacto.
1150 2572 1415 2612 Vehementer
1454 2574 1500 2612 tu
1537 2586 1652 2613 curas
1688 2587 1738 2612 ne
1773 2586 1836 2617 res

305 2627 381 2665 tibi
411 2627 518 2666 furto
549 2631 688 2678 pereat
723 2643 800 2669 neu
838 2632 908 2680 qui
943 2633 984 2670 te
1019 2632 1161 2683 ignaro
1199 2633 1341 2672 famuli
1378 2632 1593 2672 subducere
1626 2634 1837 2684 quicquam

304 2688 468 2737 possint.
537 2684 604 2740 [In
635 2702 724 2740 app.
751 2690 837 2729 crit.
862 2691 989 2730 scribe
1019 2688 1183 2745 iynoro]

426 2742 569 2788 1056.
594 2748 747 2788 Nonius
772 2763 811 2800 p.
832 2751 929 2800 118,
950 2752 974 2790 9
997 2748 1190 2804 ‘Gerdius
1245 2752 1425 2792 Lucilius
1449 2752 1518 2791 lib.
1537 2752 1648 2791 XXX
1668 2749 1837 2792 “curare

306 2806 413 2845 domi
444 2807 526 2845 sint
556 2807 714 2859 gordius
746 2810 914 2849 ancillae
954 2812 1068 2861 pueri
1104 2813 1286 2851 zonarius
1324 2809 1498 2852 tector”.'
1561 2812 1682 2852 Recte
1718 2815 1838 2852 textor

305 2865 460 2905 Iunius:
504 2867 688 2907 adferunt
730 2869 857 2908 lexica
899 2870 1058 2909 Firmic.
1089 2871 1186 2910 Mat.
1220 2872 1387 2911 mathes.
1407 2871 1507 2911 VIII
1536 2884 1622 2922 cap.
1643 2872 1698 2912 25
1735 2872 1836 2911 med.

307 2938 421 2974 quem
461 2926 591 2965 locum
636 2927 868 2968 Skutschius
912 2930 987 2969 hoc
1028 2931 1145 2970 modo
1191 2944 1274 2971 esse
1317 2931 1639 2970 constituendum
1681 2932 1732 2970 ad
1774 2943 1836 2970 me

307 2986 481 3034 scripsit:
515 2983 577 3025 ‘In
608 2989 721 3037 parte
751 2989 884 3027 XXVI
913 2989 1057 3029 Librae
1088 2992 1326 3042 quicumque
1350 2991 1535 3030 habuerit
1563 2991 1836 3042 horoscopum,
