2060 3444
868 282 919 318 x}
943 295 979 319 u.
1007 286 1209 321 418—415.
1731 283 1817 327 155

387 391 500 439 413.
531 397 686 438 Nonius
716 411 755 449 p.
777 398 851 448 22,
880 398 936 437 30
975 392 1197 448 ‘Tricones,
1238 399 1386 438 morosi
1419 399 1460 438 et
1490 398 1542 438 ad
1571 398 1817 439 reddendum

267 458 368 499 duri.
439 457 619 498 Lucilius
659 459 887 509 satyrarum
926 457 996 497 lib.
1028 458 1086 497 XI
1127 428 1342 498 “Lucilius
1382 453 1464 511 (om
1501 453 1557 514 G)
1601 458 1720 500 Cotta
1748 490 1756 499 .
1777 490 1785 498 .
1807 490 1816 499 .

260 520 405 570 pacem:
443 513 606 573 (paneoi
632 512 688 572 G)
727 530 896 571 magnus
934 518 1013 557 fuit
1043 518 1144 558 trico
1171 549 1179 558 .
1233 515 1444 569 .'’,lentus
1481 519 1525 558 id
1565 521 1626 559 est
1656 517 1815 560 facilis’.

266 579 380 619 Idem
421 592 459 630 p.
489 579 594 629 338,
628 580 683 619 10
729 575 934 631 Lentum,
977 579 1108 618 facile.
1168 578 1350 618 Lucilius
1393 580 1622 630 satyrarum
1665 580 1733 619 lib.
1760 580 1817 619 XI

270 636 423 680 “Cotta
449 670 457 679 .
478 669 488 679 .
509 671 516 678 .
536 651 678 688 pacem
708 626 877 691 magnus
909 640 1004 678 erico
1035 640 1114 688 fuit
1139 671 1146 678 .
1170 671 1177 678 .
1199 670 1206 678 .
1234 635 1427 679 lentus’'.'
1484 639 1691 679 Vocabulo
1724 643 1817 680 {rico

267 712 361 741 usus
399 700 460 740 est
498 700 637 739 auctor
674 700 783 739 uitae
822 699 921 739 Veri
957 700 1213 751 imperatoris
1251 712 1336 751 cap.
1364 700 1409 750 4,
1437 700 1461 739 6
1503 697 1564 739 ‘ut
1600 702 1818 754 uagaretur

268 761 384 800 nocte
414 773 488 811 per
517 759 704 800 tabernas
737 772 784 800 ac
813 760 1028 811 lupanaria
1060 760 1217 800 obtecto
1250 760 1382 811 capite
1408 760 1631 800 cucullione
1657 762 1818 814 uulgari

267 821 443 860 uiator-io
482 822 523 860 et
555 821 835 861 comissaretur
873 833 963 860 cum
999 817 1247 860 triconibus'.
1300 820 1415 860 Adde
1445 822 1615 862 tesseras
1647 822 1817 862 lusorias

267 881 315 921 de
359 881 503 932 quibus
540 881 767 922 Huelsenus
799 882 883 934 egit
912 881 1075 920 Mitteil.
1111 881 1146 920 d.
1185 894 1306 920 roem.
1339 882 1446 920 arch.
1478 881 1576 921 Inst.
1609 881 1667 921 XI
1701 883 1814 922 1896

266 955 304 993 p.
327 942 430 981 231:
469 941 575 993 apud
615 941 826 982 Comenses
864 942 1093 981 etiamnunc
1134 943 1261 991 trigon
1304 943 1576 982 cunctatorem
1620 943 1818 994 appellari

266 1002 429 1042 Diezius
455 1002 593 1042 edocet
611 1002 793 1042 uocabul.
814 1002 1027 1054 etymolog.
1049 997 1127 1056 (ed.
1152 996 1286 1056 1887)
1313 1016 1351 1052 p.
1368 1003 1465 1041 327.
1488 1025 1543 1030 —
1563 1002 1608 1042 L.
1629 1002 1816 1043 Aurelius

269 1061 399 1113 Cotta,
426 1062 473 1102 de
499 1075 578 1114 quo
603 1062 665 1103 his
690 1062 871 1102 uersibus
901 1064 1048 1114 agitur,
1072 1063 1144 1102 illo
1169 1064 1348 1113 tempore
1374 1063 1457 1102 iam
1483 1065 1570 1103 erat
1595 1063 1817 1114 defunctus,

267 1124 338 1174 qui
375 1122 512 1163 consul
550 1124 636 1163 erat
674 1136 778 1163 anno
818 1118 1030 1175 610s144.
1098 1122 1202 1163 Aere
1247 1123 1378 1162 alieno
1418 1123 1584 1164 obrutus
1624 1126 1664 1163 et
1700 1125 1816 1175 inops

266 1183 359 1234 fuit,
392 1182 592 1234 Scipionis
622 1184 822 1234 inimicus,
855 1183 925 1235 qui
956 1185 1117 1223 auctore
1142 1183 1232 1223 Val.
1257 1184 1362 1223 Max.
1388 1183 1448 1223 VI
1474 1185 1512 1234 4,
1541 1185 1565 1223 2
1602 1181 1707 1223 ‘cum
1734 1184 1816 1224 Ser.

268 1243 470 1295 Sulpicius
505 1242 633 1284 Galba
666 1245 706 1283 et
735 1243 924 1284 Aurelius
957 1244 1136 1285 consules
1167 1245 1211 1284 in
1242 1246 1385 1284 senatu
1417 1245 1703 1284 contenderent
1728 1247 1819 1285 uter

267 1303 457 1344 aduersus
506 1304 739 1344 Viriathum
786 1305 830 1344 in
878 1304 1119 1356 Hispaniam
1168 1305 1397 1344 mitteretur
1433 1337 1440 1344 .
1469 1337 1476 1344 .
1506 1337 1513 1344 .
1551 1301 1817 1356 “neutrum'',

266 1365 412 1416 inquit,
446 1361 578 1404 “mihi
608 1366 719 1405 mitti
749 1365 893 1416 placet,
926 1365 1022 1416 quia
1054 1365 1157 1405 alter
1187 1366 1290 1404 nihil
1320 1365 1452 1416 habet,
1485 1365 1603 1405 alteri
1628 1366 1731 1405 nihil
1757 1368 1818 1406 est

267 1421 398 1465 satis’'
429 1424 467 1475 5,
493 1426 519 1464 4
554 1422 775 1477 “magnam
805 1425 967 1465 laudem
998 1427 1039 1465 et
1062 1425 1164 1465 illud
1191 1426 1404 1478 collegium
1430 1426 1685 1466 tribunorum
1709 1427 1817 1478 tulit,

267 1485 392 1537 quod,
431 1497 521 1525 cum
557 1499 659 1526 unus
697 1499 744 1525 ex
787 1499 832 1526 00
873 1486 918 1525 L.
947 1485 1065 1526 Cotta
1104 1486 1249 1526 fiducia
1286 1487 1562 1526 sacrosanctae
1602 1488 1817 1537 potestatis

268 1545 530 1586 creditoribus
573 1546 656 1586 suis
699 1547 798 1587 satis
842 1546 973 1586 facere
1015 1546 1160 1596 nollet,
1204 1546 1381 1586 decreuit
1420 1547 1456 1586 si
1494 1559 1617 1596 neque
1653 1548 1819 1587 solueret

261 1606 476 1656 pecwniam
499 1619 628 1657 neque
653 1606 768 1646 daret
793 1619 885 1646 011111
911 1620 988 1657 quo
1015 1607 1177 1658 sponsio
1196 1607 1320 1657 fieret,
1346 1620 1387 1647 50
1407 1607 1706 1658 appellantibus
1727 1620 1817 1647 eum

269 1666 530 1707 creditoribus
563 1667 713 1707 auxilio
744 1663 971 1706 futurum”.
976 1663 987 1681 ’
1041 1664 1125 1707 ‘Bis
1152 1667 1289 1707 consul
1314 1667 1448 1706 fuerat
1472 1667 1515 1707 Ρ.
1534 1666 1751 1708 Africanus
1777 1670 1818 1708 et

268 1726 368 1766 duos
392 1727 565 1766 terrores
583 1726 733 1767 huius
721 1727 894 1778 imperii,
915 1726 1200 1779 Carthaginem
1218 1727 1576 1778 Numantiamque,
1601 1728 1817 1779 deleuerat,

269 1799 360 1826 cum
398 1788 603 1827 accusauit
644 1782 1146 1842 Ιι.00110111’(010.ρ10
1184 1788 1286 1827 Mur.
1321 1788 1395 1828 58:
1440 1786 1694 1839 Oxyrhynch.
1720 1789 1816 1840 Pap.

268 1847 347 1887 uol.
372 1846 432 1886 IV
462 1861 500 1898 p.
524 1841 642 1901 115).
695 1847 823 1888 Filius
850 1849 921 1899 qui
945 1848 1079 1898 fuerit,
1110 1861 1191 1888 non
1217 1849 1385 1888 constat.
1435 1849 1581 1888 Paceni
1605 1850 1816 1890 uocatiuus

269 1908 331 1947 est
361 1920 385 1946 a
415 1907 621 1958 Paeonius,
653 1908 760 1959 quod
783 1921 928 1948 nomen
954 1921 1147 1961 agnoscas
1174 1910 1332 1959 oportet
1358 1908 1437 1948 Cic.
1458 1922 1531 1960 pro
1565 1908 1719 1949 Cluent.
1748 1910 1816 1960 59,

272 1967 354 2007 161
391 1964 586 2008 ‘Anchari
616 1968 657 2008 et
686 1968 835 2008 Paceni
864 1969 1094 2019 pastoribus
1125 1969 1244 2009 huius
1281 1969 1448 2008 uilicum
1488 1970 1572 2008 uim
1604 1971 1644 2009 et
1674 1983 1816 2018 manus

269 2024 482 2068 attulisse'.
552 2028 710 2068 Nomen
754 2030 815 2068 est
859 2029 1117 2082 Paelignum,
1162 2023 1303 2078 (Albia
1349 2029 1501 2069 Pacina
1534 2029 1629 2070 CIL
1655 2030 1697 2069 Π
1730 2031 1816 2071 150

267 2087 446 2141 Pagnius
479 2088 537 2128 IX
573 2089 688 2128 3633
733 2088 942 2130 Pacinius*
962 2089 1021 2129 XI
1057 2084 1192 2143 2779)
1243 2090 1417 2129 Facinus
1460 2103 1529 2130 rex
1571 2092 1817 2130 memoratur

268 2148 373 2189 Fest.
394 2162 432 2199 p.
455 2149 636 2199 222,11.
688 2149 859 2201 Scripsit
876 2151 1005 2202 igitur
1028 2150 1208 2190 Lucilius
1234 2151 1319 2191 siue
1345 2152 1525 2190 saturam
1550 2164 1671 2190 unam
1696 2151 1815 2191 huius

269 2208 365 2248 libri
402 2209 487 2249 siue
526 2210 658 2248 totum
695 2209 843 2250 librum
876 2210 927 2250 ad
957 2210 1174 2250 Paconium
1206 2211 1405 2261 quendam
1437 2212 1628 2251 amicum:
1666 2212 1816 2257 similes

269 2270 362 2309 sunt
398 2281 538 2309 uersus
575 2269 644 2308 lib.
669 2269 729 2308 IV
756 2271 840 2310 149
868 2283 975 2321 seqq.
1037 2270 1097 2310 De
1134 2271 1306 2311 lectione
1351 2272 1525 2311 constat:
1569 2284 1663 2311 nam
1707 2271 1816 2322 apud

267 2328 371 2368 Non.
397 2342 435 2379 p.
458 2329 542 2369 338
582 2329 683 2369 codd
713 2332 871 2379 pacem,
909 2344 947 2382 p.
969 2332 1023 2370 22
1056 2332 1201 2380 paceni
1236 2330 1282 2370 L.
1328 2330 1471 2382 Itaque
1503 2331 1621 2371 nihili
1652 2333 1712 2372 est
1743 2332 1815 2372 cod

270 2387 305 2427 G
343 2389 481 2439 lectio,
525 2388 594 2440 qui
636 2389 711 2429 hoc
746 2390 834 2430 1000
870 2390 1018 2431 habeat
1047 2391 1209 2440 paneci,
1247 2404 1375 2442 neque
1417 2392 1578 2431 omnino
1610 2391 1816 2442 probanda

269 2449 385 2489 uetus
422 2449 495 2489 illa
532 2450 760 2490 coniectura
794 2451 979 2497 Panaeti,
1018 2451 1124 2490 unde
1163 2451 1213 2490 ad
1250 2451 1489 2491 Panaetium
1525 2452 1631 2491 hunc
1667 2451 1816 2491 librum

270 2521 354 2549 esse
385 2510 579 2561 scriptum
610 2510 826 2550 effecerunt
856 2512 1052 2551 nonnulli.
1085 2533 1144 2539 —
1174 2511 1219 2550 L.
1242 2510 1360 2551 Cotta
1386 2525 1515 2561 senex,
1547 2512 1670 2551 crassi
1701 2514 1817 2563 pater

268 2567 406 2620 huius]
445 2569 583 2610 eodem
625 2570 743 2610 modo
786 2585 823 2610 u.
852 2572 937 2611 418
978 2572 1159 2641 loquitur
1189 2584 1262 2611 1100
1293 2572 1412 2612 011101
1445 2571 1581 2612 010010
1613 2572 1661 2611 de
1693 2585 1748 2611 or.
1774 2571 1816 2611 H

272 2629 356 2668 265
392 2626 459 2669 ’.Μ
481 2628 617 2670 010010
650 2643 785 2681 senex,
820 2632 939 2672 huius
980 2633 1061 2671 uiri
1098 2632 1241 2682 optimi
1281 2632 1408 2672 nostri
1439 2632 1652 2672 familiaris
1683 2629 1813 2682 pater’

272 2689 319 2728 de
351 2690 433 2729 nat.
460 2689 565 2730 deor.
591 2690 612 2729 I
639 2692 663 2729 7
669 2692 693 2730 9
728 2688 790 2738 Ὦ.
818 2690 995 2742 Catulus,
1025 2691 1144 2731 huius
1177 2692 1354 2744 collegae
1385 2693 1425 2732 et
1451 2693 1663 2732 familiaris
1689 2693 1816 2731 nostri

269 2746 400 2799 patei'
433 2749 476 2788 Π
502 2751 546 2799 2,
574 2751 597 2789 6
638 2749 685 2790 de
722 2751 786 2790 off.
817 2750 880 2790 111
914 2752 986 2802 16,
1015 2752 1069 2791 66
1116 2749 1375 2791 ‘Arbronium
1420 2752 1615 2801 Silonem,
1658 2753 1816 2802 patrem

269 2808 387 2848 huius
414 2806 576 2849 ‘Silonis'
605 2809 694 2849 Sen.
715 2823 863 2851 suasor.
883 2811 925 2850 H
946 2814 1013 2852 19.
1064 2811 1171 2852 Satis
1196 2811 1328 2862 lepide
1354 2811 1515 2852 Cottam
1540 2812 1643 2851 dixit
1666 2813 1816 2851 soluere

270 2869 372 2907 nulli
402 2869 559 2914 lentum,
591 2869 616 2908 i.
643 2882 674 2909 e.
707 2870 902 2923 γλίσχρον,
932 2870 1178 2910 infinitiuum
1205 2870 1446 2911 Graecorum
1477 2884 1586 2911 more
1615 2872 1814 2912 adiectiuo

272 2927 502 2968 adnectens:
528 2928 662 2969 Senec.
689 2929 737 2969 de
762 2930 890 2970 benef.
909 2930 948 2968 V
969 2932 1036 2980 22,
1065 2933 1086 2970 1
1118 2928 1271 2984 ‘segnes
1297 2933 1338 2971 et
1361 2931 1481 2981 tardi,
1505 2931 1616 2971 lenta
1640 2933 1815 2981 nomina,

192 3014 205 3026 .
271 3000 352 3027 11011
388 2984 511 3028 111010’
552 2987 630 3029 Cic.
657 2990 709 3030 ad
739 2990 824 3029 Att.
851 2991 887 3030 X
915 2992 983 3040 11,
1010 2992 1034 3030 2
1069 2987 1162 3030 ‘Illa
1199 2991 1248 3031 de
1285 2992 1440 3031 ratione
1478 2993 1704 3031 nummaria
1734 3005 1815 3031 non

271 3048 366 3088 sunt
396 3048 486 3101 >eius
523 3049 633 3089 modi
766 3063 817 3090 011
855 3051 1058 3092 existimas
1095 3052 1210 3093 illum
1247 3053 1291 3093 in
1326 3053 1405 3094 isto
1444 3064 1586 3106 genere
1616 3052 1815 3092 lentulum
