2060 3444
280 281 369 324 234
847 280 966 316 XXVI
991 293 1026 316 u.
1054 284 1252 316 635—639.

279 396 341 433 nis
373 395 517 432 natura
547 393 743 432 uocabulo
767 394 967 443 principio
993 406 1070 443 quo
1097 393 1234 433 eodem
1258 394 1375 433 modo
1400 394 1537 433 eadem
1561 406 1697 432 uersus
1723 393 1812 433 sede

279 454 428 505 passim
471 454 602 492 utitur
645 453 852 493 Lucretius
897 448 936 507 (1
963 455 1058 492 271.
1087 454 1170 492 503
1198 448 1313 506 alibi)
1357 454 1475 505 Verg.
1501 454 1599 493 Aen.
1624 453 1683 492 VI
1709 454 1812 493 214:

280 514 374 553 conf
394 513 489 552 Hor.
517 525 629 552 serm.
648 513 690 552 Π
710 514 748 563 3,
769 515 821 552 41
852 526 941 552 011111
967 513 1100 553 adnot.
1126 514 1422 564 Porphyrionis.
1472 513 1687 564 Praeponit
1710 513 1813 553 hanc
1873 507 1875 510 ⁴

281 586 360 624 qua
391 573 439 612 de
471 573 666 612 diuisione
702 575 955 612 consentiunt
990 574 1147 624 physici
1183 586 1335 613 omnes:
1373 575 1495 613 etiam
1526 573 1666 613 Sextus
1698 573 1812 624 Emp.

279 648 317 684 p.
348 634 416 682 63,
443 633 517 672 413
548 633 622 672 hoc
654 633 850 672 concedit:
889 633 925 672 εἰ
961 631 1092 685 μέντοι
1129 631 1193 672 καὶ
1232 633 1396 685 δοίημεν
1432 631 1530 672 κατὰ
1567 632 1813 686 συγχώρησιν

281 693 339 733 ὅτι
383 691 630 733 ἐπινοεῖσθαι
679 691 845 732 δύναται
895 691 916 732 ὁ
958 690 1194 746 ἅνθρωπος,
1237 691 1506 744 ἀκατάληπτος
1548 691 1813 745 εὑρεθήσεται.

281 750 493 804 συνέστηκε
525 749 597 804 μὲν
628 751 700 806 γὰρ
721 750 764 791 ἐκ
798 758 933 805 ψυχῆς
957 751 1023 791 καὶ
1049 752 1226 804 σώματος
1251 747 1371 807 (conf.
1397 767 1434 803 p.
1463 754 1560 802 619,
1587 747 1661 806 31)
1687 765 1814 803 neque

280 815 430 865 negant
473 813 678 863 Epicurei:
726 813 832 851 Plut.
859 813 948 851 adu.
977 811 1102 851 Colot.
1131 814 1187 852 20
1217 826 1254 863 p.
1285 813 1448 852 1118D
1492 811 1528 851 εἰ
1568 810 1642 865 γὰρ
1688 810 1731 851 τὸ
1775 810 1814 859 ἐξ

281 871 447 924 ἀμφοῖν,
479 870 532 920 ὡς
563 870 743 920 ἀξιοῦσιν
774 871 900 924 αὐτοί,
932 872 1110 924 σώματος
1140 872 1295 912 τοιοῦδε
1326 871 1392 912 καὶ
1420 877 1567 925 ψυχῆς,
1599 869 1814 925 ἅνθρωπός

280 932 359 973 ἔστι
389 935 486 982 κτλ.;
519 933 682 972 Sallust.
708 933 793 984 Iug.
821 934 860 982 2,
889 935 924 971 1.

268 1013 271 1015 ·
401 987 510 1033 637.
543 993 696 1031 Nonius
721 1007 758 1043 p.
787 994 885 1043 214,
913 994 966 1031 27
1001 989 1227 1031 ‘Nundinae
1255 993 1408 1044 generis
1434 993 1528 1031 sunt
1552 992 1813 1031 feminini...

282 1053 493 1093 masculini
522 1052 700 1092 Lucilius
731 1052 799 1091 lib.
825 1053 957 1091 XXVI
990 1049 1238 1102 “paucorum
1265 1084 1272 1091 .
1295 1084 1302 1091 .
1325 1084 1332 1091 .
1357 1053 1455 1092 nihil
1482 1083 1489 1091 .
1511 1083 1518 1091 .
1541 1084 1548 1091 .
1573 1053 1679 1091 inter
1715 1065 1814 1090 nun-

281 1109 435 1152 din0''.'
496 1112 783 1151 Internundino
822 1112 1107 1152 aduerbialiter
1143 1113 1279 1162 posuit
1308 1111 1485 1151 Lucilius
1522 1113 1568 1150 ut
1603 1124 1676 1163 pro
1707 1114 1813 1160 post-

281 1174 439 1212 modum
470 1172 616 1211 dicitur
640 1173 853 1221 postmodo,
885 1172 1124 1212 commodum
1149 1173 1355 1218 commodo,
1386 1173 1605 1211 clanculum
1630 1171 1815 1217 clanculo,

275 1235 453 1283 primum
470 1234 615 1281 primo,
633 1235 874 1281 postremum
890 1235 1097 1281 postremo,
1115 1232 1397 1280 propemodum
1407 1232 1644 1281 propemodo
1665 1230 1814 1284 (Plaut.

281 1294 388 1332 Trin.
418 1287 539 1345 780):
582 1293 642 1331 ita
683 1292 820 1342 posuit
864 1292 1078 1332 exaduorso
1108 1292 1176 1330 lib.
1202 1292 1331 1330 XXIX
1356 1305 1393 1330 u.
1422 1293 1518 1330 846.
1589 1291 1814 1330 Deteriores

281 1353 380 1392 codd
411 1353 745 1391 interozundinum.
808 1351 976 1391 Gustare
1014 1352 1253 1391 uocabulum
1288 1353 1347 1391 est
1383 1351 1582 1402 plebeium
1620 1363 1697 1401 quo
1734 1364 1816 1390 una

282 1411 478 1464 significet
509 1414 549 1451 et
580 1413 658 1451 cibi
689 1413 730 1451 et
759 1414 877 1462 potus
909 1411 1244 1462 adsumptionem:
1276 1411 1433 1450 Petron.
1462 1413 1513 1450 71
1547 1407 1642 1450 ‘cito
1668 1423 1815 1461 aquam

282 1473 449 1511 liberam
479 1468 713 1522 gustabunt'
741 1473 795 1510 62
829 1468 915 1511 ‘nec
945 1473 1084 1522 postea
1115 1484 1205 1510 cum
1235 1471 1305 1511 illo
1330 1483 1475 1522 panem
1499 1472 1660 1522 gustare
1684 1467 1814 1521 potui'

282 1533 439 1571 Vitruu.
465 1532 565 1571 Vm
592 1533 629 1581 3,
658 1532 711 1571 15
755 1528 818 1571 ‘ex
855 1544 934 1582 quo
971 1532 1081 1570 fonte
1118 1544 1190 1570 nec
1232 1543 1351 1581 pecus
1393 1531 1523 1570 ullum
1566 1531 1703 1582 gustat
1744 1543 1816 1570 nec

282 1593 500 1632 bestiarum
537 1604 661 1644 genus
698 1592 826 1630 ullum
863 1591 1027 1643 propius
1065 1587 1244 1630 accedit’.
1310 1591 1400 1630 Nisi
1440 1590 1526 1630 cibo
1569 1591 1816 1630 sustentatur

283 1665 443 1703 corpus,
480 1653 614 1692 anima
651 1653 691 1690 et
721 1664 863 1702 corpus
894 1652 1002 1690 intra
1035 1652 1185 1702 septem
1225 1650 1307 1690 dies
1344 1652 1510 1701 pereant
1545 1663 1700 1690 necesse
1739 1651 1816 1690 est:

283 1713 398 1751 Lucr.
423 1713 444 1751 I
471 1713 555 1751 809
603 1708 658 1750 ‘et
693 1712 772 1751 nisi
809 1723 880 1751 nos
918 1711 1028 1750 cibus
1072 1710 1206 1751 aridus
1249 1713 1290 1750 et
1330 1711 1444 1750 tener
1486 1723 1600 1750 umor
1641 1710 1816 1760 adiuuet,

283 1773 429 1812 amisso
460 1773 543 1811 iam
574 1784 737 1822 corpore
769 1773 858 1811 uita
889 1784 1046 1822 quoque
1084 1772 1211 1810 omnis
1249 1771 1430 1810 omnibus
1468 1783 1488 1810 e
1524 1771 1658 1810 neruis
1695 1771 1815 1820 atque

284 1833 437 1871 ossibus
476 1829 733 1871 exsoluatur'.
794 1831 896 1870 Plin.
928 1832 1010 1870 nat.
1035 1831 1127 1870 hist.
1153 1831 1211 1870 XI
1237 1831 1320 1870 283
1361 1828 1528 1870 ‘homini
1564 1843 1642 1869 non
1679 1830 1817 1880 utique

284 1894 453 1942 septimo
499 1892 633 1931 letalis
676 1891 828 1941 inedia,
871 1891 1036 1930 durasse
1079 1893 1119 1930 et
1160 1891 1271 1930 ultra
1313 1890 1565 1930 undecimum
1607 1890 1816 1940 plerosque

284 1955 436 1992 certum
468 1948 554 1991 est’.
615 1952 837 1991 Paucorum
867 1951 1143 1990 tantummodo
1176 1950 1327 1989 dierum
1362 1963 1433 2001 per
1470 1951 1645 2000 spatium
1683 1949 1817 1988 anima

285 2014 389 2051 stare
420 2013 554 2061 potest
584 2012 669 2050 sine
700 2011 787 2050 cibo
820 2013 939 2061 atque
971 2011 1045 2050 hoc
1075 2011 1193 2060 paeto
1225 2011 1261 2049 si
1291 2023 1362 2060 per
1392 2012 1543 2060 septem
1569 2011 1708 2049 octoue
1733 2009 1815 2048 dies

284 2072 385 2110 nihil
429 2073 566 2122 gustat
606 2071 742 2120 homo,
792 2070 909 2109 debet
947 2071 1088 2120 perire.
1163 2069 1320 2109 Similia
1365 2071 1560 2109 tractarat
1601 2069 1816 2108 Panaetius

285 2132 426 2182 fragm.
455 2131 551 2169 37F
583 2125 683 2184 (Cic.
709 2131 822 2169 Tusc.
848 2130 869 2169 I
898 2125 983 2184 79).

405 2185 517 2230 638.
549 2191 702 2229 Νο111115
728 2203 765 2240 p.
795 2191 891 2239 281,
920 2191 973 2228 14
1002 2184 1120 2243 (279,
1149 2183 1193 2243 7)
1220 2186 1353 2238 ‘Dare,
1379 2188 1595 2228 ostendere.
1638 2186 1816 2226 Lucilius

285 2251 351 2289 lib.
379 2250 510 2289 XXVI
543 2247 782 2298 “animoque
803 2281 810 2288 .
833 2281 839 2288 .
863 2281 869 2288 .
889 2250 1062 2288 uidimus
1083 2280 1089 2287 .
1112 2280 1119 2287 .
1142 2280 1149 2288 .
1170 2245 1324 2288 dare''.'
1387 2247 1611 2300 Distinguit
1639 2247 1816 2287 Lucilius

285 2312 390 2349 inter
427 2311 603 2349 animam
634 2305 690 2363 (u.
720 2304 824 2363 635)
863 2311 903 2348 et
939 2310 1135 2348 animum:
1178 2309 1314 2348 eodem
1352 2309 1585 2360 argumento
1621 2320 1717 2347 usus
1757 2309 1818 2346 est

287 2371 357 2421 qui
386 2371 484 2409 item
514 2370 620 2408 inter
651 2371 826 2409 animam
857 2371 897 2408 et
928 2370 1118 2408 animum·
1134 2369 1346 2421 distinguit
1376 2362 1458 2422 (III
1485 2369 1567 2407 136
1581 2361 1707 2421 seqq.)
1738 2366 1817 2405 Lu-

287 2431 431 2470 cretius
456 2429 519 2468 ΙΠ
546 2430 627 2468 521
659 2426 766 2481 ‘ergo
793 2430 959 2479 animus,
990 2429 1074 2469 siue
1099 2429 1304 2480 aegrescit,
1328 2428 1517 2467 mortalia
1541 2428 1655 2479 signa
1679 2428 1818 2477 mittit,

286 2491 348 2529 uti
372 2489 500 2539 docui,
530 2501 599 2528 seu
623 2489 797 2529 flectitur
821 2502 846 2528 a
869 2485 1079 2528 medicina'
1109 2488 1244 2527 quen.
1269 2488 1327 2527 IX
1354 2489 1408 2527 18
1437 2485 1668 2537 ‘deprendas
1694 2486 1819 2526 animi

286 2551 486 2589 tormenta
522 2550 685 2588 latentis
722 2549 763 2587 in
802 2562 919 2601 aegro
958 2561 1120 2599 corpore
1157 2547 1374 2598 deprendas
1412 2549 1452 2586 et
1488 2547 1654 2598 gaudia:
1697 2546 1819 2592 sumit

286 2612 499 2660 utrumque
530 2609 621 2648 inde
651 2608 833 2648 habitum
858 2604 994 2648 facies'
1021 2608 1094 2646 XV
1122 2609 1204 2646 147
1221 2620 1326 2658 seqq.
1361 2604 1513 2645 ‘mundi
1537 2606 1733 2657 principio
1758 2605 1818 2644 111-

288 2669 412 2709 dulsit
453 2667 671 2708 communis
715 2668 896 2707 conditor
937 2668 1020 2707 illis
1062 2669 1220 2707 tantum
1263 2667 1434 2716 animas,
1483 2666 1596 2705 nobis
1640 2667 1817 2705 animum

288 2725 460 2780 quoque’
491 2728 562 2767 ubi
590 2728 682 2767 uide
715 2729 962 2778 interpretes.

407 2783 517 2829 639.
547 2788 702 2828 Nonius
727 2802 765 2839 p.
794 2788 890 2837 268,
918 2789 972 2826 29
1007 2784 1267 2836 ‘Confectum,
1302 2786 1508 2825 defessum.
1536 2816 1544 2824 .
1572 2817 1579 2824 .
1607 2816 1614 2824 .
1639 2784 1816 2824 Lucilius

229 2870 234 2874 -
288 2848 356 2886 lib.
380 2847 513 2886 XXVI
545 2844 661 2886 “tum
684 2879 690 2886 .
714 2879 721 2886 .
743 2879 750 2886 .
772 2843 1021 2887 obsistere''.'
1082 2845 1186 2886 Oonf
1210 2847 1394 2896 inprimis
1425 2844 1631 2889 Nemesius
1663 2844 1710 2883 de
1735 2845 1817 2883 nat.

287 2908 390 2946 hom.
417 2920 501 2959 cap.
526 2908 569 2946 Π
599 2908 669 2958 qui
693 2921 731 2958 p.
761 2907 826 2946 78.
863 2908 914 2946 79
934 2907 1076 2945 Matth.
1109 2905 1325 2958 συμπάσχει
1362 2902 1403 2944 δὲ
1442 2902 1467 2955 ἡ
1504 2903 1615 2956 ψυχὴ
1652 2907 1704 2958 τῷ
1741 2902 1817 2942 σώ-

290 2981 380 3018 ματι
411 2972 595 3006 νοσοῦντι
624 2965 692 3006 καὶ
720 2965 953 3022 τεμνομένῳ
973 2964 1040 3005 καὶ
1070 2964 1113 3006 τὸ
1144 2970 1256 3017 σῶμα
1289 2970 1335 3020 τῇ
1372 2969 1494 3019 ψυχῇ.
1532 2961 1819 3015 αἰσχυνομένης

289 3031 387 3080 γοῦν
418 3025 592 3081 ἐρυθρὸν
622 3026 768 3080 γίνεται
797 3024 865 3065 καὶ
900 3023 1156 3078 φοβουμένης
1191 3023 1333 3078 ὠχρόν·
1372 3029 1483 3075 σῶμα
1519 3020 1595 3076 ἄρα
1631 3019 1657 3073 ἡ
1694 3020 1816 3073 ψυχή.
