2060 3444
259 266 346 308 348
575 264 677 300 XXX
700 276 735 299 u.
766 267 1009 299 1094—1098.
1056 263 1185 298 incert.
1213 263 1288 298 sed.
1316 275 1350 298 u.
1381 265 1483 298 1099.

259 379 468 418 Luciliana
506 391 588 418 esse
626 378 850 416 uoluerunt.
918 376 1026 415 Malo
1063 377 1199 415 tamen
1236 377 1343 415 stare
1380 375 1429 414 ab
1466 376 1627 415 illorum
1670 376 1796 428 parte,

258 439 347 478 ideo
380 438 484 489 quod
515 439 575 477 ita
605 437 860 476 librariorum
897 436 1084 475 mendum
1121 436 1279 475 facilius
1318 436 1555 486 explicatur,
1593 435 1699 486 quod
1734 436 1795 474 in-

258 502 369 551 teger
406 499 549 538 herous
586 498 662 537 hac
698 498 853 536 ratione
891 496 1079 545 efficitur,
1118 495 1224 546 quod
1254 495 1453 534 Lucilium
1490 495 1626 534 Plauti
1661 494 1796 535 imita-

258 561 386 598 torem
426 571 510 598 esse
554 560 728 606 constat,
771 557 877 607 quod
921 556 1087 595 eundem
1126 555 1261 594 Plauti
1303 555 1434 595 locum
1476 556 1593 594 initio
1637 554 1797 594 fabulae

260 619 435 669 positum
479 619 662 657 imitatur
707 617 843 656 Cicero
881 617 995 667 epist.
1028 616 1079 655 ad
1109 616 1221 655 Brut.
1247 616 1268 654 I
1296 615 1363 664 18,
1390 616 1415 654 4
1461 612 1546 665 ‘qui
1589 615 1796 665 splendore

259 680 353 718 falsi
389 679 549 717 honoris
587 677 741 716 obiecto
780 677 906 715 aciem
942 676 1038 715 boni
1074 677 1226 728 ingenii
1262 675 1505 726 praestringi
1546 687 1662 726 posse
1705 687 1796 714 con-

258 735 415 789 fidunt’,
448 739 618 788 denique
649 737 755 788 quod
786 749 902 789 aegre
934 736 1046 775 aliud
1078 736 1276 775 obiectum
1307 736 1440 786 potuit
1470 734 1648 775 Lucilius
1674 747 1795 786 appo-

260 811 351 837 nere
383 799 504 848 atque
535 797 637 836 illud
671 794 892 836 ‘oculorum
926 792 1079 835 aciem'.

381 853 522 898 1095.
555 858 708 897 Nonius
739 871 777 908 p.
806 857 873 906 33,
900 857 924 894 2
960 853 1159 895 ‘Inuolare
1191 857 1251 894 est
1274 855 1443 904 inruere,
1473 854 1644 906 insilir03
1677 856 1748 894 aut
1772 867 1797 894 a

257 918 397 957 uolatu
440 919 511 956 aut
556 930 579 955 a
624 917 734 966 uola,
777 916 819 955 id
863 918 923 955 est
965 916 1096 955 media
1136 928 1274 964 manu,
1319 915 1479 954 dictum.
1514 945 1556 953 ..
1583 945 1592 953 .
1617 914 1795 954 Lucilius

260 978 329 1016 lib.
355 978 463 1016 XXX
503 974 626 1016 “inde
664 977 805 1015 canino
846 978 920 1015 rito
964 971 1080 1030 (olim
1122 975 1306 1026 impressi
1347 969 1446 1029 ritu)
1488 974 1693 1024 oculisque
1735 976 1796 1013 in-

259 1033 452 1077 uolem'’.'
514 1038 653 1076 canino
684 1038 764 1075 ritu
795 1038 854 1076 est
885 1036 990 1086 quod
1022 1035 1236 1086 Sophocles
1268 1036 1308 1074 et
1338 1034 1627 1086 Aristophanes
1658 1034 1797 1074 dicunt

258 1095 446 1148 κυνηὸόν.
510 1097 564 1136 Et
594 1097 834 1135 uocabulum
865 1097 1033 1144 inuolem
1065 1097 1105 1134 et
1135 1096 1306 1134 formam
1338 1095 1583 1134 coniunctiui
1613 1095 1743 1145 ipsam
1774 1107 1796 1134 e

258 1157 461 1196 comoedia
493 1158 663 1207 sumpsit
699 1157 835 1206 poetaz
873 1155 1003 1194 Plaut.
1029 1155 1146 1194 Most.
1175 1156 1259 1195 203
1300 1151 1384 1193 ‘uix
1422 1155 1661 1204 comprimor
1699 1155 1796 1205 quin

256 1217 431 1256 inuelem
455 1216 518 1255 illi
542 1218 585 1255 in
610 1216 744 1255 oculos
769 1211 1040 1255 stimulatrici’
1073 1215 1228 1254 Terent.
1255 1215 1354 1253 Eun.
1383 1215 1467 1253 859
1502 1211 1584 1252 ‘uix
1616 1227 1678 1253 me
1705 1226 1795 1254 con-

257 1278 366 1315 tineo
398 1278 494 1327 quin
525 1276 700 1316 inuolem
731 1277 773 1314 in
806 1275 995 1326 capillum
1026 1271 1218 1314 monstro'
1254 1275 1337 1313 647
1369 1271 1455 1324 ‘qui
1486 1287 1589 1313 nunc
1621 1274 1654 1313 si
1680 1274 1796 1313 detur

257 1337 358 1375 mihi
399 1338 446 1375 ut
489 1349 561 1387 ego
605 1335 803 1387 unguibus
848 1335 965 1374 facile
1008 1335 1071 1374 illi
1113 1336 1156 1373 in
1199 1335 1333 1373 oculos
1377 1334 1552 1373 inuolem
1592 1330 1794 1373 uenefico’.

258 1396 471 1435 Muellerus
503 1395 685 1446 Lipsium
716 1397 756 1434 et
788 1395 1002 1445 Corpetum
1039 1396 1195 1434 secutus
1234 1394 1374 1434 scribit
1412 1391 1518 1432 ‘inde
1556 1394 1698 1434 canino
1736 1395 1795 1433 ori

258 1457 293 1494 εἰ
324 1455 404 1494 ritu
436 1456 640 1506 oculisque
668 1451 858 1494 inuolem’
886 1467 1056 1505 quocum
1081 1454 1129 1493 de
1154 1454 1429 1505 supplemento
1456 1455 1678 1494 consentias
1704 1466 1794 1493 con-

259 1516 387 1554 ferens
426 1515 585 1554 Sueton.
614 1514 738 1567 Galig.
768 1516 820 1553 25
837 1516 932 1553 extr.
979 1512 1040 1553 ‘ut
1082 1515 1238 1554 infestis
1281 1514 1419 1565 digitis
1464 1527 1535 1553 ora
1577 1515 1618 1553 et
1659 1514 1794 1554 oculos

258 1575 377 1614 simul
396 1575 619 1614 ludentium
638 1606 645 1613 .
662 1607 669 1614 .
686 1606 694 1613 .
708 1570 940 1614 incesserit’.
973 1574 1115 1625 Itaque
1135 1575 1373 1613 seutentiam
1393 1574 1445 1613 ad
1463 1574 1703 1613 comicorum
1722 1574 1795 1612 illa

258 1635 438 1686 exempla
469 1636 688 1674 constituas
719 1635 794 1674 hoc
825 1635 906 1674 fere
937 1634 1053 1674 modo
1087 1631 1170 1672 ‘uix
1201 1635 1453 1684 comprimor,
1484 1633 1660 1684 inquam,
1698 1633 1794 1684 quin

258 1695 357 1734 furis
389 1696 489 1734 facie
521 1695 613 1733 inde
645 1696 787 1734 canino
818 1696 899 1734 ritu
931 1695 1134 1744 oculisque
1164 1690 1367 1733 inuolem'.

380 1750 521 1795 1097.
553 1755 707 1794 Nonius
738 1768 776 1805 p.
805 1755 902 1803 343,
930 1756 954 1793 9
989 1751 1114 1793 ‘Mitis
1147 1755 1207 1794 est
1236 1754 1479 1804 tranquillus
1510 1755 1551 1792 et
1586 1753 1698 1793 lenis.
1727 1784 1734 1792 .
1757 1784 1763 1791 .
1787 1784 1794 1791 .

257 1814 435 1854 Lucilius
465 1814 533 1853 lib.
560 1815 669 1853 XXX
702 1811 769 1853 “et
798 1814 899 1853 illud
931 1827 1087 1864 quoque
1125 1815 1222 1852 mite
1259 1814 1410 1853 malum
1446 1814 1637 1852 blandum
1673 1815 1794 1864 atque

259 1870 500 1913 dolosum''.'
556 1874 703 1925 Agitur
734 1873 781 1912 de
813 1875 991 1912 mulieris
1023 1875 1195 1924 ingenio.
1251 1874 1342 1912 Non
1374 1873 1650 1912 tantummodo
1684 1874 1794 1912 ferox

258 1934 436 1972 mulieris
467 1933 671 1985 ingenium
704 1935 744 1972 et
775 1935 985 1972 contumax
1017 1935 1057 1972 et
1087 1934 1310 1985 litigiosum
1341 1933 1553 1972 molestum
1585 1934 1660 1972 est:
1692 1933 1795 1972 illud

259 2005 415 2043 quoque
446 1994 542 2032 mite
575 1995 635 2032 est
666 1993 816 2031 malum
846 1993 1037 2031 blandum
1069 1994 1109 2031 et
1140 1992 1339 2041 dolosum,
1376 1993 1482 2042 quod
1513 1994 1635 2031 etiam
1666 1994 1793 2045 magis

259 2052 480 2092 cauendum
507 2054 577 2091 est.
620 2052 726 2091 Nam
750 2052 889 2090 mitem
915 2053 955 2090 et
979 2052 1109 2090 lenem
1134 2052 1228 2090 dum
1254 2052 1418 2091 simulat
1445 2053 1635 2101 animum,
1666 2053 1792 2091 malas

257 2123 319 2151 res
352 2113 422 2150 aut
451 2111 703 2150 machinatur
735 2113 807 2150 aut
837 2111 1033 2150 malarum
1058 2124 1191 2150 rerum
1216 2112 1373 2151 conscia
1397 2113 1562 2162 peccata
1586 2124 1657 2150 sua
1682 2113 1794 2162 cupit

259 2171 453 2222 obtegere.
504 2174 559 2209 est
581 2171 611 2209 I.
631 2171 778 2211 Dousa.
1139 2165 1141 2167 ’

381 2225 522 2270 1098.
565 2231 719 2270 Nonius
759 2245 796 2281 p.
826 2232 923 2280 180,
950 2232 974 2269 3
1020 2227 1244 2280 ‘Temnere‚
1288 2232 1545 2270 contemnere.
1613 2230 1792 2270 Lucilius

258 2290 325 2327 lib.
351 2290 460 2328 XXX
494 2287 709 2340 “quodque
737 2322 743 2328 .
767 2322 773 2328 .
796 2322 803 2328 .
830 2292 1004 2329 temnere
1036 2287 1309 2341 superbum''.'
1363 2293 1510 2330 temere
1541 2291 1580 2329 L
1604 2303 1654 2329 m.
1684 2293 1721 2340 1,
1752 2292 1792 2330 te

258 2351 451 2399 tempsere
483 2351 643 2400 superbi
667 2351 702 2388 Ι.
724 2351 872 2389 Dousa.
923 2353 1084 2400 quotque
1109 2350 1235 2390 edidit
1258 2350 1482 2400 Lindsayus
1511 2351 1630 2400 solus,
1661 2363 1806 2390 errore

258 2410 304 2447 ut
340 2409 515 2447 uidetur:
553 2411 726 2459 quodque
762 2422 899 2450 uersus
934 2411 1052 2449 initio
1090 2412 1265 2461 positum
1300 2412 1347 2449 ut
1380 2410 1447 2449 lib.
1473 2410 1605 2449 XXVI
1629 2424 1666 2449 u.
1695 2411 1791 2450 626.

547 2610 876 2659 INOERTAE
916 2611 1092 2660 SEDIS
1129 2610 1493 2667 RELIQUIAE.

381 2700 522 2746 1099.
565 2705 811 2746 Glossarium
849 2707 950 2747 OGL
974 2709 1016 2746 H
1045 2722 1083 2759 p.
1113 2710 1180 2757 12,
1207 2708 1261 2747 52
1301 2704 1497 2748 ‘acactum
1535 2706 1697 2747 ἄκανθα
1737 2706 1791 2756 ὡς

259 2765 474 2812 Λουκίλιος
512 2760 743 2819 (λουκιανός
780 2762 887 2813 οοᾶΥ
932 2771 1081 2807 caetum
1112 2768 1329 2807 Vulcanius
1363 2768 1468 2818 quod
1499 2768 1792 2808 commendauit

259 2823 477 2864 Salmasius
509 2825 559 2863 ad
591 2826 755 2865 Tertull.
782 2827 829 2866 de
855 2828 949 2878 pall.
976 2840 1060 2878 cap.
1085 2827 1127 2866 ΙΙ
1140 2829 1236 2866 extr.
1261 2841 1299 2878 p.
1329 2829 1412 2867 123
1441 2825 1657 2867 ‘eradicato
1683 2829 1791 2867 omni

259 2885 416 2923 aconito
447 2885 682 2924 hostilitatis
714 2888 754 2924 et
785 2889 896 2926 cacto
929 2882 1084 2941 (coacto
1117 2882 1234 2941 codd)
1267 2889 1308 2926 et
1337 2887 1436 2927 rubo
1461 2888 1650 2927 subdolae
1674 2887 1789 2926 fami—

259 2942 448 2982 liaritatis
469 2943 685 2984 conuulso'.
717 2946 939 2996 Hesychius
960 2959 988 2986 s.
1003 2961 1040 2985 u.
1054 2946 1196 2994 κάκτος
1214 2944 1389 2998 ἄκανθα,
1402 2948 1522 2988 schol.
1538 2947 1698 2986 Theocr.
1712 2947 1748 2985 X
1762 2948 1788 2986 4

260 2996 419 3055 (κάκτος
449 2999 585 3058 ἔτυψε)
617 3004 757 3053 κάκτος
789 3003 830 3044 δὲ
861 3001 966 3055 εἶδος
993 3004 1191 3060 ἀκάνθης,
1221 3008 1452 3048 testimonia
1477 3007 1524 3048 de
1549 3007 1624 3047 hac
1649 3007 1789 3058 planta
