2060 3444
795 267 913 304 XXIX
939 279 977 305 u.
1003 270 1205 303 ses-828.
1688 265 1773 310 287

223 397 300 435 que
339 383 408 424 sed
448 382 653 423 occidione
697 383 869 422 occisum
921 394 1010 421 cum
1068 381 1221 421 duobus
1280 380 1508 420 consulibus
1559 381 1773 420 exercitum

222 438 453 495 deletasque
486 455 621 484 omnes
653 444 789 493 copias
821 442 992 482 allatum
1023 438 1183 480 fuerat’.

343 498 454 544 824.
486 503 641 543 Nonius
674 517 711 553 p.
740 504 839 552 317,
867 503 920 541 27
957 499 1143 551 ‘Habere,
1175 503 1324 551 tenere,
1361 514 1565 552 occupare.
1697 502 1773 540 Lu-

222 565 337 604 cilius
381 563 449 603 lib.
475 563 670 603 XXVIIII
717 559 822 617 ff‘hoc
856 594 862 601 .
897 593 904 601 .
940 593 947 600 .
980 558 1221 612 apuliam'’.’
1294 562 1380 607 hoc,
1427 561 1654 612 Samnium,
1698 563 1775 608 ille,

222 624 444 664 Hannibal:
477 624 571 663 conf
591 623 680 662 Liu.
708 622 823 662 XXII
850 623 918 671 54,
947 624 970 661 9
1006 618 1111 661 ‘cum
1140 621 1294 661 duobus
1322 621 1551 661 consulibus
1578 621 1656 661 duo
1684 635 1774 661 con·

222 685 373 725 sulares
412 684 610 724 exercitus
649 684 786 723 amissi
823 682 1132 732 nuntiabantur,
1173 695 1245 721 nec
1283 682 1368 722 ulla
1404 683 1486 721 iam
1526 684 1660 721 castra
1698 682 1775 721 Ro-

222 757 352 795 mana,
379 757 451 784 nec
476 745 619 784 ducem
645 757 716 783 nec
742 743 911 782 militem
938 755 1040 794 esse3
1067 742 1308 782 Hannibalis
1335 742 1540 793 Apuliam,
1568 743 1775 782 Samnium

222 819 267 846 ac
298 806 381 844 iam
412 817 537 857 prope
569 806 696 844 totam
728 804 891 843 Italiam
923 800 1108 852 factam'3
1142 804 1211 853 61,
1241 805 1291 841 11
1329 800 1521 842 ‘defecere
1557 804 1692 842 autem
1725 802 1773 841 ad

221 866 373 906 Poenos
418 865 460 904 hi
503 865 661 916 populi:
705 863 903 914 Atellani,
951 863 1143 913 Calatini,
1182 863 1364 914 Hirpini,
1404 862 1629 912 Apulorum
1660 875 1775 912 pars,

223 925 422 965 Samnites
453 927 614 977 praeter
645 921 827 965 Pentros'
849 938 879 964 e.
902 938 940 975 q.
962 937 990 963 s.
1011 919 1164 978 (XXIV
1192 925 1260 973 20,
1289 925 1312 962 3
1329 918 1470 976 seqq.)⁸

343 981 454 1027 825.
486 985 641 1025 Nonius
678 999 715 1036 p.
745 986 849 1034 289,
878 987 899 1024 1
943 982 1139 1034 ‘Deicere,
1178 984 1454 1035 praecipitare.
1595 983 1775 1023 Lucilius

221 1046 289 1086 lib.
309 1046 504 1085 XXVIIII
551 1043 786 1085 “den-ursus
831 1039 1032 1099 (decrueus
1076 1045 1171 1084 olim
1215 1038 1419 1098 impressi)
1557 1044 1776 1093 deiectaque

221 1103 398 1146 italia'’.’
469 1107 710 1155 deiectusque
751 1106 902 1144 Iunius.
976 1105 1246 1144 Hannibalem
1289 1104 1514 1144 Poenorum
1558 1104 1685 1155 legati
1729 1117 1774 1143 ex

221 1167 344 1206 Italia
387 1168 662 1211 semouerunt:
705 1167 842 1217 itaque
887 1179 967 1206 non
1012 1166 1063 1204 ad
1106 1166 1261 1205 hostem
1305 1165 1375 1205 sed
1414 1165 1465 1204 ad
1502 1164 1696 1215 populum
1727 1164 1773 1204 R.

99 1262 138 1283 ,st
221 1228 397 1278 pertinet
445 1239 584 1267 uersus
635 1226 746 1266 cuius
796 1227 1009 1279 angustiae
1058 1226 1099 1265 et
1143 1225 1432 1266 sollicitudines
1477 1225 1774 1265 describuntur:

220 1287 310 1327 Liu.
330 1287 445 1326 XXII
465 1288 534 1338 54,
556 1288 610 1327 10
639 1284 894 1326 ‘Hannibalis
992 1287 1073 1325 iam
1099 1298 1222 1337 prope
1249 1288 1378 1326 totam
1404 1286 1566 1325 Italiam
1594 1283 1773 1326 factam'.

221 1348 269 1387 In
294 1349 493 1399 corruptis
518 1347 666 1387 litteris
691 1348 754 1387 det
777 1359 920 1386 rursus
940 1347 1270 1399 orthographiam
1290 1347 1551 1386 uetustiorem
1570 1346 1775 1386 detrussus

222 1421 431 1460 agnoscas:
464 1407 543 1447 Cic.
569 1421 642 1459 pro
676 1407 830 1447 Caecin.
862 1409 927 1456 16,
955 1409 1009 1446 47
1046 1404 1237 1446 ‘deiectus
1269 1407 1553 1458 detrussusque
1596 1400 1672 1460 (ita
1703 1408 1774 1446 cod

225 1463 536 1522 Teyemseensis)
576 1465 677 1507 sum’
719 1468 787 1507 ubi
825 1468 871 1507 de
904 1469 947 1506 ui
977 1469 1125 1520 agitur.
1186 1468 1235 1506 In
1266 1467 1479 1506 uerborum
1512 1467 1773 1507 collocatione

222 1529 340 1569 facile
371 1529 620 1581 intellegitur
651 1530 694 1567 m·
731 1529 898 1568 deiectus
929 1530 1138 1578 tamquam
1175 1541 1298 1566 unum
1340 1540 1424 1567 esse
1456 1527 1695 1567 uocabulum
1728 1530 1775 1565 ut

222 1589 275 1629 ad
305 1589 398 1628 Her.
423 1589 464 1628 Π
491 1590 564 1639 28,
592 1590 646 1627 45
675 1591 771 1628 extr.
806 1585 900 1628 ‘non
933 1588 1085 1638 exules,
1123 1588 1191 1628 sed
1222 1589 1265 1626 ui
1307 1585 1484 1638 eiectos’3
1529 1600 1618 1628 cum
1656 1587 1773 1626 tmesi

222 1649 279 1688 IV
307 1650 375 1699 29,
402 1651 459 1689 40
485 1651 583 1688 extr.
623 1646 684 1688 ‘ut
720 1662 783 1688 me
821 1650 864 1687 ui
895 1649 943 1688 de
975 1661 1062 1687 meo
1104 1647 1228 1687 fundo
1254 1644 1457 1687 deieceris’
1493 1647 1654 1698 leian.
1682 1647 1773 1699 Dig.

222 1708 355 1749 XLIII
385 1710 458 1759 16,
487 1712 507 1748 1
551 1706 733 1749 ‘Praetor
774 1710 849 1748 ait:
883 1705 1019 1753 “unde
1057 1710 1103 1747 tu
1139 1708 1256 1747 illum
1288 1708 1330 1746 ui
1362 1708 1561 1758 deiecisti,
1589 1739 1627 1746 ..
1650 1739 1656 1746 .
1682 1711 1774 1759 post

224 1782 373 1810 annum
411 1769 458 1809 de
498 1782 543 1809 eo
582 1769 689 1820 quod
727 1769 779 1809 ad
816 1782 906 1808 eum
944 1770 1016 1820 qui
1055 1769 1097 1807 ui
1129 1768 1273 1812 deiecit
1303 1768 1549 1820 peruenerit,
1580 1768 1772 1807 iudicium

222 1827 372 1871 dabo''.
421 1830 509 1869 Hoc
527 1829 785 1870 interdictum
816 1829 1056 1880 proponitur
1088 1830 1124 1868 ei
1151 1830 1220 1880 qui
1245 1830 1287 1868 ui
1314 1829 1489 1868 deiectus
1516 1831 1594 1868 est:
1626 1828 1775 1868 etenim

222 1891 303 1931 fuit
327 1890 613 1942 aequissimum
637 1891 681 1929 ui
705 1890 858 1929 deiecto
878 1886 1104 1929 subuenire’
1127 1903 1158 1928 e.
1179 1903 1216 1940 q.
1238 1903 1266 1928 s.
1317 1889 1542 1929 Verborum
1562 1889 1773 1929 collocatio

223 1951 365 1991 similis
396 1950 465 1990 lib.
485 1950 660 1990 XXVIII
684 1964 721 1990 u.
746 1950 828 1990 769
865 1946 1050 2001 ‘piscium
1080 1963 1268 2002 magnam
1301 1952 1421 2000 atque
1453 1949 1629 1988 altilium
1661 1946 1773 1988 uim'.

222 2012 360 2052 incert.
387 2024 424 2050 u.
448 2011 561 2050 1228
609 2007 724 2050 ‘festo
770 2012 889 2062 atque
932 2011 1109 2061 profesto
1152 2011 1262 2050 totus
1302 2010 1399 2049 item
1442 2011 1671 2061 pariterque
1709 2009 1774 2048 die

225 2071 474 2122 populusque
505 2073 719 2122 patresque
750 2072 902 2110 iactare
989 2101 996 2109 .
1024 2067 1080 2110 se'
1114 2083 1147 2110 e.
1173 2084 1210 2122 q.
1237 2083 1266 2110 s.

345 2127 457 2172 826.
495 2131 650 2171 Nonius
688 2145 725 2182 p.
748 2132 852 2181 240,
886 2132 911 2170 8
956 2128 1182 2181 ‘Accipere,
1225 2131 1417 2182 decipere.
1479 2130 1659 2170 Lucilius
1703 2129 1772 2170 lib.

224 2191 419 2231 XXVIIII
457 2189 546 2231 “sic
679 2187 948 2242 acceptum''.'
1012 2191 1072 2231 De
1114 2192 1292 2241 accipere
1329 2190 1420 2230 uide
1461 2190 1511 2229 ad
1553 2190 1621 2230 lib.
1641 2190 1774 2239 XXVI

224 2266 261 2291 u,
284 2252 380 2291 667.
444 2251 593 2304 Agitur
633 2252 681 2290 de
720 2252 831 2291 clade
871 2264 991 2302 quam
1028 2250 1250 2291 Hannibali
1286 2251 1426 2290 intulit
1465 2250 1600 2301 Scipio
1637 2263 1774 2302 pugna

225 2312 277 2351 ad
309 2312 472 2352 Zamam
503 2313 715 2351 commissa
751 2313 958 2362 utiturque
997 2324 1176 2351 sermone
1219 2311 1410 2351 castrensi
1443 2311 1622 2350 Lucilius
1653 2312 1770 2350 sicuti

224 2372 418 2412 Lentulus
443 2371 486 2411 in
512 2370 591 2411 Cic.
618 2372 733 2423 epist.
758 2372 838 2412 XII
865 2373 933 2421 14,
959 2373 984 2410 4
1013 2368 1070 2411 ‘et
1093 2373 1134 2411 in
1156 2371 1424 2423 oppugnando
1444 2371 1550 2410 male
1571 2367 1771 2422 acceptus'

225 2431 324 2482 Nep.
347 2431 458 2471 Eum.
482 2433 520 2481 8,
549 2434 570 2472 1
602 2428 795 2472 ‘conflixit
819 2445 899 2471 non
926 2432 1010 2472 acie
1035 2432 1233 2472 instructa
1258 2431 1327 2471 sed
1351 2432 1393 2471 iu
1419 2432 1576 2480 itinere,
1604 2443 1774 2481 eumque

226 2491 329 2531 male
361 2493 570 2543 acceptum
606 2493 650 2531 in
680 2492 852 2533 Mediam
892 2492 1113 2532 hiematum
1151 2492 1284 2544 coegit
1320 2487 1477 2530 redire'.
1539 2491 1643 2530 Item
1673 2490 1774 2530 illud

229 2552 399 2591 uetedwm
425 2553 561 2602 lupwm
581 2554 785 2604 sumptum
810 2565 894 2593 esse
919 2565 965 2591 ex
991 2565 1170 2592 sermone
1196 2552 1389 2592 castrensi
1407 2550 1561 2591 indicat
1580 2550 1773 2590 Horatius

227 2611 340 2662 epist.
365 2611 408 2651 H
435 2613 478 2662 2,
507 2613 561 2652 28
595 2613 665 2663 qui
702 2612 750 2652 de
781 2612 940 2652 Luculli
978 2614 1106 2653 milite
1140 2609 1248 2663 ‘post
1283 2612 1358 2652 hoc
1389 2624 1550 2651 nemens
1581 2612 1701 2662 lupus
1734 2613 1774 2650 et

227 2671 304 2711 sibi
341 2674 382 2711 et
420 2672 527 2713 hosti
563 2674 691 2712 iratus
728 2670 908 2724 pariter’.
970 2673 1082 2713 illum
1120 2686 1193 2724 pro
1224 2672 1358 2712 iambo
1390 2673 1566 2723 positum
1598 2683 1682 2712 esse
1712 2672 1773 2710 in—

228 2731 385 2771 dicatur
416 2744 474 2781 eo,
507 2732 613 2782 quod
643 2744 713 2784 pes
746 2734 908 2783 quintus
934 2735 975 2772 et
1000 2734 1133 2773 sextus
1159 2745 1238 2772 uno
1265 2734 1386 2783 atque
1413 2732 1550 2772 eodem
1576 2731 1772 2782 uocabulo

227 2803 306 2830 non
351 2793 553 2832 constant:
596 2792 688 2832 uide
733 2792 784 2832 ad
827 2792 895 2832 lib.
928 2791 1082 2847 XXVII
1111 2806 1149 2832 u.
1179 2793 1275 2832 720.
1345 2791 1542 2843 Suppleas
1579 2792 1661 2831 fere
1698 2792 1773 2831 hoc

228 2851 363 2891 modo:
396 2848 592 2890 ‘funditus
622 2864 782 2902 pessum
812 2849 950 2892 dedit’.
1620 2902 1622 2904 Ι

349 2906 459 2952 828.
496 2911 651 2951 Nonius
687 2925 726 2962 p.
756 2912 860 2964 339,
890 2913 943 2951 14
984 2909 1136 2963 ‘Longe
1174 2913 1296 2951 etiam
1337 2911 1465 2950 ualde.
1594 2910 1773 2950 Lucilius

229 2971 296 3010 lib.
317 2970 511 3010 XXVIIII
550 2968 646 3011 “cui
682 2973 751 3011 ubi
776 2972 1045 3012 =deriminutia
1080 2983 1187 3010 meac
1225 2973 1412 3020 epiteyma
1450 2971 1618 3020 apepelli
1654 2971 1772 3022 longe

229 3043 349 3082 opera
382 3033 473 3070 ante
499 3031 581 3071 alia
607 3028 802 3071 omnia”.'
859 3031 981 3071 Recte
1005 3031 1144 3071 Iunius
1171 3032 1406 3080 epiteuqma:
1437 3031 1502 3070 cui
1526 3031 1771 3070 contrarium
