2060 3444
286 277 343 328 32
916 276 951 319 11
975 294 1023 334 u.
1039 280 1193 324 64-67.

287 396 349 437 ‘ut
386 409 547 448 peccare
585 395 703 447 uelis,
743 409 833 437 cum
870 396 1009 436 feceris
1047 397 1199 447 omnia,
1239 394 1328 436 fani
1364 392 1443 436 non
1482 389 1626 447 potes’.
1684 393 1828 439 quen..

286 458 323 496 V
351 458 434 497 158
469 454 620 497 ‘omnia
648 457 766 508 fiunt,
804 458 839 497 si
872 457 1018 507 nescis,
1055 458 1102 496 ut
1136 469 1208 508 per
1245 457 1429 496 lacrimas
1467 456 1665 497 effundere
1701 456 1823 497 bilem

287 515 469 570 cogaris'.

406 572 484 618 65.
516 577 670 617 Nonius
702 591 739 627 p.
768 577 865 628 335,
894 578 946 616 14
976 573 1191 627 τ1111311616,
1224 577 1391 627 expiare.
1513 575 1690 616 Lucilius
1715 577 1824 628 saty-
1883 594 1885 596 ·

287 651 423 676 rarum
453 637 522 676 lib.
547 636 588 676 Π
628 634 853 676 “lustratus
890 633 1085 688 piatus''.'
1154 636 1342 687 Expiatio
1386 636 1494 676 facta
1537 649 1620 677 esse
1663 636 1825 676 uidetur

289 698 427 736 funere
457 697 528 736 illo
560 697 667 736 facto
700 696 804 747 quod
831 698 1162 735 commemoratur
1185 709 1250 734 uu.
1278 696 1346 735 60.
1373 696 1441 735 61.
1491 696 1691 748 Purgatur
1719 697 1824 735 enim

288 758 460 796 hominis
497 757 645 795 mortui
683 769 802 796 causa
845 755 1000 795 familia
1044 757 1137 807 post
1178 755 1313 794 funus:
1351 755 1479 794 Varro
1510 756 1608 794 del.
1634 754 1678 794 L.
1704 755 1742 794 V
1768 757 1822 795 23

290 816 392 855 Fest.
424 829 462 867 p.
494 818 549 855 70
575 829 604 855 s.
631 830 667 854 u.
698 816 895 856 denicales
926 815 1049 854 feriae
1080 815 1231 867 Vergil.
1258 815 1283 854 1.
1310 827 1339 854 3.
1365 828 1395 854 3.

409 871 487 916 66.
519 876 673 915 Nonius
699 890 735 926 p.
765 877 861 924 129,
890 875 944 914 28
971 888 1018 914 ex
1043 874 1304 926 grammatico
1338 871 1519 925 ‘Inpuno,
1551 874 1657 925 quod
1682 876 1743 914 est
1766 874 1825 914 111-

288 936 453 987 pudens,
478 935 653 975 Lucilius
679 935 747 975 lib.
765 935 807 974 H
834 932 983 974 “homo
1009 936 1220 986 inpuratus
1252 937 1293 973 et
1322 936 1471 984 impuno
1506 936 1567 974 est
1596 931 1823 984 rapister'’.'

289 996 400 1035 Idem
438 1010 474 1047 p.
506 996 609 1044 167,
637 997 692 1035 20
742 1008 789 1034 ex
839 995 975 1034 eodem
1024 992 1303 1046 ‘Rapinatores
1352 1007 1425 1045 pro
1474 993 1713 1045 raptoribus.
1746 1024 1753 1032 .
1781 1025 1789 1032 .
1817 1025 1824 1032 .

271 1055 467 1095 -Lucilius
495 1055 563 1094 lib.
589 1055 630 1094 H
663 1052 812 1094 “homo
836 1056 1048 1104 inpudicus
1072 1056 1113 1093 et
1135 1056 1284 1104 inpune
1308 1056 1368 1093 est
1392 1050 1658 1103 rapmatm''.'
1702 1053 1826 1093 Dubi—

289 1116 368 1154 tari
400 1117 540 1165 nequit
571 1116 667 1165 quin
699 1115 826 1154 altero
851 1115 939 1154 loco
970 1128 1008 1164 p.
1038 1114 1119 1153 167
1148 1114 1303 1165 glossae
1328 1114 1557 1164 suppositae
1581 1114 1732 1153 fuerint
1754 1126 1828 1165 pro

290 1175 422 1214 uerbis
454 1175 649 1224 antiquis,
685 1187 758 1226 pro
789 1176 1001 1224 imam-amos
1031 1174 1240 1223 inpudicus
1277 1186 1349 1224 pro
1386 1176 1535 1222 inpuno
1571 1175 1719 1222 inpwne
1753 1186 1826 1224 pro

290 1236 459 1284 rapister
489 1236 716 1283 rapinator:
751 1236 959 1284 praeterea
988 1233 1260 1273 hexametrum
1291 1232 1404 1272 finire
1436 1232 1630 1273 uocabulo
1660 1234 1830 1282 rapister

292 1294 506 1334 admodum
538 1296 598 1333 est
625 1293 842 1345 probabile,
873 1293 1114 1334 uocabulum
1140 1296 1195 1332 est
1217 1294 1324 1332 recte
1349 1292 1543 1332 traditum
1568 1305 1652 1332 esse
1678 1293 1828 1332 certum

292 1357 369 1403 est,
413 1367 502 1394 cum
545 1354 586 1392 in
630 1352 730 1393 codd
770 1353 830 1392 bis
872 1353 1067 1393 traditum
1109 1354 1173 1392 sit.
1247 1351 1355 1398 Quae
1393 1354 1427 1392 si
1463 1354 1568 1392 recte
1605 1352 1829 1403 statuimus,

295 1414 415 1453 uerba
447 1416 502 1453 est
530 1415 699 1462 rapister
729 1414 918 1453 lacunosa
947 1425 1030 1453 esse
1057 1414 1240 1464 apparet:
1271 1425 1398 1462 neque
1424 1413 1530 1451 enim
1554 1412 1717 1463 rapistri
1742 1412 1830 1452 olus

293 1474 398 1525 apud
426 1472 578 1512 Colum.
604 1474 662 1512 IX
689 1475 714 1512 4
730 1473 828 1512 med.
860 1472 937 1513 huc
967 1474 1100 1523 potest
1130 1474 1328 1524 pertinere
1359 1475 1399 1511 et
1424 1472 1687 1523 spondeiazon
1712 1484 1830 1524 aegre

292 1535 441 1585 poterit
471 1534 653 1572 tolerari:
685 1533 838 1572 accedit
868 1532 976 1583 quod
1006 1545 1149 1572 nomen
1180 1545 1205 1571 a
1234 1531 1424 1583 rapiendo
1456 1533 1592 1583 aperte
1618 1531 1830 1571 deductum

293 1594 355 1632 sit.
418 1593 523 1632 Illud
556 1606 650 1632 uero
685 1595 856 1642 rapister
892 1605 981 1631 cum
1018 1593 1203 1641 mayister
1239 1593 1414 1631 minister
1450 1593 1609 1630 sinister
1644 1592 1731 1630 tum
1768 1603 1830 1630 ca-

286 1654 459 1702 pistrum
496 1653 735 1692 uocabulum
772 1652 1048 1692 commendare
1086 1651 1294 1691 debebunt.
1364 1651 1446 1690 Nec
1489 1651 1638 1703 poterit
1681 1650 1831 1703 ambigi

294 1713 390 1763 quin
427 1715 576 1762 impuno
612 1713 756 1764 legerit
799 1724 939 1752 reuera
975 1711 1128 1751 Nonius
1171 1713 1213 1750 in
1256 1722 1375 1750 uersu
1412 1709 1579 1750 Lucilii:
1623 1722 1694 1750 nos
1736 1722 1833 1749 uero

294 1774 427 1824 glossa
458 1772 530 1811 illa
559 1774 707 1821 inpwne
737 1773 884 1811 rectius
915 1772 1121 1822 explanari
1151 1771 1392 1811 arbitramur
1421 1771 1570 1819 impwno
1594 1769 1832 1810 uocabulum

294 1845 319 1871 a
357 1833 495 1872 multis
532 1832 797 1872 multifariam
834 1833 1078 1884 temptatum
1115 1844 1236 1882 quam
1273 1831 1407 1883 glossa
1446 1830 1584 1881 inepta
1626 1830 1832 1879 inpudens.

295 1891 422 1932 Sicuti
454 1893 560 1931 enim
590 1905 663 1943 pro
692 1893 854 1942 yracilis
881 1892 1056 1942 yracilus
1086 1891 1154 1930 lib.
1180 1890 1279 1929 VIII
1303 1884 1340 1929 11.
1370 1891 1453 1930 296
1486 1890 1546 1929 ita
1577 1889 1627 1929 ab
1657 1891 1833 1939 mpwnus

294 1953 369 1992 hoc
406 1953 584 2003 posuisse
623 1951 857 1991 aduerbium
894 1954 1053 2003 poetam
1096 1950 1349 1991 statuendum
1394 1951 1481 1989 erit.
1519 1971 1568 1980 —
1602 1947 1830 2000 inpuratus]

294 2011 533 2051 uocabulum
584 2011 810 2051 comoediae
859 2011 1131 2052 tritissimum:
1181 2010 1276 2049 conf
1309 2009 1438 2049 Plaut.
1477 2009 1577 2048 Rud.
1613 2010 1708 2049 543.
1746 2010 1769 2048 7
1776 2010 1828 2048 51

294 2071 385 2111 Aul.
415 2072 510 2110 359.
557 2071 643 2109 Ter.
665 2071 821 2110 Phorm.
845 2071 941 2110 669.
970 2071 1065 2111 962.
1088 2092 1143 2097 —-
1164 2070 1311 2108 Versus
1335 2070 1418 2109 fere
1442 2069 1536 2108 talis
1564 2065 1832 2120 ‘<moechus>,

294 2132 412 2171 homo
462 2131 689 2181 inpuratus:
739 2132 779 2170 et
820 2133 971 2182 inpuno
1015 2132 1124 2170 estne
1165 2119 1383 2180 'rapisterP'
1435 2140 1555 2179 quam
1600 2128 1698 2167 bene
1742 2140 1832 2167 6611-

295 2192 432 2230 ueniat
474 2190 644 2230 Albucio
687 2190 998 2241 repetundarum
1042 2190 1218 2228 Mucium
1267 2189 1487 2238 accusanti,
1536 2187 1654 2227 facile
1703 2188 1832 2227 cuiuis

297 2253 482 2302 apparet:
533 2251 627 2290 conf
665 2250 804 2290 Afran.
850 2245 975 2289 ORF³
1010 2263 1048 2301 p.
1077 2250 1174 2299 201,
1206 2248 1313 2288 42ss
1361 2245 1483 2294 ‘Quos
1524 2249 1672 2298 inpune
1716 2246 1833 2298 depo-

296 2311 463 2362 pulatur
494 2310 741 2361 despoliatur
770 2307 966 2350 dedecus'.
1504 2356 1508 2358 ,
1676 2306 1693 2335 Ἳ

417 2365 495 2410 67.
528 2369 719 2409 Priscian.
746 2369 813 2409 GL
838 2369 880 2408 Π
910 2383 947 2420 p.
975 2370 1075 2419 483,
1114 2368 1220 2408 24Κ
1265 2365 1334 2406 ‘Et
1370 2367 1498 2407 multa
1531 2397 1538 2405 .
1572 2397 1579 2405 .
1614 2398 1622 2405 .
1655 2379 1679 2406 a
1718 2368 1834 2406 uetu-

297 2429 482 2471 stissimis
513 2429 698 2470 similiter
729 2431 823 2468 sunt
852 2430 1011 2480 prolata
1043 2428 1259 2479 participia
1294 2427 1504 2478 praeteriti
1535 2439 1558 2465 a
1588 2426 1834 2466 neutralibus

298 2490 447 2540 uerbis,
484 2492 533 2530 ut
558 2520 566 2528 .
589 2520 596 2527 .
618 2520 626 2528 .
653 2489 830 2538 discedo,
867 2488 1060 2528 discessus
1092 2485 1113 2526 ὃ
1144 2485 1421 2540 ἀναχωρήσας,
1458 2488 1610 2525 intereo
1647 2487 1835 2525 interitus

299 2548 320 2590 ὁ
357 2548 584 2603 ἀναιρεθείς
621 2550 719 2588 obeo
756 2549 888 2588 obitus
925 2547 947 2588 ὁ
984 2547 1156 2595 τεθνεώς
1193 2547 1327 2586 occido
1365 2558 1524 2586 occasus
1556 2543 1577 2585 ὁ
1609 2545 1733 2594 ὃύνας

299 2610 512 2649 Sallustius
562 2609 603 2648 in
640 2608 722 2648 IIII
772 2609 1028 2648 historiarum
1072 2602 1128 2661 (p.
1158 2607 1255 2656 167,
1282 2608 1334 2645 21
1348 2599 1593 2659 Maurenbr.)
1662 2601 1833 2644 “Omnis

300 2669 442 2720 quibus
474 2671 630 2708 senecto
668 2681 831 2719 corpore
869 2669 1024 2707 animus
1064 2667 1252 2706 militaris
1289 2663 1419 2705 erat’'.
1483 2664 1639 2704 Caelius
1677 2664 1720 2704 in
1750 2664 1834 2704 [ΠΙ

299 2724 428 2783 (HRF
458 2742 496 2779 p.
526 2730 629 2778 104,
649 2729 711 2767 ⁴32
750 2728 808 2767 ed.
846 2728 959 2766 1883
974 2722 1121 2780 Peter.)
1185 2723 1457 2765 “custodibus
1494 2724 1674 2764 discessis
1716 2724 1835 2763 multi

300 2785 638 2828 interficiuntur’'.
702 2787 891 2827 Claudius
924 2782 967 2841 (l.
994 2800 1023 2826 s.
1048 2800 1086 2837 p.
1116 2786 1214 2836 151,
1241 2780 1318 2839 96)
1351 2782 1524 2836 “Pugna
1543 2786 1700 2823 -amter
1729 2795 1833 2823 com-

300 2850 426 2888 missa
467 2848 605 2887 multis
647 2849 848 2898 utrimque
884 2843 1102 2886 interitis'’.
1165 2845 1338 2884 Laeuius
1373 2846 1416 2883 in
1453 2844 1675 2883 Protesilao
1714 2838 1834 2896 (FPR

214 2945 219 2949 .
300 2922 338 2958 p.
361 2909 459 2958 291,
481 2910 534 2947 19
549 2901 713 2961 Baehr.)
743 2904 959 2957 “cupidius
977 2905 1164 2945 miserulo
1183 2901 1337 2944 obito''.
1369 2904 1547 2943 Lucilius
1567 2898 1645 2958 (ita
1662 2903 1698 2941 R
1716 2916 1767 2942 m.
1790 2904 1833 2942 2:

302 2968 429 3007 lucius
464 2961 628 3021 reliqui)
666 2967 709 3005 in
738 2966 781 3005 H
814 2963 948 3017 “quae
980 2996 987 3004 .
1017 2996 1023 3004 .
1053 2996 1059 3003 .
1093 2977 1230 3005 occaso
1273 2961 1517 3013 ductoque”.’
1594 2962 1835 3012 obductaque

302 3027 467 3067 tenebris
498 3026 602 3077 quod
634 3027 842 3077 proposuit
872 3026 902 3064 I.
923 3025 1059 3064 Dousa
1089 3024 1178 3063 ideo
1210 3025 1339 3063 minus
1365 3024 1503 3074 aptum
1527 3021 1698 3074 uidetur,
1729 3021 1835 3072 quod
