2060 3444
272 306 357 352 174
928 304 1013 341 XIV
1037 318 1074 343 u.
1100 309 1181 343 466.

389 416 500 461 466.
539 420 700 459 Seruius
739 422 878 459 auctus
916 420 968 459 ad
1004 419 1174 471 Vergilii
1211 418 1394 471 georgica
1425 418 1483 457 IV
1516 420 1600 458 387
1639 409 1738 473 (Est
1762 418 1805 458 in

271 481 486 531 Carpathio
530 480 709 531 Neptuni
749 481 907 532 gurgite
951 474 1084 534 uates)
1129 476 1381 529 ‘Carpathio,
1424 478 1635 530 Aegyptio.
1711 478 1804 518 Car·

268 541 412 592 pathos
438 542 543 580 enim
567 540 700 580 insula
725 542 784 579 est
808 540 998 591 Aegypti,
1029 540 1093 578 uel
1119 542 1165 578 ut
1195 539 1405 589 Pompeius
1437 538 1535 578 dicit
1577 539 1803 578 Rodiorum.

269 602 340 639 alii
378 601 451 640 sic:
490 600 723 651 Carpatium
759 612 868 639 mare
906 601 1012 638 inter
1047 599 1202 638 Rodum
1241 601 1282 636 et
1318 598 1600 638 Alexandriam
1637 599 1743 649 quod
1774 595 1805 651 †

268 660 403 700 obesse
435 656 703 714 (appellatum
741 673 824 699 esse
855 654 1157 713 Lachmannus)
1198 658 1344 698 dicitur
1374 671 1397 697 a
1431 658 1630 709 Carpatho
1661 658 1805 709 insula,

267 722 314 760 ut
350 721 564 759 Lucillius:
604 716 895 768 “Oarpleatium
933 732 1041 758 mare
1078 720 1328 757 transuectus
1359 718 1524 771 ,cenabis
1561 715 1709 757 Rodi''.

269 780 491 832 Carpathos
528 780 661 819 insula
698 781 759 819 est
795 781 934 818 contra
964 779 1212 830 Aegyptum,
1251 791 1274 816 a
1313 790 1392 828 qua
1431 778 1608 816 uicinum
1639 778 1805 829 pelagus

254 840 528 891 Carpathium
581 839 827 890 appellatum
877 835 950 878 est'
997 851 1027 877 e.
1056 852 1092 888 q.
1120 850 1148 877 s.
1224 837 1387 876 Seruius
1431 837 1481 876 ad
1525 838 1622 876 Aen.
1647 837 1685 875 V
1718 838 1802 877 595

269 897 548 951 ‘Carpathium
579 912 689 938 mare
720 899 825 938 inter
855 899 1086 950 Aegyptum
1112 900 1153 936 et
1178 895 1375 936 Rhodum’
1402 897 1495 936 Isid.
1522 899 1618 949 orig.
1645 897 1739 935 XIV
1766 898 1804 948 6,

269 961 324 999 24
357 956 595 1010 ‘Carpathos
622 990 629 997 .
653 990 659 997 .
681 991 689 998 .
715 972 739 998 a
776 958 941 997 meridie
977 959 1110 1008 posita
1150 959 1289 996 contra
1320 958 1549 1008 Aegyptum
1577 988 1585 996 .
1607 988 1613 995 .
1635 987 1643 994 .
1670 969 1694 996 a
1725 969 1805 1007 qua

269 1020 528 1071 Carpathium
559 1032 668 1058 mare
700 1019 947 1070 appellatum
979 1020 1038 1057 est
1065 1049 1071 1056 .
1095 1049 1101 1056 .
1125 1049 1131 1055 .
1158 1020 1218 1057 est
1249 1018 1353 1056 enim
1379 1017 1484 1055 inter
1508 1018 1738 1069 Aegyptum
1763 1019 1804 1056 et

267 1076 466 1118 Rhodum'
504 1079 615 1118 Lact.
647 1078 795 1118 Placid.
827 1078 878 1117 ad
915 1078 1015 1117 Stat.
1052 1077 1210 1116 Theb.1
1246 1078 1326 1115 181
1370 1074 1493 1116 ‘mare
1532 1076 1802 1128 Carpathium,

265 1139 308 1178 id
340 1142 400 1178 est
429 1139 693 1191 Aegyptium,
731 1152 822 1177 nam
856 1136 1079 1188 Carpathus
1118 1137 1247 1176 insula
1279 1139 1339 1175 est
1369 1138 1474 1175 inter
1505 1136 1733 1188 Aegyptum
1763 1138 1804 1175 et

267 1196 462 1239 Rhodon'.
531 1198 640 1246 Quae
677 1198 812 1237 omnia
848 1210 895 1236 ex
926 1197 1096 1248 Vergilii
1135 1196 1417 1235 commentario
1456 1196 1647 1236 Seruiano
1685 1195 1803 1235 ducta

267 1272 350 1299 esse
382 1261 559 1310 apparet.
622 1258 766 1297 Strabo
802 1260 938 1296 tamen
968 1257 1004 1295 X
1034 1270 1072 1307 p.
1099 1258 1184 1294 488
1211 1258 1317 1294 inter
1353 1255 1596 1306 Carpathion
1637 1255 1802 1306 pelagus

267 1322 307 1358 et
343 1319 574 1371 Aegyptum
611 1318 727 1357 docet
763 1318 964 1368 interponi
999 1329 1108 1355 mare
1145 1317 1401 1367 Aegyptium.
1464 1315 1573 1354 Idem
1614 1316 1694 1354 fere
1725 1316 1804 1354 iter

267 1382 387 1430 atque
426 1379 560 1429 Scipio
603 1380 742 1429 postea
785 1378 958 1427 suscepit
987 1377 1164 1416 Maecius
1209 1375 1320 1414 Celer
1357 1375 1478 1414 Statii
1522 1376 1689 1424 amicus,
1734 1374 1800 1424 qui

266 1438 446 1478 Puteolis
482 1438 785 1487 Alexandriam,
821 1437 912 1475 inde
950 1438 992 1475 in
1029 1436 1168 1475 Asiam
1205 1437 1283 1474 iter
1322 1435 1427 1474 fecit.
1490 1435 1615 1481 Quem
1649 1434 1801 1473 Statius

266 1499 355 1538 silu.
375 1498 437 1537 ΠΙ
459 1500 496 1548 2,
523 1499 578 1537 83
604 1499 666 1537 his
691 1497 872 1537 uersibus
897 1497 1117 1546 alloquitur
1141 1491 1246 1545 ‘quis
1271 1497 1414 1534 cuncta
1437 1494 1601 1544 pauenti
1626 1494 1801 1543 nuntius,

267 1572 317 1598 an
355 1558 467 1597 facili
501 1560 542 1597 te
579 1557 891 1609 praetermiserit
927 1556 1035 1595 unda
1072 1555 1224 1594 Lucani
1263 1554 1403 1594 rabida
1435 1567 1504 1593 ora
1534 1555 1674 1602 maris,
1705 1566 1800 1592 num

266 1620 374 1657 torta
417 1618 638 1669 Charybdis
683 1618 848 1656 fluctuet
891 1618 959 1656 aut
1004 1615 1130 1655 Siculi
1172 1615 1402 1666 populatrix
1444 1614 1558 1666 uirgo
1602 1613 1802 1665 profundi,

266 1690 365 1728 quos
402 1678 478 1717 tibi
515 1679 689 1717 currenti
725 1689 915 1728 praeceps
952 1677 1067 1727 gerat
1097 1675 1251 1714 Hadria
1281 1686 1427 1723 mores,
1468 1685 1569 1723 quae
1600 1686 1677 1723 pax
1709 1672 1802 1712 Car-

266 1738 439 1812 pando-⁷,
461 1738 574 1789 quali
611 1740 650 1776 te
688 1736 883 1777 subuehat
926 1748 1025 1775 aura
1062 1735 1180 1774 Doris
1218 1734 1419 1786 Agenorei
1459 1734 1578 1772 furtis
1620 1732 1802 1772 blandita

267 1795 439 1837 iuuenci'
467 1794 583 1851 (conf
604 1797 724 1836 Theb.
745 1796 764 1835 I
788 1791 925 1848 181).
978 1797 1096 1835 .101
1125 1791 1223 1834 Isi.
1277 1805 1410 1833 nunc
1434 1793 1574 1845 regina
1592 1792 1740 1832 Phari.

267 1858 401 1909 excipe
426 1858 642 1898 multisono
667 1869 842 1908 puppem
861 1827 1084 1895 Mareotida
1109 1851 1243 1894 sistro’
1273 1850 1389 1894 106‘
1392 1855 1480 1904 ipsa
1505 1866 1626 1892 manu
1643 1823 1803 1903 placida

266 1931 337 1968 per
366 1918 507 1956 limina
538 1918 641 1956 festa
671 1928 881 1966 sacrosque
913 1915 989 1954 duc
1018 1917 1157 1966 portus
1188 1913 1383 1964 urbesque
1414 1908 1522 1952 tuas’
1551 1914 1631 1951 121
1662 1908 1800 1962 ‘usque

266 1979 306 2015 et
351 1977 394 2015 in
436 1977 622 2028 Assyrias
671 1976 781 2016 sedes
829 1974 1097 2025 mandataque
1140 1975 1270 2013 castra
1312 1985 1552 2023 prosequere
1598 1974 1639 2010 et
1679 1971 1801 2010 Marti

266 2038 461 2086 iuuenem,
493 2037 579 2086 dea,
609 2035 723 2075 trade
754 2031 915 2074 Latino’
1040 2035 1124 2073 135
1159 2031 1294 2084 ‘inque
1326 2033 1452 2071 uicem
1483 2031 1633 2070 medios
1664 2043 1800 2070 narra-

265 2097 395 2135 bimus
435 2109 574 2146 annos,
612 2099 658 2135 tu
693 2094 879 2146 rapidum
910 2094 1143 2145 Euphraten
1182 2095 1222 2132 et
1256 2093 1369 2144 regia
1405 2092 1552 2130 Bactra
1589 2102 1800 2140 sacrasque

267 2157 456 2206 antiquae
475 2156 694 2207 Babylonis
721 2167 814 2205 opes
840 2156 880 2193 et
906 2151 1066 2193 Zeuma'
1094 2167 1125 2192 e.
1146 2166 1182 2204 q.
1203 2165 1231 2192 s.
1282 2151 1462 2202 Denique
1483 2150 1606 2190 uerba
1626 2146 1800 2189 ‘cenabis

266 2213 431 2254 Rhodi':
468 2238 525 2243 --
567 2218 660 2254 ante
700 2227 801 2266 quae
838 2214 970 2265 posita
1010 2215 1125 2252 erant
1161 2213 1289 2252 ueluti
1325 2212 1422 2251 haec
1459 2223 1546 2251 cwm
1581 2222 1697 2250 mane
1726 2209 1800 2248 sol-

265 2277 372 2315 ueris
406 2297 455 2302 -—
491 2276 679 2314 uidentur
702 2275 878 2314 indicare
903 2286 982 2312 non
1007 2273 1119 2325 longi
1145 2273 1268 2324 spatii
1292 2273 1381 2321 iter,
1412 2271 1529 2322 quale
1561 2271 1620 2309 est
1645 2269 1799 2308 dierum

266 2335 323 2373 IV
355 2330 536 2388 (Diodor.
561 2335 624 2374 III
651 2336 719 2384 34,
748 2329 791 2388 7)
818 2335 923 2373 inter
946 2333 1231 2372 Alexandriam
1256 2334 1296 2370 et
1319 2331 1518 2380 Rhodum,
1549 2329 1616 2369 sed
1640 2329 1799 2368 breuius

267 2395 466 2444 quoddam
503 2395 629 2434 ueluti
665 2394 784 2433 unius
821 2394 917 2442 diei,
956 2393 1073 2443 quale
1109 2394 1214 2431 inter
1245 2391 1402 2431 Cretam
1440 2391 1500 2429 est
1530 2391 1570 2428 et
1599 2388 1799 2427 Rhodum:

266 2455 335 2493 ubi
365 2467 505 2494 reuera
536 2467 619 2493 esse
650 2467 759 2493 mare
791 2453 1049 2504 Carpathium
1082 2465 1106 2491 a
1138 2452 1332 2491 Strabone
1363 2450 1441 2488 dici
1469 2461 1590 2499 supra
1613 2438 1797 2487 uidimus.

266 2515 407 2564 Itaque
439 2527 529 2553 cum
562 2514 698 2553 Cicero
729 2514 777 2552 de
807 2526 889 2563 rep.
909 2512 967 2550 VI
994 2514 1046 2550 11
1079 2512 1211 2550 uerbis
1244 2508 1350 2549 ‘cum
1378 2508 1614 2547 ..obieris
1643 2498 1798 2559 legatus

266 2574 497 2626 Aegyptum
541 2574 698 2624 Syriam
741 2573 880 2611 Asiam
923 2569 1144 2611 Graeciam'
1197 2570 1373 2609 ordinem
1407 2540 1575 2607 itineris
1616 2568 1797 2606 accurate

266 2634 453 2672 uideatur
488 2634 652 2683 referre,
689 2633 916 2683 Scipionem
952 2633 1126 2682 primum
1156 2630 1355 2679 Rhodum,
1391 2630 1478 2667 tum
1514 2626 1799 2666 Alexandriam

222 2724 227 2728 .
267 2695 306 2731 et
336 2693 566 2744 Aegyptum
592 2663 732 2731 deinde
758 2692 946 2742 Cyprum,
972 2690 1140 2741 Syriam,
1166 2689 1442 2740 Babyloniam,
1466 2687 1703 2738 Pergamum
1727 2686 1799 2724 aut

266 2752 438 2802 petiisse,
464 2755 535 2791 aut
553 2755 686 2802 petere
709 2752 893 2801 uoluisse,
913 2752 1112 2802 postremo
1132 2749 1350 2798 Graeciam,
1370 2749 1495 2786 satius
1515 2747 1591 2785 erit
1610 2747 1795 2785 statuere

268 2811 399 2850 Simili
428 2813 545 2850 modo
577 2812 618 2850 P.
638 2811 792 2850 Annius
824 2811 964 2850 Florus
992 2805 1047 2863 (p.
1071 2809 1284 2848 184.185
1311 2800 1541 2859 Rossbach.)
1575 2807 1653 2844 iter
1683 2817 1796 2844 suum

267 2872 475 2922 descripsit
512 2868 704 2910 Primum
744 2870 922 2909 Siciliam
964 2869 1138 2908 nobilem
1181 2868 1282 2917 uidi,
1334 2866 1590 2905 domesticam
1634 2863 1797 2912 Cereris,

267 2931 476 2969 fecundam
513 2931 654 2969 deinde
691 2930 851 2979 Creten,
890 2924 1064 2979 patriam
1104 2929 1316 2975 Tonantis,
1347 2928 1387 2964 et
1423 2939 1446 2964 a
1483 2926 1607 2963 latere
1644 2924 1796 2962 uicinas

267 2989 460 3040 Cycladas
497 2991 681 3029 salutaui.
717 2989 809 3027 inde
845 3002 908 3027 me
939 2988 1097 3027 Rhodos
1127 2984 1157 3038 †
1189 2990 1229 3026 et
1269 2986 1318 3024 ab
1341 2997 1521 3036 regressu
1552 2983 1795 3035 Aegyptium

266 3049 443 3099 pelagus,
494 3051 540 3087 ut
583 3063 652 3088 ora
694 3049 778 3087 Nili
821 3048 995 3086 uiderem
1040 3049 1080 3085 et
1121 3046 1311 3097 populum
1355 3057 1508 3094 semper
1550 3044 1591 3081 in
1635 3041 1795 3092 templis
