2060 3444
802 302 870 338 VH
894 313 930 338 u.
958 306 1161 339 266-268,
1727 303 1809 344 101

259 429 413 458 uermes
451 418 530 457 orti
568 419 679 467 sunt,
717 418 750 456 si
789 418 904 456 iuxta
944 419 1055 466 sunt,
1096 417 1356 467 protrahendi
1395 417 1609 456 oriculario
1648 417 1812 467 specillo

259 479 354 518 sunt
373 508 381 516 .
404 509 410 516 .
433 508 440 516 .
462 477 761 528 cauendumque
780 490 829 516 ne
847 479 989 528 postea
1014 474 1258 517 nascantur'.
1290 477 1393 516 Plin.
1414 478 1496 516 nat.
1518 476 1610 517 hist.
1630 477 1702 516 XX
1724 478 1809 516 256

262 536 393 578 ‘sucus
407 539 448 578 et
461 537 623 577 auribus
637 537 859 577 instillatur
871 538 1188 587 uermiculosque
1200 536 1242 576 in
1257 537 1318 577 his
1335 534 1466 577 necat’
1483 532 1588 592 (259
1604 537 1740 576 XXIII
1755 538 1810 577 85

259 599 374 638 XXII
402 599 485 638 147
518 598 651 637 XXIV
679 598 733 638 18
767 597 942 637 XXVIII
971 594 1041 648 65)
1074 597 1147 636 XX
1176 598 1258 636 146
1295 595 1426 638 ‘sucus
1465 597 1629 638 auribus
1666 599 1811 637 uermi-

259 660 367 700 nosis
392 655 641 699 instillatur’.
687 659 812 705 Quem
837 657 1021 698 morbum
1047 671 1138 697 cum
1163 659 1389 710 grassatum
1416 671 1499 698 esse
1526 658 1634 709 apud
1658 660 1812 698 ueteres

259 721 455 771 appareat
485 718 608 758 Plinii
647 721 687 758 et
716 718 863 758 Lucilii
900 718 998 758 locis
1037 718 1299 769 comparatis,
1336 718 1430 758 inde
1470 719 1539 769 qui
1570 718 1723 758 factum
1758 719 1813 758 sit

258 782 304 819 ut
335 779 622 830 auriscalpium
652 777 876 832 ὠτογλυφίς
909 791 1010 829 quae
1036 777 1184 818 Graece
1216 778 1365 818 dicitur
1394 779 1437 817 in
1462 779 1745 819 uetustissimis
1773 780 1812 818 et

258 840 454 880 Italorum
487 842 528 879 et
558 839 820 879 barbarorum
851 840 1043 890 sepulcris
1080 839 1312 878 inueniatur
1348 839 1598 891 intellegitur
1630 834 1811 892 (Dresse-

258 902 336 941 lius
375 901 512 940 annali
549 899 613 939 del
648 900 837 940 instituto
876 899 918 938 di
955 912 1054 939 corr.
1082 899 1188 938 arch.
1218 900 1333 938 1884
1366 913 1403 950 p.
1432 900 1530 938 243.
1565 893 1690 952 244):
1733 913 1811 949 quo

259 961 307 1000 (16
344 962 610 1000 instrumento
641 960 840 999 Martialis
865 959 960 998 XIV
989 960 1042 998 23
1079 956 1128 998 ‘si
1167 959 1245 998 tibi
1282 972 1441 999 morosa
1478 960 1685 1011 prurigine
1723 973 1810 999 uer-

258 1021 388 1061 minat
419 1022 528 1062 auris
561 1033 672 1061 arma
704 1021 844 1060 damus
875 1021 1002 1060 tantis
1035 1022 1133 1071 apta
1163 1017 1413 1059 libidinibus'
1448 1019 1543 1059 conf
1570 1020 1667 1059 Hor.
1695 1021 1811 1071 epist.

259 1082 278 1120 1
306 1083 346 1131 2,
373 1082 440 1121 53.

380 1137 490 1182 267.
528 1141 683 1181 Nonius
721 1155 758 1192 p.
787 1142 892 1190 215,
926 1142 950 1180 3
997 1154 1043 1180 ex
1088 1142 1352 1193 grammatico
1395 1138 1541 1181 ‘Nasus
1585 1141 1808 1181 masculini.

257 1203 410 1252 neutri,
446 1202 625 1241 Lucilius
657 1201 725 1240 lib.
752 1201 830 1240 VII
870 1198 998 1250 “quos
1035 1201 1140 1241 oculi
1178 1214 1258 1241 non
1296 1203 1390 1241 sunt
1427 1214 1556 1252 neque
1594 1214 1735 1241 nasum
1777 1204 1811 1241 ct

258 1263 396 1312 qualia
426 1259 578 1302 sunt''.'
641 1262 733 1318 Non
766 1261 902 1314 agitur
933 1262 981 1301 de
1012 1262 1143 1301 bestia
1175 1263 1305 1312 qualis
1341 1264 1402 1301 est
1437 1262 1656 1301 lumbricus
1688 1255 1808 1315 (Plin.

200 1326 208 1328 “
257 1324 339 1363 nat.
365 1323 457 1363 hist.
484 1323 541 1362 XI
570 1317 675 1376 140)
714 1321 783 1361 sed
820 1322 868 1362 de
907 1324 1150 1373 amatorum,
1195 1322 1265 1373 qui
1301 1322 1535 1373 turpissimo
1574 1335 1732 1373 quoque
1770 1324 1811 1361 et

257 1383 461 1422 immundo
499 1383 631 1422 scorto
670 1383 847 1424 contenti
886 1384 980 1423 sunt
1020 1380 1276 1437 ἀναισθησίᾳ.
1345 1382 1514 1422 Dixerat
1556 1383 1809 1422 aduersarius

259 1441 319 1483 ‘at
350 1456 468 1494 saepe
499 1443 729 1482 immundae
761 1444 802 1482 et
825 1444 998 1483 rusticae
1024 1444 1244 1482 meretricis
1269 1443 1449 1482 membra
1474 1443 1676 1482 delectant
1701 1456 1808 1482 ama-

255 1501 391 1544 tores'.
442 1504 672 1554 Respondet
695 1503 873 1554 Phrynes
906 1504 1104 1554 discipula
1131 1500 1282 1550 ‘Quos‘?
1323 1503 1428 1543 oculi
1456 1516 1536 1542 non
1563 1505 1656 1543 sunt
1680 1516 1809 1554 neque

256 1563 425 1604 nasum?
452 1566 492 1602 et
518 1563 655 1614 qualia
680 1561 806 1603 suntl'
841 1565 937 1603 conf
957 1557 1025 1603 lib.
1052 1564 1227 1603 XXVIII
1245 1578 1283 1602 u.
1308 1564 1391 1602 798
1421 1561 1618 1614 ‘quaeque
1645 1565 1809 1614 aspectu

258 1626 352 1664 sunt
376 1637 520 1676 spurca
544 1625 585 1663 et
610 1621 744 1663 odore'
773 1620 859 1678 (lib.
886 1624 996 1663 XXX
1015 1638 1052 1662 u.
1077 1618 1212 1678 1067)
1239 1626 1280 1662 et
1303 1624 1478 1663 Martial.
1498 1624 1562 1662 HI
1583 1624 1607 1662 8
1637 1621 1809 1662 ‘Thaida

257 1684 429 1731 Quintus
468 1686 588 1724 amat.
646 1684 775 1730 Quam
814 1682 996 1723 Thaida?
1047 1683 1203 1723 Thaida
1244 1685 1407 1723 luscam.
1470 1683 1606 1722 Vnum
1649 1685 1809 1723 oculum

258 1745 379 1784 Thais
394 1758 475 1784 non
486 1744 619 1794 habet,
632 1745 701 1783 ille
714 1741 842 1784 duos'.
876 1741 1030 1795 ‘qualia
1042 1741 1149 1784 sunt’
1166 1745 1403 1784 exclamatio
1417 1745 1464 1783 ut
1477 1743 1633 1784 Lucret.
1647 1744 1706 1783 IV
1721 1745 1808 1784 120

261 1802 473 1856 ‘quantula
504 1801 629 1844 suntl'

382 1860 493 1905 268.
525 1864 679 1903 Nonius
705 1878 742 1915 p.
765 1866 864 1914 200,
893 1865 946 1904 16
976 1861 1127 1904 ‘Collus
1152 1864 1373 1905 masculino
1402 1895 1408 1902 .
1431 1897 1438 1904 .
1461 1895 1469 1903 .
1495 1864 1673 1904 Lucilius
1699 1866 1807 1915 saty-

257 1938 394 1964 rarum
425 1925 492 1964 lib.
519 1925 598 1963 VII
631 1921 816 1964 “caldais
840 1937 942 1964 seme
969 1920 1047 1979 (ita
1071 1925 1276 1965 Leidensis
1302 1939 1353 1963 m.
1383 1927 1404 1964 1
1435 1925 1656 1964 caldissz'mc
1680 1939 1730 1963 m.
1761 1919 1807 1978 2)

261 1999 306 2025 ac
337 1986 435 2025 bene
461 1986 600 2034 plenaz’
630 1986 845 2024 iasolorum
876 1987 998 2036 atque
1030 1987 1181 2025 anseris
1220 1981 1406 2025 collus''.'
1470 1985 1678 2025 Vocabula
1716 1986 1808 2024 bene

250 2047 373 2095 plena
403 2058 520 2085 nemo
553 2047 707 2085 euertet
737 2058 826 2084 cum
858 2046 965 2096 apud
996 2046 1229 2086 Lucretium
1254 2046 1416 2097 legatur
1439 2045 1477 2082 V
1506 2046 1589 2085 708
1619 2042 1808 2095 ‘donique

258 2120 349 2145 eum
381 2108 520 2145 contra
550 2106 669 2156 pleno
700 2105 799 2145 bene
830 2106 982 2145 lumine
1013 2103 1157 2156 fulsit’,
1195 2104 1332 2145 Ouidii
1362 2118 1502 2145 uersus
1529 2118 1562 2144 a.
1591 2118 1625 2144 a.
1651 2106 1693 2144 Π
1721 2106 1802 2144 661

259 2163 338 2206 ‘dic
362 2165 550 2216 habilem,
582 2179 855 2217 quaecumque
880 2167 1026 2216 breuis,
1052 2180 1154 2217 quae
1178 2166 1354 2218 turgida,
1379 2162 1570 2216 plenam’‚
1596 2167 1636 2204 et
1660 2166 1805 2205 remed.

258 2240 333 2265 am.
363 2227 447 2266 327
483 2223 672 2278 ‘turgida,
704 2227 739 2265 si
763 2227 884 2277 plena
911 2228 981 2277 est,
1008 2227 1042 2265 si
1067 2228 1180 2266 fusca
1207 2229 1278 2276 est,
1309 2228 1427 2277 nigra
1452 2223 1632 2265 uocetur'
1659 2227 1806 2265 testen-

258 2288 326 2326 tur
343 2287 467 2336 plena
492 2286 732 2325 uocabulum
758 2286 809 2325 ad
834 2287 1014 2326 mulieris
1040 2299 1183 2338 corpus
1210 2288 1303 2338 apte
1327 2299 1443 2338 posse
1470 2286 1622 2325 referri.
1665 2286 1806 2337 Neque

257 2348 407 2386 olorwm
434 2359 579 2385 nomen
604 2347 629 2384 i.
651 2360 682 2386 e.
708 2346 869 2386 κύκνων
895 2347 1199 2400 δουλιχοδείρων
1227 2342 1362 2401 (Hom.
1383 2347 1417 2385 B
1439 2341 1546 2399 460)
1572 2347 1805 2386 mendosum

258 2419 342 2446 esse
374 2406 612 2446 credendum
644 2407 704 2445 est
733 2420 858 2457 prope
890 2409 1044 2447 anseris
1083 2407 1204 2447 collus
1240 2408 1436 2458 positum,
1475 2420 1565 2446 cum
1604 2408 1726 2446 etiam
1762 2407 1805 2445 in

257 2465 397 2505 Iliadis
435 2479 555 2506 uersu
587 2479 616 2506 3.
650 2479 678 2506 s.
711 2472 845 2519 χηνῶν
881 2465 948 2507 καὶ
984 2466 1163 2521 γεράνων
1199 2465 1266 2506 καὶ
1303 2466 1465 2507 κύκνων
1502 2466 1806 2519 δουλιχοδείρων

258 2539 340 2565 una
382 2527 652 2566 memorentur
696 2539 854 2567 anseres
899 2530 939 2566 et
981 2528 1110 2567 olores
1158 2527 1206 2567 de
1250 2527 1395 2578 quibus
1441 2526 1577 2566 Cicero
1624 2527 1672 2566 (16
1721 2528 1804 2565 nat.

259 2586 364 2626 deor.
390 2586 432 2625 H
459 2588 541 2626 122
577 2584 695 2637 ‘quae
728 2589 862 2626 autem
894 2588 1040 2627 altiora
1071 2589 1182 2637 sunt,
1213 2589 1260 2627 ut
1291 2600 1468 2637 anseres,
1506 2588 1553 2626 ut
1584 2587 1721 2639 cygni,
1760 2589 1806 2625 ut

259 2659 388 2697 grues,
413 2648 459 2685 ut
483 2647 638 2696 cameli,
663 2646 909 2687 adiuuantur
933 2649 1175 2698 proceritate
1201 2644 1422 2688 collorum'.
1469 2647 1610 2697 Neque
1635 2647 1804 2698 pluralis

259 2720 349 2746 cum
374 2707 572 2758 singulari
596 2720 761 2746 numero
786 2720 858 2747 nos
884 2707 1057 2748 offendet
1083 2709 1343 2748 consociatio:
1375 2707 1471 2747 conf
1491 2707 1609 2747 indic.
1635 2719 1803 2759 gramm.

260 2778 289 2805 3.
316 2780 352 2804 11.
386 2767 612 2818 singularis.
663 2766 790 2807 Docet
820 2768 965 2807 mulier
993 2768 1041 2807 de
1065 2768 1297 2816 uirtutibus,
1329 2768 1472 2818 quibus
1498 2768 1602 2805 uitia
1627 2768 1804 2818 corporis

260 2828 580 2877 compensentur:
613 2826 731 2866 debet
761 2827 892 2867 calida
923 2840 1007 2867 6336
1039 2828 1172 2868 animo
1204 2829 1349 2867 mulier
1380 2828 1421 2866 et
1448 2827 1548 2866 bene
1574 2827 1694 2877 plena
1719 2839 1802 2866 eor-

259 2898 374 2936 pore,
411 2886 446 2925 si
476 2886 632 2926 olorum
664 2888 785 2937 atque
817 2888 967 2927 anseris
1005 2889 1107 2927 collo
1146 2889 1206 2927 est
1243 2886 1438 2938 praedita.
1502 2886 1618 2933 Quod
1653 2887 1804 2939 legitur

262 2959 325 2996 ap.
351 2944 555 2996 Aristoph.
583 2946 819 2998 Thesmoph.
851 2948 933 2986 735
967 2941 998 2986 ὦ
1030 2946 1270 2999 θερμόταται
1300 2949 1485 2999 γυναῖκες
1517 2940 1548 2986 ὦ
1577 2946 1803 2986 ποτίσταται

260 3005 463 3045 diuersum
495 3007 572 3045 est:
605 3007 734 3046 simile
764 3006 919 3057 aliquid
943 3007 1063 3047 schol.
1089 3007 1257 3058 Lysistr.
1288 3007 1370 3046 723
1399 3003 1456 3045 ετὸ
1484 3003 1624 3059 ὄρνεον
1649 3005 1802 3059 θερμὸν

260 3064 316 3116 εἰς
352 3063 588 3107 συνουσίαν’
627 3066 829 3107 Lucianus
863 3066 967 3108 Gall.
996 3069 1049 3107 17
1088 3067 1285 3107 Helenam
1328 3066 1518 3107 describit
1562 3061 1685 3106 (εἶδον
1727 3064 1802 3120 γὰρ
