2060 3444
312 252 370 293 64
902 249 953 285 111
977 261 1013 285 u.
1043 252 1242 287 130-1132.

309 376 450 415 parere
498 359 697 416 magistri'
742 362 895 403 Pallad.
922 362 980 402 IV
1009 364 1076 413 12,
1103 363 1128 402 2
1173 361 1222 403 de
1264 363 1411 403 bubus:
1463 361 1513 405 ‘si
1561 364 1688 405 nimia
1733 365 1858 404 fuerit

310 421 522 475 asperitas’
546 455 552 462 .
576 455 582 462 .
606 455 613 462 .
635 425 661 462 4
683 420 884 474 ‘asperum
902 423 1046 462 bouem
1065 425 1273 463 mansueto
1288 454 1297 463 .
1313 455 1320 463 .
1337 455 1344 462 .
1359 422 1604 477 coniungas’.
1639 424 1858 476 Comparat

310 486 431 535 poeta
462 496 581 535 eques
613 496 807 534 equorum
838 483 1137 523 amantissimus
1169 484 1210 522 et
1246 484 1512 534 peritissimus
1550 497 1693 536 copam
1730 497 1857 536 equae
1917 483 1919 486 ⁴
1974 477 1981 480 ’

310 544 531 584 indomitae
574 545 695 584 sicuti
737 544 924 583 similiter
966 543 1063 583 fecit
1102 542 1169 582 lib.
1196 543 1306 582 XXX
1330 558 1368 583 u.
1397 545 1508 584 1041
1527 558 1607 596 seq.
1652 544 1722 584 ubi
1764 544 1857 585 uide

313 617 415 655 quae
453 604 746 643 adnotauimus.
816 602 918 643 CAF
942 603 985 642 H
1014 617 1052 654 p.
1082 604 1181 653 285,
1208 603 1299 642 9K:
1342 602 1478 652 τελέως
1521 601 1556 657 μ’
1602 602 1787 658 ὑπῆλθεν
1828 601 1856 657 ἡ

310 663 528 717 κατάρατος
571 662 796 717 μαστροπός
838 662 1097 716 ἐπομνύουσα
1139 661 1212 703 τὰν
1253 662 1393 718 Κόραν
1434 662 1507 704 τὰν
1540 661 1743 719 Ἄρτεμιν,
1783 663 1858 705 τὰν

315 722 595 777 Φερρέφατταν
619 722 674 772 ὡς
698 723 880 776 δάμαλις,
905 721 959 772 ὡς
983 721 1200 778 παρθένος,
1226 720 1280 771 ὡς
1304 726 1436 772 πῶλος
1461 722 1591 777 ἀδμής
1616 726 1657 764 et
1683 726 1856 777 interpp.

313 785 363 824 ad
400 785 495 824 Hor.
529 797 648 824 carm.
675 784 695 823 Ι
723 785 777 824 23
806 784 848 823 11
874 785 911 823 5.
974 784 1167 835 Praecox,
1217 786 1264 823 ut
1308 782 1440 836 ὅμφαξ
1478 784 1550 823 ΑΡ
1573 785 1611 823 V
1639 787 1708 836 19,
1734 785 1773 825 8.
1799 806 1855 812 —

312 844 579 884 Praecedebat
608 847 653 884 ut
676 856 785 894 equa.

437 899 546 945 131.
579 903 782 944 Charisius
814 903 884 943 GL
909 904 930 943 I
960 918 998 956 p.
1028 905 1096 955 72,
1122 903 1207 943 GK.
1271 900 1460 956 ‘Lignum
1490 905 1748 957 singulariter
1778 904 1858 944 dici

312 978 467 1016 semper
497 964 615 1004 debet
644 966 686 1004 in
718 963 986 1004 multitudine.
1037 963 1138 1004 Cato
1169 963 1380 1016 Originum
1398 965 1419 1004 I
1439 995 1447 1004 .
1469 995 1478 1004 .
1499 996 1507 1004 .
1527 964 1705 1005 Lucilius
1723 964 1787 1004 111
1800 995 1809 1005 .
1824 995 1856 1004 ..

312 1025 418 1064 idem
448 1026 491 1064 in
523 1025 661 1064 eodem
692 1025 805 1076 ligna
833 1024 1047 1076 pluraliter
1077 1024 1176 1064 dicit
1213 1021 1400 1064 “nudent
1434 1024 1477 1063 hi
1513 1025 1626 1077 ligna
1661 1021 1855 1065 uidete”.’

314 1085 532 1137 Vulgatam
563 1086 776 1125 lectionem
809 1081 988 1134 ‘student
1016 1085 1061 1124 hi
1090 1085 1203 1137 ligna
1233 1081 1384 1124 uidere’
1412 1097 1534 1136 quam
1557 1086 1708 1136 recepit
1731 1084 1857 1125 Lach-

314 1158 482 1185 mannus
513 1158 592 1184 non
625 1145 890 1196 repudiarem,
921 1146 956 1185 si
986 1145 1108 1185 codex
1139 1157 1218 1184 non
1249 1144 1415 1185 haberet
1445 1145 1547 1185 illud
1570 1145 1707 1185 uidete.
1752 1144 1859 1185 Nam

313 1205 552 1245 uocabulum
595 1206 731 1245 uidere
773 1205 931 1257 egregie
974 1205 1203 1256 appositum
1246 1206 1307 1245 est
1349 1205 1400 1244 ad
1450 1217 1568 1245 cenae
1618 1206 1857 1256 apparatum

314 1265 632 1305 describendum:
684 1264 761 1304 Cic.
795 1266 880 1305 Att.
914 1265 950 1302 V
986 1268 1005 1304 1
1018 1295 1029 1315 ,
1061 1266 1087 1304 3
1147 1262 1208 1304 ‘ut
1261 1265 1476 1316 prandium
1524 1264 1639 1305 nobis
1685 1261 1856 1305 uideret'

313 1326 471 1366 Tuscul.
491 1325 554 1364 111
573 1326 629 1364 46
653 1322 844 1377 ‘potionis
864 1325 1017 1376 aliquid
1035 1325 1243 1365 uideamus
1262 1326 1304 1364 et
1322 1322 1415 1364 cibi'
1437 1325 1594 1365 Terent.
1613 1325 1757 1365 Heaut.
1769 1325 1856 1364 459

315 1383 442 1425 ‘aliud
477 1385 606 1424 lenius
646 1385 759 1425 sodes
803 1382 909 1425 uide'
955 1380 1132 1440 (uinum)
1177 1398 1295 1436 quem
1337 1397 1453 1424 usum
1496 1385 1682 1425 uocabuli
1723 1385 1859 1425 uidere

314 1447 537 1497 agnoscunt
567 1445 607 1484 in
645 1445 807 1485 traditis
845 1445 953 1496 apud
983 1445 1123 1485 Horat.
1156 1457 1276 1484 carm.
1301 1445 1322 1484 Ι
1349 1446 1418 1495 20,
1446 1446 1501 1485 10
1531 1445 1600 1484 ubi
1631 1444 1724 1484 uide
1755 1457 1858 1496 quae

317 1506 504 1545 Hertzius
549 1506 772 1545 adnotauit.
841 1505 991 1545 Tamen
1034 1506 1163 1545 uidete
1204 1505 1344 1555 codex,
1386 1516 1524 1545 uersus
1568 1504 1705 1545 durior
1745 1504 1860 1545 breui

314 1565 471 1617 syllaba
517 1568 610 1605 ante
652 1566 809 1606 student
850 1566 1023 1605 tolerata
1065 1563 1178 1619 (uide
1221 1564 1289 1605 lib.
1315 1565 1373 1604 IX
1408 1578 1446 1604 u.
1483 1566 1568 1604 375
1605 1565 1650 1605 L.
1676 1565 1859 1605 Muelleri

314 1626 350 1665 d.
383 1640 413 1665 r.
445 1620 517 1665 ιιι.ι
546 1639 585 1677 p.
614 1621 739 1679 386):
788 1638 912 1677 quare
962 1625 1248 1665 Buechelemm
1294 1625 1394 1665 Mus.
1436 1625 1560 1664 Rhen.
1596 1624 1709 1665 XLH
1742 1625 1856 1665 1887

314 1700 351 1737 p.
379 1687 465 1725 473
498 1687 630 1725 locum
654 1685 882 1726 emendasse
907 1685 1082 1725 arbitror
1106 1686 1177 1736 qui
1202 1687 1409 1737 comparat
1432 1684 1529 1724 Hor.
1555 1697 1669 1725 serm.
1694 1685 1716 1724 I
1741 1685 1781 1735 5,
1800 1685 1856 1724 46

316 1744 474 1785 ‘uillula
504 1748 655 1786 tectum
686 1746 873 1798 praebuit
903 1748 945 1786 et
974 1746 1140 1797 parochi
1171 1758 1273 1797 quae
1307 1744 1454 1785 debent
1488 1745 1600 1798 ligna
1636 1741 1856 1796 salemque’

315 1805 395 1846 Cic.
421 1806 508 1847 Att.
534 1806 570 1844 V
599 1808 667 1856 16,
693 1807 719 1846 3
754 1803 871 1846 ‘scito
902 1818 981 1846 non
1013 1806 1130 1846 modo
1160 1817 1233 1846 nos
1264 1806 1424 1845 faenum
1461 1807 1533 1844 aut
1569 1805 1675 1856 quod
1712 1818 1734 1845 e
1770 1805 1859 1857 lege

314 1866 420 1906 Iulia
450 1866 540 1906 dari
570 1867 673 1906 solet
704 1879 784 1906 non
815 1867 1007 1918 accipere,
1037 1866 1105 1906 sed
1136 1879 1185 1906 ne
1215 1866 1328 1917 ligna
1358 1862 1546 1917 quidem'.

439 1921 548 1966 132.
580 1926 735 1966 Nonius
767 1940 805 1977 p.
834 1928 932 1976 216,
959 1928 983 1966 5
1025 1923 1185 1966 ‘Ostrea
1222 1925 1377 1977 generis
1417 1924 1610 1965 feminini.
1678 1923 1858 1965 Lucilius

315 1989 544 2038 satyrarum
574 1986 643 2026 lib.
668 1986 731 2025 HI
764 1983 930 2026 “ostrea
962 2017 969 2024 .
997 2017 1006 2025 .
1034 2017 1041 2024 .
1074 1982 1282 2038 peloris’'.'
1346 1984 1631 2025 Gradationem
1662 1984 1703 2024 in
1739 1996 1858 2024 uersu

315 2046 612 2098 elegantissime
643 2047 864 2097 composito
895 2047 1024 2087 inesse
1055 2047 1182 2097 patet,
1212 2045 1356 2096 incipit
1387 2057 1412 2084 a
1441 2045 1740 2096 pretiosissimis
1766 2057 1856 2084 con-

316 2106 471 2157 chyliis,
502 2107 585 2145 exit
614 2107 657 2145 in
691 2106 932 2146 uilissimum
963 2118 1105 2159 genus:
1137 2106 1232 2145 conf
1252 2105 1426 2145 Martial.
1452 2104 1511 2144 VI
1539 2106 1607 2155 11,
1633 2105 1658 2144 5
1692 2101 1756 2144 ‘tu
1779 2103 1858 2143 Lu-

316 2167 428 2205 crina
457 2178 589 2216 uoras,
618 2179 682 2205 me
712 2166 844 2217 pascit
869 2178 1020 2217 aquosa
1045 2162 1207 2217 peloris’
1234 2165 1270 2204 X
1297 2166 1366 2215 37,
1393 2165 1418 2204 5
1453 2161 1533 2204 ‘An
1553 2195 1561 2204 .
1583 2195 1591 2203 .
1613 2195 1622 2204 .
1641 2165 1768 2204 satius
1787 2194 1796 2203 .
1818 2193 1826 2203 .
1848 2195 1856 2204 .

316 2226 444 2266 credis
463 2257 472 2266 .
494 2257 501 2265 .
523 2257 532 2265 .
552 2227 708 2266 fatuam
733 2238 888 2266 summa
914 2238 1056 2266 cenare
1081 2225 1260 2278 pelorida
1284 2238 1422 2266 mensa
1447 2255 1457 2265 .
1478 2255 1486 2263 .
1509 2247 1516 2264 -.
1542 2226 1675 2265 ostrea
1693 2223 1858 2264 Baianis

316 2299 438 2338 quam
468 2299 546 2326 non
579 2286 750 2327 liuentia
783 2286 898 2326 testis
925 2317 933 2325 .
955 2318 963 2326 .
984 2283 1042 2326 .?’
1076 2281 1240 2341 (Athen.
1266 2285 1288 2325 Ι
1317 2299 1355 2336 p.
1382 2284 1452 2325 40
1481 2284 1659 2337 Alciphr.
1684 2284 1706 2324 I
1733 2285 1772 2335 2,
1798 2279 1857 2339 2).

315 2346 449 2386 Media
480 2349 540 2387 est
557 2359 746 2396 purpura
771 2360 875 2398 quae
900 2345 1051 2386 Graece
1075 2345 1265 2399 πορφύρα
1288 2347 1458 2386 uocatur
1481 2346 1548 2384 uel
1570 2346 1733 2395 pelayia
1755 2345 1859 2385 teste

316 2407 447 2447 Plinio
478 2409 560 2446 nat.
592 2406 685 2446 hist.
710 2407 768 2446 IX
796 2408 878 2446 131
913 2406 983 2458 qui
1007 2418 1206 2458 purpuras
1232 2418 1257 2444 a
1280 2405 1442 2455 murice,
1472 2405 1542 2456 qui
1566 2404 1710 2445 Latine
1735 2405 1859 2444 etiam

316 2466 518 2517 bucinum,
543 2465 692 2506 Graece
719 2465 846 2521 κήρυξ
878 2466 1036 2517 dicitur,
1061 2466 1275 2518 distinguit
1299 2460 1344 2519 (1.
1370 2477 1400 2504 s.
1429 2465 1525 2504 125.
1555 2459 1671 2519 130).
1720 2463 1858 2504 Latini

316 2529 460 2578 poetae
491 2526 615 2567 simili
644 2526 763 2566 modo
794 2540 875 2567 non
905 2526 1096 2566 uidentur
1132 2525 1375 2566 distinxisse:
1414 2537 1510 2564 nam
1546 2526 1683 2576 aperte
1720 2523 1858 2578 eadem

315 2587 397 2626 tria
426 2587 525 2626 haec
555 2599 702 2639 genera
733 2586 1032 2637 conchyliorum
1065 2587 1273 2626 enumerat
1302 2585 1496 2625 Horatius
1527 2596 1641 2624 serm.
1666 2584 1709 2624 Π
1734 2585 1774 2634 4,
1800 2585 1855 2624 32

318 2644 483 2686 ‘murice
512 2646 668 2686 Baiano
698 2646 840 2686 melior
869 2645 1044 2686 Lucrina
1073 2645 1239 2697 peloris,
1275 2646 1408 2686 ostrea
1439 2641 1601 2685 Circeis'
1638 2643 1709 2684 ubi
1745 2643 1856 2684 scho-

316 2707 438 2747 liasta
467 2702 637 2759 murice]
671 2703 739 2762 ‘1135
761 2706 972 2762 πορφυρίῳ
997 2701 1186 2761 (Aristot.
1212 2706 1305 2745 hist.
1332 2718 1395 2745 an.
1419 2704 1458 2742 V
1485 2705 1539 2744 15
1565 2717 1603 2755 p.
1631 2703 1752 2744 546b
1779 2698 1856 2758 32)

318 2767 425 2818 quod
465 2765 572 2819 apud
613 2767 735 2806 Baias
777 2763 981 2807 nascitur'.
1056 2766 1274 2806 Absfinent
1316 2765 1422 2804 enim
1464 2765 1678 2816 scriptores
1719 2762 1857 2803 Latini

316 2829 476 2878 praeter
516 2826 693 2866 Ennium
735 2821 978 2881 (heduphag.
1011 2827 1068 2866 44
1080 2821 1138 2880 V)
1209 2825 1409 2865 Lucilium
1452 2824 1628 2864 Plinium
1669 2834 1857 2874 purpura

317 2887 490 2926 conchae
520 2886 680 2926 nomine
710 2888 875 2938 propter
901 2886 1219 2939 ambiguitatem.
1268 2885 1328 2924 De
1352 2886 1500 2925 murice
1522 2884 1618 2923 uide
1642 2884 1694 2923 ad
1717 2883 1855 2922 incert.

317 2960 355 2984 u.
385 2947 510 2986 1210.
570 2946 722 2985 Petam
751 2960 773 2986 e
805 2945 958 2986 Graeca
986 2947 1128 2998 lingua
1157 2946 1321 2985 ductum
1352 2957 1436 2984 esse
1466 2944 1596 2983 Varro
1627 2945 1767 2983 auctor
1795 2943 1858 2982 est

319 3006 366 3045 de
396 3007 423 3045 l.
449 3005 536 3044 Lat.
563 3005 600 3043 V
629 3007 696 3056 77,
733 3006 893 3046 dubitat
929 3006 978 3045 de
1015 3006 1259 3058 etymologia
1295 3004 1437 3044 Pollux
1461 3003 1520 3042 VI
1546 3004 1620 3054 63,
1656 3001 1857 3042 Nicander
