2060 3444
0 0 13 154 ⁷„wu

402 288 555 325 XXVIII
580 291 648 325 aut
672 288 791 325 XXIX
817 301 852 324 ιι.
880 293 960 325 942.
1012 288 1301 325 XXVI—XXIX
1327 301 1361 325 u.
1390 293 1592 326 944—946.
1699 289 1788 333 309

242 416 345 443 nom.
372 403 463 443 dub.
489 415 576 456 gen.
603 416 640 443 u.
659 399 820 442 nasusm'
841 396 929 457 (GL
949 402 987 441 V
1013 416 1050 454 p.
1073 403 1172 452 584,
1194 404 1248 442 24
1264 402 1317 442 K:
1344 404 1439 442 conf
1456 403 1524 442 lib.
1544 403 1623 442 VH
1643 417 1680 442 u.
1703 405 1786 443 267

242 463 356 503 XXII
381 477 419 502 u.
447 463 531 503 582
558 463 697 502 incert.
723 476 760 501 u.
790 457 907 517 935).
971 461 1102 509 Quare
1133 463 1236 502 nihil
1270 463 1517 513 probabilius
1536 497 1539 500 .
1557 477 1678 514 quam
1710 463 1787 503 Lu-

241 523 324 563 cilii
362 535 446 563 esse
483 523 606 563 uerba
642 522 738 572 illa,
776 522 846 562 sed
890 524 1088 574 corrupta.
1159 522 1418 562 Scribendum
1462 525 1524 563 est
1566 524 1788 563 deductim.-

240 584 327 623 Ael.
359 583 562 634 Lamprid.
594 583 780 622 Diadum.
810 584 854 632 3,
885 584 909 621 2
957 580 1073 634 ‘puer
1115 583 1195 622 fuit
1238 585 1415 622 omnium
1459 583 1789 634 speciosissimus,

241 643 685 695 statura'longiuscula,
711 643 818 683 crine
841 643 958 692 flauo,
984 644 1110 695 nigris
1137 643 1274 693 oculis,
1300 655 1398 683 naso
1418 641 1602 684 deducto’
1626 643 1787 684 Sueton.

239 705 410 756 August.
439 705 493 743 79
509 705 605 743 extr.
639 700 796 743 ‘nasum
828 704 869 743 et
900 717 924 743 a
955 715 1111 743 summo
1143 705 1446 743 eminentiorem
1473 706 1515 743 et
1539 704 1589 743 ab
1616 704 1696 743 imo
1723 705 1787 744 de-

239 761 473 804 ductiorem'
502 758 909 818 (Imhoof-Blumerus
933 763 1264 814 Portraetkoepfe
1289 765 1365 803 auf
1384 777 1505 804 roem.
1531 765 1723 804 Muenzen
1750 765 1786 804 d.

238 825 335 875 Rep.
360 838 398 863 u.
425 824 646 864 Kaiserzeit
670 823 718 862 ed
743 823 785 863 H
808 823 916 875 Lips.
947 824 1059 863 1892
1087 823 1168 863 tab.
1195 823 1214 862 Ι
1243 818 1300 878 7).
1362 824 1546 864 Deducto
1580 837 1679 865 naso
1717 827 1788 876 qui

238 885 405 936 pulcher
433 885 605 924 habetur
636 885 860 924 contrarius
892 886 953 924 est
982 897 1105 924 nasus
1135 884 1291 935 pandus
1320 885 1386 924 uel
1410 886 1583 924 rostrum
1609 885 1787 936 pandum

240 945 402 996 qualem
432 945 583 984 habent
608 944 786 995 delphini
813 946 854 983 et
878 945 969 995 apri
994 939 1130 998 (Ouid.
1156 946 1316 984 metam.
1342 945 1406 984 HI
1432 946 1518 984 674
1546 942 1637 985 ‘lati
1661 947 1787 985 rictus

238 1006 280 1044 et
314 1005 451 1056 panda
486 1005 669 1055 loquenti
706 1005 814 1044 naris
852 1001 952 1044 erat'
986 1005 1022 1043 X
1050 1006 1133 1044 713
1176 1002 1366 1044 ‘excussit
1409 1005 1542 1056 pando
1585 1006 1787 1045 uenabula

237 1062 383 1105 rostro'
416 1065 508 1104 uide
546 1065 597 1104 ad
632 1064 699 1103 lib.
725 1064 763 1102 V
787 1078 825 1103 u.
854 1059 972 1119 212).
1034 1065 1200 1104 Pandus
1237 1065 1480 1104 uocabulum
1518 1066 1624 1116 quod
1663 1067 1785 1106 etiam

238 1125 450 1165 Vitruuius
476 1125 640 1164 adhibet
665 1137 711 1163 ex
736 1124 897 1178 uulgari
922 1138 1101 1164 sermone
1127 1127 1332 1176 sumptum
1350 1125 1392 1164 H
1420 1127 1457 1176 9,
1486 1127 1539 1165 12
1566 1141 1604 1177 p.
1627 1127 1695 1176 58,
1719 1128 1786 1177 13,

238 1188 332 1225 ante
369 1184 570 1225 Lucilium
610 1185 701 1235 quis
739 1186 1012 1236 usurpauerit,
1057 1187 1201 1225 nescio.
1268 1186 1437 1225 Numeri
1475 1188 1568 1226 sunt
1604 1187 1785 1226 iambicit

237 1245 360 1288 uerba
398 1242 555 1285 Snasum
592 1241 816 1285 deductius'
854 1246 1005 1284 exitum
1043 1246 1191 1285 senarii
1228 1245 1415 1285 exhibent
1450 1246 1631 1298 legitime
1674 1247 1784 1287 facti.

238 1302 395 1345 ‘nasum
425 1302 588 1345 reetius’
616 1305 794 1344 Lucilius
821 1304 923 1344 dixit
948 1305 1062 1344 XXII
1087 1319 1125 1344 u.
1153 1306 1250 1345 582.
1279 1328 1334 1332 —
1361 1308 1397 1346 si
1426 1307 1666 1348 inseruimus
1693 1309 1785 1359 post

229 1367 418 1416 paradius.
486 1366 655 1405 Insanus
693 1378 835 1416 essem,
881 1367 916 1405 si
953 1366 1099 1405 uellem
1137 1379 1184 1405 ea
1215 1379 1318 1416 quae
1350 1367 1498 1406 natura
1535 1367 1635 1406 mihi
1673 1368 1784 1407 dedit

234 1439 365 1478 neque
394 1428 564 1478 possunt
594 1427 753 1478 corrigi,
783 1427 945 1466 mutari.

811 1689 1209 1747 XXVI—XXIX.

356 1782 468 1828 944.
499 1787 729 1826 Priscianus
757 1786 824 1826 GL
850 1786 892 1826 H
915 1800 953 1838 p.
982 1787 1081 1836 379,
1110 1786 1216 1825 16Κ
1249 1783 1442 1826 ‘Lucilius
1476 1783 1533 1826 “a
1570 1799 1633 1826 me
1671 1788 1780 1826 auxi-

235 1848 358 1887 liatus
395 1849 432 1887 si
469 1843 554 1887 est„
598 1848 775 1898 passive,
819 1843 1075 1899 βοηθηθείς’.
1137 1846 1250 1886 Idem
1281 1861 1318 1898 p.
1347 1847 1446 1897 567,
1474 1848 1528 1886 17
1569 1844 1781 1897 ‘Auxili0r,

236 1906 470 1958 auxiliatus,
508 1906 720 1960 βοηθήσας
757 1905 823 1946 καὶ
861 1906 1100 1959 βοηθηθείς.
1168 1906 1346 1946 Lucilius
1386 1904 1426 1946 ‘a
1462 1920 1526 1946 me
1564 1908 1780 1949 auxiliatus

237 1964 297 2008 στ’.
347 1969 404 2008 sic
435 1970 476 2007 et
507 1967 728 2018 amplector
758 1967 964 2018 amplexus
1001 1964 1067 2006 καὶ
1098 1965 1349 2019 περιπλακεὶς
1380 1965 1446 2006 καὶ
1475 1964 1775 2020 περιπλεχθείς’.

235 2029 300 2068 Ita
331 2027 432 2070 codd
461 2027 584 2077 GLK,
621 2027 768 2078 reliqui
806 2028 999 2067 omittunt
1037 2030 1080 2066 et.
1143 2026 1421 2073 Quicheratius
1460 2041 1522 2078 ap.
1563 2027 1779 2078 Corpetum

235 2103 272 2140 p.
302 2089 385 2128 253
418 2090 500 2138 sset,
530 2089 606 2127 sies
637 2100 726 2127 nos:
759 2087 866 2138 quod
892 2089 926 2127 si
957 2100 1098 2126 uerum
1125 2089 1196 2133 est,
1227 2087 1525 2127 hemistichium
1552 2091 1623 2127 aut
1649 2090 1778 2176 septe—

235 2148 339 2188 narii
371 2151 442 2188 aut
473 2148 619 2188 senarii
652 2149 712 2187 est
742 2160 836 2198 pars
868 2149 960 2198 post
991 2160 1198 2187 caesuram
1228 2147 1463 2199 legitimam.

355 2203 466 2247 945.
498 2208 653 2248 Nonius
683 2222 729 2246 ex
754 2208 1017 2259 grammatico
1043 2221 1081 2258 p.
1110 2209 1207 2257 195,
1235 2209 1260 2246 4
1289 2204 1419 2246 ‘Gima
1443 2210 1598 2257 neutro,
1629 2210 1676 2247 ut
1699 2173 1777 2247 Lu-

235 2265 396 2307 cilius‘
402 2265 605 2319 ‘asparagi
635 2268 748 2307 molle
772 2271 829 2307 set
853 2262 941 2321 (sed
968 2262 1023 2321 G)
1050 2267 1164 2307 uirde
1190 2262 1266 2321 (ita
1289 2268 1396 2306 solus
1421 2268 1630 2308 Leidensis
1653 2281 1703 2307 m.
1733 2272 1780 2308 1.-

235 2328 364 2367 uiride
405 2322 564 2382 reliqui)
610 2324 745 2367 cima’'
752 2358 758 2365 .
821 2327 1012 2366 feminino
1053 2325 1258 2366 Cornelius
1297 2326 1451 2377 Celsus,
1495 2329 1570 2367 etsi
1612 2330 1778 2368 minons

235 2388 507 2437 auctoritatis,
550 2388 685 2438 posuit
723 2384 905 2426 “laetam
941 2387 1236 2438 formosamque
1275 2384 1492 2438 cymam'’.’
1564 2387 1719 2428 Codicis
1744 2389 1776 2427 L

234 2449 508 2487 testimonium
540 2449 612 2498 qui
647 2448 762 2487 uirde
798 2446 984 2486 exhibeat
1019 2446 1221 2486 noluimus
1259 2447 1485 2499 neglegere:
1524 2448 1669 2487 ardwm
1699 2448 1776 2487 Lu-

235 2507 350 2547 cilius
381 2507 450 2546 lib.
476 2507 630 2546 XXVH
653 2521 693 2546 u.
723 2508 820 2557 733,
850 2507 965 2547 uirde
996 2502 1169 2561 (uirdem
1200 2501 1292 2561 cod)
1331 2507 1462 2546 oleum
1495 2507 1580 2546 Cat.
1613 2508 1660 2546 de
1693 2521 1776 2560 agr.

235 2567 328 2607 cult.
359 2567 456 2616 145,
484 2569 508 2606 3
548 2580 665 2618 quem
703 2567 835 2606 locum
871 2566 1003 2606 adfert
1032 2567 1211 2606 Heraeus
1250 2567 1301 2606 ad
1331 2567 1513 2617 Append.
1545 2567 1662 2607 Prob.
1690 2570 1772 2607 201

237 2624 393 2666 ‘uiridis
430 2640 510 2666 non
540 2624 682 2666 uirdis’
718 2627 865 2667 archiu.
891 2627 1078 2678 lexicogr.
1103 2627 1192 2666 Lat.
1218 2627 1276 2666 XI
1304 2628 1419 2667 1900
1444 2641 1482 2678 p.
1511 2629 1613 2677 329,
1651 2630 1777 2667 reuir-

235 2688 387 2726 descent
429 2689 532 2726 auct.
567 2687 619 2726 ad
648 2687 742 2727 Her.
767 2687 826 2726 IV
853 2688 928 2736 34,
954 2687 1010 2726 45
1032 2689 1148 2726 extr.:
1192 2687 1287 2726 conf
1318 2686 1436 2727 indie.
1476 2700 1643 2738 gramm.
1676 2701 1705 2727 s.
1738 2702 1775 2727 u.
1811 2726 1818 2733 ,

234 2759 408 2796 syncope.
435 2768 494 2774 —
519 2759 634 2786 cuma
670 2748 817 2796 optima
853 2747 1080 2786 recensetur
1114 2748 1156 2785 in
1195 2747 1324 2786 edicto
1355 2747 1525 2786 Dioclet.
1543 2748 1591 2797 6,
1620 2750 1671 2787 11
1708 2748 1777 2787 ubi

235 2807 327 2846 uide
358 2806 587 2846 Bluemneri
619 2806 752 2846 adnot.
777 2820 815 2856 p.
843 2807 911 2856 84,
944 2805 1093 2845 Graece
1123 2806 1181 2845 ibi
1212 2806 1359 2846 dicitur
1389 2804 1564 2858 ὄρμενος.

355 2860 468 2907 946.
512 2866 666 2905 Nonius
710 2879 755 2904 ex
796 2865 1059 2917 grammatico
1097 2879 1134 2916 p.
1164 2867 1313 2915 17,15
1360 2863 1661 2916 ‘Mandueones,
1706 2868 1776 2917 qui

236 2925 423 2965 manduci
454 2925 552 2964 dicti
586 2927 679 2965 sunt
716 2927 756 2964 et
792 2925 1027 2974 mandones,
1065 2925 1214 2964 edaces.
1276 2925 1520 2976 Pomponius
1551 2926 1775 2966 Pictoribus

236 2980 341 3038 (112
356 2980 410 3039 R)
445 2982 646 3036 “Magnus
670 2984 887 3024 manducus
913 2985 1096 3024 camillus
1122 2981 1366 3024 canterius''.
1417 2985 1594 3024 Lucilius
1621 2982 1774 3036 “atque

236 3058 371 3084 omnes
408 3045 653 3084 mandonum
689 3042 853 3097 gulae”.
915 3044 1044 3084 Varro
1081 3045 1265 3084 Bimarco
1304 3039 1380 3099 (53
1396 3040 1449 3099 B)
1493 3042 1671 3097 “magna
1715 3044 1775 3086 uti
