2060 3444
288 270 318 312 4
992 269 1069 306 Iu.
1097 273 1130 306 8.

289 396 424 423 omnes
467 385 567 434 quot
609 383 776 423 aderant
818 383 870 423 ad
909 396 1049 433 unum,
1091 385 1163 423 aut
1198 396 1241 422 re
1279 396 1303 423 a
1332 382 1429 422 Ioue
1463 383 1591 423 relata
1620 385 1828 424 sententias

288 443 485 483 dicebant:
522 456 601 494 quo
638 444 746 482 facto
784 443 971 483 discessio
1002 444 1110 483 facta
1141 445 1212 483 est.
1266 443 1419 494 Nempe
1446 443 1629 482 Seruium
1660 445 1830 495 apparet

288 516 368 542 non
400 506 585 543 accurate
617 503 665 542 de
689 504 765 542 hac
790 515 831 542 re
856 504 1069 542 rettulisse.
1128 502 1271 543 Confer
1294 503 1539 554 reliquorum
1563 504 1829 554 satyricorum

288 563 437 602 similes
480 564 602 603 lusus.
676 563 724 602 In
769 563 941 602 Senecae
983 563 1148 603 deorum
1191 563 1359 603 concilio
1402 563 1444 602 di
1486 563 1655 602 audiunt
1691 566 1829 613 patres

287 625 495 672 conscripti
510 618 680 677 (apocol.
698 618 783 676 10),
796 625 955 672 primus
967 624 1230 673 interroyatur
1241 624 1470 662 sententiam
1483 623 1613 663 Ianus
1618 626 1736 672 pater
1748 617 1828 678 (9),
1870 630 1872 632 ’

290 683 494 734 proximus
525 683 741 733 Diespiter,
772 683 863 721 dein
888 683 1095 735 Augustus
1120 684 1359 722 sententiam
1389 682 1488 722 dicit
1513 682 1560 722 de
1587 682 1755 722 Claudio
1781 695 1829 722 ex

287 742 459 793 Olympo
509 742 704 782 eiciendo:
754 745 954 793 postremo
1006 739 1183 792 ‘pedibus
1232 744 1276 781 in
1317 743 1419 782 hanc
1459 744 1689 782 sententiam
1730 743 1830 782 itum

289 799 356 842 est'
380 797 488 856 (11).
538 802 659 853 Apud
683 802 902 853 Apuleium
932 807 1092 842 metam.
1111 802 1171 840 VI
1191 804 1246 841 23
1274 802 1366 841 deos
1391 801 1573 853 Iuppiter
1597 802 1830 852 adloquitur

288 859 381 902 ‘Dei
412 864 619 911 conscripti
649 863 867 902 Musarum
898 859 1014 911 azbo’,
1048 863 1101 902 32
1135 863 1178 901 in
1208 862 1410 901 latronum
1447 861 1615 901 concilio
1648 858 1830 902 ‘Talibus

288 922 400 962 dictis
430 934 511 962 non
534 922 705 972 pedibus
734 923 803 961 sed
833 924 922 962 tot-is
953 923 1099 962 animis
1123 923 1293 962 latrones
1322 923 1366 961 in
1394 923 1478 961 eius
1501 922 1657 961 uadunt
1679 924 1828 962 senten-

286 978 413 1032 tiam’,
450 982 559 1033 apud
596 982 841 1021 Martianum
874 981 1079 1033 Capellam
1109 981 1213 1021 libro
1244 981 1265 1021 Ι
1292 982 1347 1022 94
1379 995 1415 1032 p.
1439 982 1507 1031 26,
1534 982 1590 1021 20
1609 981 1642 1019 Ε
1680 980 1830 1021 similia

287 1043 385 1082 haee
416 1042 621 1094 leguntur.
655 1039 746 1081 ‘Sed
770 1045 980 1091 postquam
1006 1042 1187 1091 Iuppiter
1215 1043 1334 1090 finem
1365 1041 1547 1091 loquendi
1570 1042 1670 1091 fecit,
1701 1041 1829 1082 omnis

256 1131 258 1133 »
287 1102 449 1142 deorum
474 1105 632 1141 senatus
656 1103 701 1141 in
730 1103 969 1152 suffrayium
1000 1103 1213 1141 concitatur
1243 1102 1542 1150 adclamantque
1572 1102 1712 1147 cuncti,
1741 1102 1831 1150 fieri

280 1163 467 1212 protinus
522 1165 712 1211 oportere,
767 1162 1019 1211 adiciuntque
1071 1163 1282 1201 sententiae
1330 1161 1498 1211 Ionian,
1552 1163 1598 1199 ut
1650 1161 1829 1210 deinceps

286 1222 469 1262 mortales
494 1251 503 1260 .
525 1254 532 1261 .
554 1252 563 1260 .
599 1223 645 1261 in
687 1222 849 1261 deorum
890 1234 1098 1261 numerum
1144 1217 1379 1271 cooptentur'
1520 1220 1829 1272 saepissimeque

288 1282 439 1334 legitur
470 1282 631 1321 deorum
660 1284 821 1321 senatus
844 1275 907 1335 (Π
933 1282 987 1321 99
1014 1295 1052 1332 p.
1074 1282 1142 1331 27,
1170 1282 1226 1320 20
1245 1280 1287 1320 II
1308 1282 1393 1320 214
1419 1293 1457 1331 p.
1474 1282 1542 1330 51,
1569 1280 1672 1320 32E
1699 1275 1829 1335 alibi),

287 1342 395 1394 apud
432 1342 635 1381 Iulianum
672 1341 843 1392 denique
879 1342 923 1380 in
963 1341 1151 1382 conuiuio
1182 1340 1202 1379 Ι
1232 1354 1270 1392 p.
1292 1342 1398 1391 430,
1426 1341 1480 1379 14
1500 1339 1556 1379 H:
1587 1341 1754 1393 Σιωπῆς
1785 1336 1829 1380 δὲ

286 1399 504 1474 γενομένης
541 1400 686 1454 ἔφερον
723 1400 766 1441 οἱ
797 1399 888 1441 θεοὶ
925 1400 1056 1456 λάθρᾳ
1092 1399 1162 1449 τὰς
1192 1399 1362 1452 ψήφους
1393 1394 1451 1454 (p.
1473 1400 1572 1450 408,
1601 1401 1673 1439 17:
1708 1397 1776 1440 καὶ
1805 1396 1829 1441 ὅ

289 1459 360 1514 μὲν
389 1463 531 1514 Ερμῆς
562 1459 678 1513 ἠξίου
704 1459 829 1514 λέγειν
855 1459 1020 1501 ἕκαστον
1045 1458 1088 1500 ἐν
1113 1458 1220 1514 μέρει
1243 1458 1332 1512 περὶ
1356 1465 1436 1500 τῶν
1459 1458 1618 1511 ἑαυτοῦ,
1642 1462 1831 1500 τίθεσθαι

289 1519 330 1561 δὲ
362 1519 455 1569 τοὺς
494 1519 620 1569 θεοὺς
650 1519 723 1572 τὴν
753 1515 938 1574 ψῆφον);
975 1522 1071 1560 conf
1103 1520 1265 1560 Lucian.
1291 1520 1396 1560 deor.
1422 1532 1528 1559 conc.
1558 1522 1623 1560 19.
1685 1518 1829 1570 Itaque

288 1594 532 1632 quamquam
563 1581 626 1620 his
658 1580 848 1631 exemplis
880 1583 1035 1620 constet
1064 1581 1160 1631 quid
1190 1580 1320 1620 iocose
1344 1580 1486 1620 fecerit
1509 1578 1701 1630 Lucilius,
1733 1578 1830 1630 quid

287 1641 497 1694 indignum
540 1641 661 1681 heroo
705 1641 880 1681 carmine
923 1640 1112 1681 iudicarit
1148 1639 1332 1690 Seruius,
1370 1642 1504 1679 tamen
1540 1639 1665 1678 uerba
1697 1638 1830 1678 Seruii

287 1703 348 1741 ita
378 1703 473 1741 sunt
503 1703 752 1752 comparata,
790 1703 836 1740 ut
872 1701 933 1740 ita
962 1702 1147 1741 accurate
1178 1703 1225 1740 ut
1255 1700 1358 1740 ratio
1390 1699 1619 1750 expostulat
1647 1698 1831 1752 intellegi

288 1763 500 1812 nequeant.
569 1760 675 1808 Quid
719 1761 823 1800 enim
866 1762 1033 1800 interest
1075 1762 1181 1800 inter
1217 1771 1332 1811 apere
1371 1761 1412 1799 et
1448 1760 1657 1799 sententias
1692 1758 1829 1806 dicere,

287 1822 323 1862 si
353 1822 402 1862 de
433 1823 597 1862 senatus
622 1820 849 1861 imitatione
873 1820 1031 1860 tradere
1057 1820 1243 1860 Seruium
1274 1818 1490 1860 statueris?
1544 1818 1675 1866 Quare
1705 1830 1829 1869 quon-

287 1881 381 1922 dam
410 1881 602 1933 proposui
625 1884 719 1931 post
747 1883 792 1920 in
821 1883 1031 1920 sententias
1061 1880 1255 1921 discedere
1280 1879 1426 1920 studiis
1450 1878 1670 1919 Lucilianis
1700 1893 1738 1930 p.
1760 1879 1828 1919 58.

289 1941 361 1981 Sin
404 1942 602 1981 contionis
638 1941 828 1981 instituta
864 1940 906 1980 di
943 1940 1070 1980 secuti
1114 1942 1208 1980 sunt
1250 1942 1321 1980 aut
1363 1939 1542 1980 ordinem
1579 1939 1830 1989 iudiciorum,

287 2001 399 2042 nullo
429 2001 579 2053 poterit
610 2003 729 2052 pacto
761 2003 867 2040 stare
899 2000 1001 2040 illud
1024 2003 1117 2051 post
1139 2002 1350 2040 sententias
1375 2000 1520 2039 dicere:
1549 1997 1720 2039 debebat
1744 2009 1829 2039 esse

288 2064 360 2101 aut
394 2064 488 2111 post
528 2063 739 2101 sententias
780 2062 885 2110 ferre
928 2062 1000 2100 aut
1029 2063 1122 2110 post
1158 2061 1368 2101 sententias
1404 2060 1510 2099 dare.
1578 2058 1695 2098 Nunc
1731 2058 1828 2098 haec

289 2120 420 2161 Seruii
462 2120 586 2160 uerba
627 2122 733 2160 recte
777 2120 929 2160 tradita
972 2133 1055 2160 esse
1099 2120 1199 2160 duco
1243 2120 1312 2160 sed
1354 2121 1558 2159 auctorem
1586 2121 1636 2158 ut
1675 2118 1830 2158 adsolet

287 2194 430 2233 pamm
458 2180 675 2234 diligenter
698 2181 845 2220 referre
871 2180 919 2220 de
939 2180 1176 2220 Lucilianis:
1201 2192 1330 2231 neque
1355 2180 1461 2219 enim
1480 2177 1604 2218 uerba
1620 2179 1829 2218 sententias

287 2241 414 2281 dicere
456 2241 548 2281 tolli
590 2243 782 2292 poterunt
825 2241 858 2280 si
902 2240 1103 2280 constabit
1144 2240 1193 2279 de
1236 2240 1462 2280 imitatione
1504 2240 1666 2279 senatus
1707 2249 1829 2289 quam

287 2302 437 2341 factam
474 2313 558 2341 esse
589 2300 656 2339 lib.
676 2300 697 2339 I
728 2300 906 2340 omnium
936 2300 1300 2351 probabilissimum
1332 2311 1416 2340 esse
1447 2299 1625 2350 apparet.
1685 2297 1829 2349 Itaque

287 2363 460 2412 primum
490 2361 533 2399 in
563 2360 710 2400 Lucilii
739 2360 842 2400 libro
867 2360 888 2400 I
917 2360 1078 2400 rettulit
1107 2360 1204 2400 deus
1233 2359 1399 2411 quidam
1424 2359 1473 2399 de
1497 2358 1615 2403 rebus
1638 2357 1829 2398 Romanis

288 2422 454 2461 interitu
472 2420 577 2471 Lupi
596 2421 819 2461 seruandis:
844 2419 978 2472 rogati
997 2420 1236 2460 sententiam
1255 2419 1298 2458 di
1318 2422 1454 2470 patres
1479 2419 1665 2458 dixerunt
1681 2417 1828 2468 Apollo

288 2484 329 2520 et
340 2482 562 2532 Neptunus.
594 2480 800 2520 Postremo
819 2480 1032 2520 caelicolae
1050 2479 1218 2530 pedibus
1236 2481 1279 2518 in
1292 2479 1471 2530 Neptuni
1490 2477 1533 2518 ni
1548 2478 1730 2518 fallimur
1742 2489 1828 2518 sen-

287 2541 458 2580 tentiam
489 2540 711 2580 discessere.
760 2540 920 2580 Seruius
951 2540 1079 2592 igitur
1108 2539 1384 2579 tantummodo
1415 2540 1572 2590 partem
1603 2538 1830 2590 argumenti

287 2601 382 2640 libri
394 2600 416 2639 Ι
434 2600 582 2639 Lucilii
600 2600 814 2640 enarrauit.
848 2600 1099 2651 Quamquam
1118 2612 1177 2649 ea,
1197 2612 1299 2650 quae
1312 2599 1360 2638 de
1373 2611 1543 2650 persona
1554 2596 1660 2649 Lupi
1671 2597 1716 2637 in
1728 2596 1829 2637 codd

290 2660 420 2700 Seruii
444 2661 660 2700 traduntur
683 2662 874 2711 corrupta
899 2671 982 2700 esse
1007 2662 1176 2711 apparet
1201 2656 1462 2699 ‘inducuntur
1485 2657 1542 2697 dii
1565 2657 1711 2697 habere
1736 2669 1829 2696 con-

288 2721 426 2760 cilium
445 2723 486 2760 et
504 2733 622 2772 agere
641 2720 771 2771 primo
796 2720 845 2760 de
870 2718 1037 2760 interitu
1055 2719 1161 2770 Lupi
1185 2719 1391 2759 cuiusdam
1415 2719 1526 2758 ducis
1549 2719 1594 2757 in
1616 2716 1827 2767 republica.

289 2780 369 2819 Vbi
389 2780 510 2820 codex
528 2780 793 2820 Floriacensis
811 2779 933 2819 habet
950 2779 1231 2819 tantummodo
1250 2780 1372 2829 ducis,
1390 2777 1637 2818 Monacensis
1655 2777 1767 2817 ducis
1783 2777 1829 2816 in

288 2853 383 2890 rep„
413 2840 521 2891 quod
547 2840 671 2879 addas
696 2841 739 2879 in
765 2853 854 2890 app.
882 2840 982 2889 crit„
1013 2839 1247 2892 Reginensis
1271 2838 1490 2889 Lipsiensis
1513 2835 1828 2889 Hamburgensis

288 2902 333 2940 in
368 2901 502 2947 rebus,
541 2899 856 2940 Garoh'mhensis
894 2899 1165 2951 Sangallensis
1195 2898 1414 2949 Lipsiensis
1446 2898 1644 2938 correctus
1673 2897 1719 2937 in
1746 2907 1827 2946 rep.

210 2999 215 3003 .
290 2960 564 3011 Archetypum
594 2961 670 3000 hoc
699 2960 787 3000 loco
817 2961 900 2999 iam
931 2961 1164 3010 corruptum
1193 2958 1316 2998 fuisse
1347 2959 1533 3009 apparet:
1569 2955 1829 2997 uetustiorem

290 3020 503 3060 lectionem
533 3032 619 3059 esse
649 3021 695 3059 in
723 3020 840 3060 rebus
869 3019 962 3058 inde
993 3021 1173 3070 apparet,
1204 3018 1312 3069 quod
1340 3017 1528 3058 librarius
1551 3016 1829 3066 Floriacensis,

2047 739 2050 745 ·
2046 686 2048 689 ’
2044 442 2060 662 ᾲκρκώμρῴ
2053 308 2060 421 -...,..,..
2056 280 2060 290 -
2057 254 2060 260 .
2048 201 2060 237 ..21

2040 1307 2046 1315 ¹
2055 1276 2060 1291 ..
2052 1256 2060 1269 .-,
2047 1065 2060 1249 -ι..3ι.“Λμ
2053 1042 2060 1056 ,ι
