<?xml version="1.0" encoding="UTF-8"?>
<!DOCTYPE html PUBLIC "-//W3C//DTD XHTML 1.0 Transitional//EN"
    "http://www.w3.org/TR/xhtml1/DTD/xhtml1-transitional.dtd">
<html xmlns="http://www.w3.org/1999/xhtml" xml:lang="en" lang="en">
 <head>
  <title>
</title>
<meta http-equiv="Content-Type" content="text/html;charset=utf-8" />
  <meta name='ocr-system' content='tesseract 3.04.00' />
  <meta name='ocr-capabilities' content='ocr_page ocr_carea ocr_par ocr_line ocrx_word'/>
</head>
<body>
  <div class='ocr_page' id='page_1' title='image "./carminumreliquia02luciuoft_0331.png"; bbox 0 0 2060 3444; ppageno 0'>
   <div class='ocr_carea' id='block_1_1' title="bbox 816 289 1793 336">
    <p class='ocr_par' dir='ltr' id='par_1_1' title="bbox 816 289 1793 336">
     <span class='ocr_line' id='line_1_1' title="bbox 816 289 1793 336; baseline 0.007 -7"><span class='ocrx_word' id='word_1_1' title='bbox 816 293 933 330; x_wconf 82' lang='lat' dir='ltr'><strong>xxlx</strong></span> <span class='ocrx_word' id='word_1_2' title='bbox 961 306 996 330; x_wconf 87' lang='lat' dir='ltr'><strong>u.</strong></span> <span class='ocrx_word' id='word_1_3' title='bbox 1024 289 1225 330; x_wconf 66' lang='lat'><strong>884-891‘.</strong></span> <span class='ocrx_word' id='word_1_4' title='bbox 1705 293 1793 336; x_wconf 81' lang='lat'><strong>299</strong></span> 
     </span>
    </p>
   </div>
   <div class='ocr_carea' id='block_1_2' title="bbox 246 403 1799 2745">
    <p class='ocr_par' dir='ltr' id='par_1_2' title="bbox 247 403 1795 687">
     <span class='ocr_line' id='line_1_2' title="bbox 247 403 1793 458; baseline 0.001 -12"><span class='ocrx_word' id='word_1_5' title='bbox 247 403 370 446; x_wconf 80' lang='lat' dir='ltr'><strong>uerba</strong></span> <span class='ocrx_word' id='word_1_6' title='bbox 402 406 559 447; x_wconf 77' lang='lat' dir='ltr'><strong>uarium</strong></span> <span class='ocrx_word' id='word_1_7' title='bbox 591 408 633 446; x_wconf 90' lang='lat' dir='ltr'><strong>in</strong></span> <span class='ocrx_word' id='word_1_8' title='bbox 665 407 826 447; x_wconf 88' lang='lat' dir='ltr'><strong>modum</strong></span> <span class='ocrx_word' id='word_1_9' title='bbox 852 407 931 447; x_wconf 88' lang='lat' dir='ltr'><strong>uiri</strong></span> <span class='ocrx_word' id='word_1_10' title='bbox 957 407 1082 458; x_wconf 82' lang='lat' dir='ltr'><strong>docti3</strong></span> <span class='ocrx_word' id='word_1_11' title='bbox 1116 407 1347 447; x_wconf 81' lang='lat' dir='ltr'>Muellerus:</span> <span class='ocrx_word' id='word_1_12' title='bbox 1382 405 1517 458; x_wconf 83' lang='lat' dir='ltr'><strong>‘atque</strong></span> <span class='ocrx_word' id='word_1_13' title='bbox 1544 407 1644 447; x_wconf 77' lang='lat' dir='ltr'><strong>adde</strong></span> <span class='ocrx_word' id='word_1_14' title='bbox 1671 408 1793 447; x_wconf 76' lang='lat' dir='ltr'><strong>alieni</strong></span> 
     </span>
     <span class='ocr_line' id='line_1_3' title="bbox 248 464 1795 519; baseline 0 -12"><span class='ocrx_word' id='word_1_15' title='bbox 248 469 350 507; x_wconf 79' lang='lat' dir='ltr'><strong>aeris</strong></span> <span class='ocrx_word' id='word_1_16' title='bbox 382 464 529 506; x_wconf 86' lang='lat' dir='ltr'><strong>simul’.</strong></span> <span class='ocrx_word' id='word_1_17' title='bbox 581 467 723 507; x_wconf 91' lang='lat' dir='ltr'><strong>Melius</strong></span> <span class='ocrx_word' id='word_1_18' title='bbox 749 468 827 507; x_wconf 88' lang='lat' dir='ltr'><strong>erit</strong></span> <span class='ocrx_word' id='word_1_19' title='bbox 852 467 1077 519; x_wconf 87' lang='lat' dir='ltr'><strong>legitimum</strong></span> <span class='ocrx_word' id='word_1_20' title='bbox 1103 467 1279 507; x_wconf 79' lang='lat' dir='ltr'>ordinem</span> <span class='ocrx_word' id='word_1_21' title='bbox 1307 468 1519 507; x_wconf 86' lang='lat' dir='ltr'><strong>uerborum</strong></span> <span class='ocrx_word' id='word_1_22' title='bbox 1543 468 1649 507; x_wconf 81' lang='lat' dir='ltr'><strong>aeris</strong></span> <span class='ocrx_word' id='word_1_23' title='bbox 1673 468 1795 507; x_wconf 79' lang='lat' dir='ltr'><strong>alieni</strong></span> 
     </span>
     <span class='ocr_line' id='line_1_4' title="bbox 247 527 1792 583; baseline 0 -16"><span class='ocrx_word' id='word_1_24' title='bbox 247 539 422 567; x_wconf 81' lang='lat' dir='ltr'><strong>seruare:</strong></span> <span class='ocrx_word' id='word_1_25' title='bbox 461 527 701 567; x_wconf 80' lang='lat' dir='ltr'><strong>uocabulum</strong></span> <span class='ocrx_word' id='word_1_26' title='bbox 722 528 857 583; x_wconf 59' lang='lat' dir='ltr'><strong>=alieni</strong></span> <span class='ocrx_word' id='word_1_27' title='bbox 893 530 986 578; x_wconf 88' lang='lat' dir='ltr'><strong>post</strong></span> <span class='ocrx_word' id='word_1_28' title='bbox 1023 529 1127 567; x_wconf 69' lang='lat' dir='ltr'><strong>aeris</strong></span> <span class='ocrx_word' id='word_1_29' title='bbox 1163 528 1339 579; x_wconf 89' lang='lat' dir='ltr'><strong>primum</strong></span> <span class='ocrx_word' id='word_1_30' title='bbox 1376 528 1567 568; x_wconf 90' lang='lat' dir='ltr'><strong>omissum</strong></span> <span class='ocrx_word' id='word_1_31' title='bbox 1606 527 1646 566; x_wconf 89' lang='lat' dir='ltr'><strong>in</strong></span> <span class='ocrx_word' id='word_1_32' title='bbox 1685 530 1792 567; x_wconf 82' lang='lat' dir='ltr'><strong>exitu</strong></span> 
     </span>
     <span class='ocr_line' id='line_1_5' title="bbox 247 587 1794 640; baseline 0 -13"><span class='ocrx_word' id='word_1_33' title='bbox 247 588 467 627; x_wconf 82' lang='lat' dir='ltr'><strong>sententiae</strong></span> <span class='ocrx_word' id='word_1_34' title='bbox 491 587 648 627; x_wconf 76' lang='lat' dir='ltr'><strong>addidit</strong></span> <span class='ocrx_word' id='word_1_35' title='bbox 666 587 864 627; x_wconf 79' lang='lat' dir='ltr'><strong>librarius.</strong></span> <span class='ocrx_word' id='word_1_36' title='bbox 917 587 1172 640; x_wconf 87' lang='lat' dir='ltr'><strong>Colloquitur</strong></span> <span class='ocrx_word' id='word_1_37' title='bbox 1196 588 1379 627; x_wconf 86' lang='lat' dir='ltr'><strong>dominus</strong></span> <span class='ocrx_word' id='word_1_38' title='bbox 1405 601 1494 628; x_wconf 90' lang='lat' dir='ltr'><strong>cum</strong></span> <span class='ocrx_word' id='word_1_39' title='bbox 1519 587 1794 639; x_wconf 79' lang='lat' dir='ltr'><strong>dispensatore</strong></span> 
     </span>
     <span class='ocr_line' id='line_1_6' title="bbox 247 648 380 687; baseline -0.008 0"><span class='ocrx_word' id='word_1_40' title='bbox 247 648 380 687; x_wconf 85' lang='lat' dir='ltr'><strong>infido.</strong></span> 
     </span>
    </p>

    <p class='ocr_par' dir='ltr' id='par_1_3' title="bbox 246 703 1796 1663">
     <span class='ocr_line' id='line_1_7' title="bbox 367 703 1792 759; baseline 0 -12"><span class='ocrx_word' id='word_1_41' title='bbox 367 703 479 748; x_wconf 80' lang='grc'>886.</span> <span class='ocrx_word' id='word_1_42' title='bbox 505 708 661 748; x_wconf 89' lang='lat' dir='ltr'><strong>Nonius</strong></span> <span class='ocrx_word' id='word_1_43' title='bbox 686 721 723 759; x_wconf 90' lang='lat' dir='ltr'><strong>p.</strong></span> <span class='ocrx_word' id='word_1_44' title='bbox 747 710 813 759; x_wconf 89' lang='grc'>74,</span> <span class='ocrx_word' id='word_1_45' title='bbox 835 710 860 748; x_wconf 88' lang='grc'>4</span> <span class='ocrx_word' id='word_1_46' title='bbox 882 704 1016 758; x_wconf 74' lang='grc' dir='ltr'>(Α313,</span> <span class='ocrx_word' id='word_1_47' title='bbox 1041 710 1197 748; x_wconf 89' lang='lat' dir='ltr'><strong>numeri</strong></span> <span class='ocrx_word' id='word_1_48' title='bbox 1222 710 1329 749; x_wconf 78' lang='lat' dir='ltr'><strong>nota.</strong></span> <span class='ocrx_word' id='word_1_49' title='bbox 1362 709 1487 748; x_wconf 90' lang='lat' dir='ltr'><strong>Lucil.</strong></span> <span class='ocrx_word' id='word_1_50' title='bbox 1509 707 1575 747; x_wconf 91' lang='lat' dir='ltr'><strong>lib.</strong></span> <span class='ocrx_word' id='word_1_51' title='bbox 1597 708 1792 748; x_wconf 87' lang='lat' dir='ltr'><strong>XXVIIII</strong></span> 
     </span>
     <span class='ocr_line' id='line_1_8' title="bbox 249 765 1795 820; baseline 0 -13"><span class='ocrx_word' id='word_1_52' title='bbox 249 765 353 808; x_wconf 86' lang='lat' dir='ltr'><strong>“hoc</strong></span> <span class='ocrx_word' id='word_1_53' title='bbox 385 769 446 808; x_wconf 89' lang='lat' dir='ltr'><strong>est</strong></span> <span class='ocrx_word' id='word_1_54' title='bbox 475 770 580 808; x_wconf 84' lang='lat' dir='ltr'><strong>ratio</strong></span> <span class='ocrx_word' id='word_1_55' title='bbox 611 781 800 820; x_wconf 80' lang='lat' dir='ltr'><strong>peruersa</strong></span> <span class='ocrx_word' id='word_1_56' title='bbox 831 782 926 809; x_wconf 77' lang='lat' dir='ltr'><strong>aera</strong></span> <span class='ocrx_word' id='word_1_57' title='bbox 962 782 1118 809; x_wconf 78' lang='lat' dir='ltr'><strong>summu.</strong></span> <span class='ocrx_word' id='word_1_58' title='bbox 1156 771 1191 809; x_wconf 85' lang='lat' dir='ltr'><strong>ct</strong></span> <span class='ocrx_word' id='word_1_59' title='bbox 1226 769 1423 809; x_wconf 77' lang='lat' dir='ltr'><strong>subducta</strong></span> <span class='ocrx_word' id='word_1_60' title='bbox 1459 765 1688 820; x_wconf 86' lang='lat' dir='ltr'><strong>inprobe&#39;&#39;.&#39;</strong></span> <span class='ocrx_word' id='word_1_61' title='bbox 1740 771 1795 809; x_wconf 83' lang='lat' dir='ltr'><strong>cst</strong></span> 
     </span>
     <span class='ocr_line' id='line_1_9' title="bbox 246 827 1793 881; baseline 0 -13"><span class='ocrx_word' id='word_1_62' title='bbox 246 830 352 868; x_wconf 86' lang='lat' dir='ltr'><strong>recte</strong></span> <span class='ocrx_word' id='word_1_63' title='bbox 380 827 649 868; x_wconf 81' lang='lat' dir='ltr'><strong>casaubonus.</strong></span> <span class='ocrx_word' id='word_1_64' title='bbox 699 829 888 880; x_wconf 82' lang='lat' dir='ltr'><strong>Increpat</strong></span> <span class='ocrx_word' id='word_1_65' title='bbox 918 829 1102 870; x_wconf 89' lang='lat' dir='ltr'><strong>dominus</strong></span> <span class='ocrx_word' id='word_1_66' title='bbox 1128 829 1444 881; x_wconf 77' lang='lat' dir='ltr'><strong>dispensatorem</strong></span> <span class='ocrx_word' id='word_1_67' title='bbox 1469 828 1692 880; x_wconf 83' lang='lat' dir='ltr'><strong>improbum</strong></span> <span class='ocrx_word' id='word_1_68' title='bbox 1722 829 1793 880; x_wconf 92' lang='lat' dir='ltr'><strong>qui</strong></span> 
     </span>
     <span class='ocr_line' id='line_1_10' title="bbox 248 883 1793 946; baseline 0.001 -19"><span class='ocrx_word' id='word_1_69' title='bbox 248 889 492 928; x_wconf 81' lang='lat' dir='ltr'><strong>breuiarium</strong></span> <span class='ocrx_word' id='word_1_70' title='bbox 523 889 726 929; x_wconf 77' lang='lat' dir='ltr'><strong>rationum</strong></span> <span class='ocrx_word' id='word_1_71' title='bbox 758 890 795 929; x_wconf 92' lang='lat' dir='ltr'><strong>ei</strong></span> <span class='ocrx_word' id='word_1_72' title='bbox 826 890 942 929; x_wconf 84' lang='lat' dir='ltr'><strong>affert</strong></span> <span class='ocrx_word' id='word_1_73' title='bbox 967 883 1096 944; x_wconf 83' lang='lat' dir='ltr'><strong>(Suet.</strong></span> <span class='ocrx_word' id='word_1_74' title='bbox 1124 889 1238 929; x_wconf 80' lang='lat' dir='ltr'><strong>Galb.</strong></span> <span class='ocrx_word' id='word_1_75' title='bbox 1269 892 1321 929; x_wconf 83' lang='lat'><strong>12</strong></span> <span class='ocrx_word' id='word_1_76' title='bbox 1338 885 1475 942; x_wconf 81' lang='lat' dir='ltr'><strong>extr.):</strong></span> <span class='ocrx_word' id='word_1_77' title='bbox 1506 889 1602 929; x_wconf 87' lang='lat' dir='ltr'><strong>conf</strong></span> <span class='ocrx_word' id='word_1_78' title='bbox 1625 888 1703 946; x_wconf 82' lang='lat' dir='ltr'><strong>Cic.</strong></span> <span class='ocrx_word' id='word_1_79' title='bbox 1730 903 1793 941; x_wconf 83' lang='lat' dir='ltr'><strong>ap.</strong></span> 
     </span>
     <span class='ocr_line' id='line_1_11' title="bbox 247 946 1792 1001; baseline 0 -13"><span class='ocrx_word' id='word_1_80' title='bbox 247 949 348 988; x_wconf 88' lang='lat' dir='ltr'><strong>Non.</strong></span> <span class='ocrx_word' id='word_1_81' title='bbox 369 963 407 1001; x_wconf 93' lang='lat' dir='ltr'><strong>p.</strong></span> <span class='ocrx_word' id='word_1_82' title='bbox 431 950 528 998; x_wconf 85' lang='lat'>193,</span> <span class='ocrx_word' id='word_1_83' title='bbox 551 951 601 988; x_wconf 89' lang='lat'><strong>11</strong></span> <span class='ocrx_word' id='word_1_84' title='bbox 633 946 782 996; x_wconf 80' lang='lat' dir='ltr'><strong>‘Quid?</strong></span> <span class='ocrx_word' id='word_1_85' title='bbox 812 951 868 999; x_wconf 88' lang='lat' dir='ltr'><strong>tu,</strong></span> <span class='ocrx_word' id='word_1_86' title='bbox 900 951 1077 1000; x_wconf 78' lang='lat' dir='ltr'><strong>inquam,</strong></span> <span class='ocrx_word' id='word_1_87' title='bbox 1103 951 1216 999; x_wconf 85' lang='lat' dir='ltr'><strong>soles,</strong></span> <span class='ocrx_word' id='word_1_88' title='bbox 1246 964 1336 990; x_wconf 91' lang='lat' dir='ltr'><strong>cum</strong></span> <span class='ocrx_word' id='word_1_89' title='bbox 1361 951 1560 989; x_wconf 88' lang='lat' dir='ltr'><strong>rationem</strong></span> <span class='ocrx_word' id='word_1_90' title='bbox 1585 962 1610 988; x_wconf 82' lang='lat' dir='ltr'>a</span> <span class='ocrx_word' id='word_1_91' title='bbox 1634 949 1792 1001; x_wconf 87' lang='lat' dir='ltr'><strong>dispen—</strong></span> 
     </span>
     <span class='ocr_line' id='line_1_12' title="bbox 248 1009 1795 1062; baseline -0.001 -12"><span class='ocrx_word' id='word_1_92' title='bbox 248 1011 379 1050; x_wconf 78' lang='lat' dir='ltr'><strong>satore</strong></span> <span class='ocrx_word' id='word_1_93' title='bbox 411 1009 578 1060; x_wconf 76' lang='lat' dir='ltr'>accipis,</span> <span class='ocrx_word' id='word_1_94' title='bbox 616 1010 650 1048; x_wconf 91' lang='lat' dir='ltr'><strong>si</strong></span> <span class='ocrx_word' id='word_1_95' title='bbox 687 1022 781 1049; x_wconf 83' lang='lat' dir='ltr'><strong>aera</strong></span> <span class='ocrx_word' id='word_1_96' title='bbox 819 1010 980 1062; x_wconf 81' lang='lat' dir='ltr'><strong>singula</strong></span> <span class='ocrx_word' id='word_1_97' title='bbox 1017 1010 1214 1061; x_wconf 77' lang='lat' dir='ltr'><strong>probasti,</strong></span> <span class='ocrx_word' id='word_1_98' title='bbox 1252 1023 1466 1059; x_wconf 82' lang='lat' dir='ltr'><strong>summam,</strong></span> <span class='ocrx_word' id='word_1_99' title='bbox 1507 1023 1609 1061; x_wconf 84' lang='lat' dir='ltr'><strong>quae</strong></span> <span class='ocrx_word' id='word_1_100' title='bbox 1648 1023 1694 1049; x_wconf 88' lang='lat' dir='ltr'><strong>ex</strong></span> <span class='ocrx_word' id='word_1_101' title='bbox 1733 1010 1795 1049; x_wconf 90' lang='lat' dir='ltr'><strong>his</strong></span> 
     </span>
     <span class='ocr_line' id='line_1_13' title="bbox 247 1068 1795 1123; baseline 0 -13"><span class='ocrx_word' id='word_1_102' title='bbox 247 1070 428 1110; x_wconf 81' lang='lat' dir='ltr'><strong>confecta</strong></span> <span class='ocrx_word' id='word_1_103' title='bbox 466 1070 536 1119; x_wconf 88' lang='lat' dir='ltr'><strong>sit,</strong></span> <span class='ocrx_word' id='word_1_104' title='bbox 573 1083 652 1109; x_wconf 90' lang='lat' dir='ltr'><strong>non</strong></span> <span class='ocrx_word' id='word_1_105' title='bbox 690 1070 858 1120; x_wconf 84' lang='lat' dir='ltr'><strong>probare</strong></span> <span class='ocrx_word' id='word_1_106' title='bbox 866 1068 901 1109; x_wconf 66' lang='grc' dir='ltr'><strong>’θ’</strong></span> <span class='ocrx_word' id='word_1_107' title='bbox 946 1072 1015 1110; x_wconf 77' lang='lat' dir='ltr'><strong>boc</strong></span> <span class='ocrx_word' id='word_1_108' title='bbox 1053 1073 1108 1110; x_wconf 83' lang='lat' dir='ltr'><strong>est</strong></span> <span class='ocrx_word' id='word_1_109' title='bbox 1138 1072 1239 1110; x_wconf 78' lang='lat' dir='ltr'><strong>ratio</strong></span> <span class='ocrx_word' id='word_1_110' title='bbox 1269 1083 1342 1122; x_wconf 91' lang='lat' dir='ltr'><strong>pro</strong></span> <span class='ocrx_word' id='word_1_111' title='bbox 1380 1069 1696 1123; x_wconf 77' lang='lat' dir='ltr'><strong>interrogatione</strong></span> <span class='ocrx_word' id='word_1_112' title='bbox 1734 1072 1795 1110; x_wconf 86' lang='lat' dir='ltr'><strong>est</strong></span> 
     </span>
     <span class='ocr_line' id='line_1_14' title="bbox 247 1129 1795 1183; baseline 0.001 -15"><span class='ocrx_word' id='word_1_113' title='bbox 247 1130 423 1181; x_wconf 78' lang='lat' dir='ltr'><strong>positum</strong></span> <span class='ocrx_word' id='word_1_114' title='bbox 454 1142 544 1170; x_wconf 91' lang='lat' dir='ltr'><strong>cum</strong></span> <span class='ocrx_word' id='word_1_115' title='bbox 575 1131 768 1181; x_wconf 81' lang='lat' dir='ltr'><strong>negatiua</strong></span> <span class='ocrx_word' id='word_1_116' title='bbox 799 1131 1015 1170; x_wconf 84' lang='lat' dir='ltr'><strong>sententia:</strong></span> <span class='ocrx_word' id='word_1_117' title='bbox 1049 1144 1127 1182; x_wconf 90' lang='lat' dir='ltr'><strong>quo</strong></span> <span class='ocrx_word' id='word_1_118' title='bbox 1158 1130 1200 1170; x_wconf 91' lang='lat' dir='ltr'><strong>in</strong></span> <span class='ocrx_word' id='word_1_119' title='bbox 1232 1144 1375 1183; x_wconf 83' lang='lat' dir='ltr'><strong>genere</strong></span> <span class='ocrx_word' id='word_1_120' title='bbox 1405 1132 1591 1170; x_wconf 86' lang='lat' dir='ltr'><strong>neutrum</strong></span> <span class='ocrx_word' id='word_1_121' title='bbox 1616 1129 1795 1183; x_wconf 77' lang='lat' dir='ltr'>legitime</span> 
     </span>
     <span class='ocr_line' id='line_1_15' title="bbox 247 1190 1795 1243; baseline 0.001 -15"><span class='ocrx_word' id='word_1_122' title='bbox 247 1191 343 1241; x_wconf 87' lang='lat' dir='ltr'><strong>poni</strong></span> <span class='ocrx_word' id='word_1_123' title='bbox 375 1191 538 1240; x_wconf 77' lang='lat' dir='ltr'><strong>exponit</strong></span> <span class='ocrx_word' id='word_1_124' title='bbox 569 1190 794 1242; x_wconf 79' lang='lat' dir='ltr'><strong>Draegerus</strong></span> <span class='ocrx_word' id='word_1_125' title='bbox 826 1191 874 1230; x_wconf 91' lang='lat' dir='ltr'><strong>de</strong></span> <span class='ocrx_word' id='word_1_126' title='bbox 908 1190 1067 1242; x_wconf 84' lang='lat' dir='ltr'><strong>syntaxi</strong></span> <span class='ocrx_word' id='word_1_127' title='bbox 1092 1191 1184 1230; x_wconf 91' lang='lat' dir='ltr'><strong>hist.</strong></span> <span class='ocrx_word' id='word_1_128' title='bbox 1210 1191 1308 1243; x_wconf 87' lang='lat' dir='ltr'><strong>ling.</strong></span> <span class='ocrx_word' id='word_1_129' title='bbox 1334 1191 1423 1230; x_wconf 83' lang='lat' dir='ltr'><strong>Lat.</strong></span> <span class='ocrx_word' id='word_1_130' title='bbox 1450 1191 1470 1229; x_wconf 96' lang='lat' dir='ltr'><strong>I</strong></span> <span class='ocrx_word' id='word_1_131' title='bbox 1495 1190 1544 1230; x_wconf 89' lang='lat' dir='ltr'><strong>ed</strong></span> <span class='ocrx_word' id='word_1_132' title='bbox 1572 1193 1596 1230; x_wconf 89' lang='grc'><strong>2</strong></span> <span class='ocrx_word' id='word_1_133' title='bbox 1623 1204 1662 1242; x_wconf 89' lang='lat' dir='ltr'><strong>p.</strong></span> <span class='ocrx_word' id='word_1_134' title='bbox 1691 1191 1795 1231; x_wconf 83' lang='lat'>185:</span> 
     </span>
     <span class='ocr_line' id='line_1_16' title="bbox 247 1249 1793 1303; baseline 0.001 -14"><span class='ocrx_word' id='word_1_135' title='bbox 247 1263 435 1301; x_wconf 81' lang='lat' dir='ltr'><strong>peruersa</strong></span> <span class='ocrx_word' id='word_1_136' title='bbox 466 1251 560 1290; x_wconf 89' lang='lat' dir='ltr'><strong>sunt</strong></span> <span class='ocrx_word' id='word_1_137' title='bbox 591 1263 684 1290; x_wconf 79' lang='lat' dir='ltr'><strong>aera</strong></span> <span class='ocrx_word' id='word_1_138' title='bbox 715 1250 888 1303; x_wconf 83' lang='lat' dir='ltr'><strong>singula,</strong></span> <span class='ocrx_word' id='word_1_139' title='bbox 921 1253 960 1290; x_wconf 86' lang='lat' dir='ltr'><strong>et</strong></span> <span class='ocrx_word' id='word_1_140' title='bbox 991 1264 1147 1291; x_wconf 75' lang='lat' dir='ltr'><strong>summa</strong></span> <span class='ocrx_word' id='word_1_141' title='bbox 1179 1253 1239 1291; x_wconf 91' lang='lat' dir='ltr'><strong>est</strong></span> <span class='ocrx_word' id='word_1_142' title='bbox 1270 1251 1436 1302; x_wconf 88' lang='lat' dir='ltr'><strong>inprobe</strong></span> <span class='ocrx_word' id='word_1_143' title='bbox 1468 1251 1681 1291; x_wconf 77' lang='lat' dir='ltr'><strong>subducta:</strong></span> <span class='ocrx_word' id='word_1_144' title='bbox 1715 1249 1793 1290; x_wconf 82' lang='lat' dir='ltr'><strong>cio.</strong></span> 
     </span>
     <span class='ocr_line' id='line_1_17' title="bbox 249 1307 1790 1363; baseline 0.001 -14"><span class='ocrx_word' id='word_1_145' title='bbox 249 1310 299 1349; x_wconf 80' lang='lat' dir='ltr'><strong>ad</strong></span> <span class='ocrx_word' id='word_1_146' title='bbox 330 1309 415 1349; x_wconf 91' lang='lat' dir='ltr'><strong>Att.</strong></span> <span class='ocrx_word' id='word_1_147' title='bbox 441 1310 478 1347; x_wconf 92' lang='lat' dir='ltr'><strong>V</strong></span> <span class='ocrx_word' id='word_1_148' title='bbox 506 1311 652 1360; x_wconf 85' lang='lat'>21,11</span> <span class='ocrx_word' id='word_1_149' title='bbox 691 1307 831 1360; x_wconf 85' lang='lat' dir='ltr'><strong>‘recte,</strong></span> <span class='ocrx_word' id='word_1_150' title='bbox 861 1311 1013 1362; x_wconf 87' lang='lat' dir='ltr'><strong>inquit,</strong></span> <span class='ocrx_word' id='word_1_151' title='bbox 1046 1311 1251 1363; x_wconf 73' lang='lat' dir='ltr'>Scaptius,</span> <span class='ocrx_word' id='word_1_152' title='bbox 1291 1311 1360 1351; x_wconf 89' lang='lat' dir='ltr'><strong>sed</strong></span> <span class='ocrx_word' id='word_1_153' title='bbox 1392 1311 1658 1351; x_wconf 86' lang='lat' dir='ltr'><strong>subducamus</strong></span> <span class='ocrx_word' id='word_1_154' title='bbox 1690 1324 1790 1351; x_wconf 91' lang='lat' dir='ltr'><strong>sum·</strong></span> 
     </span>
     <span class='ocr_line' id='line_1_18' title="bbox 248 1341 1796 1425; baseline 0.001 -16"><span class='ocrx_word' id='word_1_155' title='bbox 248 1379 384 1420; x_wconf 81' lang='lat' dir='ltr'><strong>mam,</strong></span> <span class='ocrx_word' id='word_1_156' title='bbox 420 1364 525 1410; x_wconf 82' lang='lat' dir='ltr'><strong>unde</strong></span> <span class='ocrx_word' id='word_1_157' title='bbox 563 1373 733 1422; x_wconf 79' lang='lat' dir='ltr'><strong>apparet</strong></span> <span class='ocrx_word' id='word_1_158' title='bbox 762 1341 850 1411; x_wconf 81' lang='lat' dir='ltr'><strong>falli</strong></span> <span class='ocrx_word' id='word_1_159' title='bbox 886 1384 952 1411; x_wconf 90' lang='lat' dir='ltr'><strong>eos</strong></span> <span class='ocrx_word' id='word_1_160' title='bbox 991 1372 1060 1422; x_wconf 89' lang='lat' dir='ltr'><strong>qui</strong></span> <span class='ocrx_word' id='word_1_161' title='bbox 1099 1385 1188 1411; x_wconf 87' lang='lat' dir='ltr'><strong>cum</strong></span> <span class='ocrx_word' id='word_1_162' title='bbox 1228 1371 1431 1425; x_wconf 82' lang='lat' dir='ltr'><strong>Scaligero</strong></span> <span class='ocrx_word' id='word_1_163' title='bbox 1469 1371 1649 1411; x_wconf 85' lang='lat' dir='ltr'><strong>scribunt</strong></span> <span class='ocrx_word' id='word_1_164' title='bbox 1687 1368 1796 1411; x_wconf 77' lang='lat' dir='ltr'><strong>‘aera</strong></span> 
     </span>
     <span class='ocr_line' id='line_1_19' title="bbox 248 1423 1794 1484; baseline 0 -13"><span class='ocrx_word' id='word_1_165' title='bbox 248 1443 426 1471; x_wconf 84' lang='lat' dir='ltr'><strong>summae</strong></span> <span class='ocrx_word' id='word_1_166' title='bbox 453 1423 649 1471; x_wconf 83' lang='lat' dir='ltr'><strong>subducta</strong></span> <span class='ocrx_word' id='word_1_167' title='bbox 671 1428 866 1483; x_wconf 86' lang='lat' dir='ltr'><strong>inprobe&#39;.</strong></span> <span class='ocrx_word' id='word_1_168' title='bbox 912 1431 1108 1472; x_wconf 72' lang='lat' dir='ltr'>Similiter</span> <span class='ocrx_word' id='word_1_169' title='bbox 1132 1432 1358 1484; x_wconf 78' lang='lat' dir='ltr'><strong>interrogat</strong></span> <span class='ocrx_word' id='word_1_170' title='bbox 1377 1432 1517 1471; x_wconf 78' lang='grc'>013111</span> <span class='ocrx_word' id='word_1_171' title='bbox 1532 1432 1654 1471; x_wconf 88' lang='lat' dir='ltr'><strong>Verr.</strong></span> <span class='ocrx_word' id='word_1_172' title='bbox 1665 1434 1740 1471; x_wconf 79' lang='lat' dir='ltr'><strong>act</strong></span> <span class='ocrx_word' id='word_1_173' title='bbox 1756 1432 1794 1470; x_wconf 91' lang='grc' dir='ltr'><strong>ΙΙ</strong></span> 
     </span>
     <span class='ocr_line' id='line_1_20' title="bbox 248 1490 1795 1542; baseline 0.001 -12"><span class='ocrx_word' id='word_1_174' title='bbox 248 1491 315 1530; x_wconf 90' lang='lat' dir='ltr'><strong>lib.</strong></span> <span class='ocrx_word' id='word_1_175' title='bbox 343 1491 361 1529; x_wconf 89' lang='grc' dir='ltr'>Ι</span> <span class='ocrx_word' id='word_1_176' title='bbox 390 1492 457 1539; x_wconf 79' lang='lat'><strong>14,</strong></span> <span class='ocrx_word' id='word_1_177' title='bbox 484 1492 538 1530; x_wconf 87' lang='grc'><strong>36</strong></span> <span class='ocrx_word' id='word_1_178' title='bbox 584 1494 677 1542; x_wconf 86' lang='lat' dir='ltr'><strong>post</strong></span> <span class='ocrx_word' id='word_1_179' title='bbox 718 1491 894 1532; x_wconf 79' lang='lat' dir='ltr'><strong>rationes</strong></span> <span class='ocrx_word' id='word_1_180' title='bbox 938 1492 1128 1532; x_wconf 80' lang='lat' dir='ltr'><strong>recitatas</strong></span> <span class='ocrx_word' id='word_1_181' title='bbox 1169 1492 1322 1532; x_wconf 87' lang='lat' dir='ltr'><strong>Verris:</strong></span> <span class='ocrx_word' id='word_1_182' title='bbox 1368 1490 1470 1531; x_wconf 81' lang='lat' dir='ltr'><strong>‘Hoc</strong></span> <span class='ocrx_word' id='word_1_183' title='bbox 1514 1495 1576 1532; x_wconf 90' lang='lat' dir='ltr'><strong>est</strong></span> <span class='ocrx_word' id='word_1_184' title='bbox 1617 1492 1795 1531; x_wconf 81' lang='lat' dir='ltr'><strong>rationes</strong></span> 
     </span>
     <span class='ocr_line' id='line_1_21' title="bbox 249 1549 1796 1639; baseline 0.001 -49"><span class='ocrx_word' id='word_1_185' title='bbox 249 1549 438 1591; x_wconf 51' lang='lat' dir='ltr'><strong>referre?</strong></span> <span class='ocrx_word' id='word_1_186' title='bbox 491 1551 549 1590; x_wconf 91' lang='lat' dir='ltr'><strong>De</strong></span> <span class='ocrx_word' id='word_1_187' title='bbox 582 1564 696 1591; x_wconf 89' lang='lat' dir='ltr'><strong>seruo</strong></span> <span class='ocrx_word' id='word_1_188' title='bbox 719 1552 895 1591; x_wconf 81' lang='lat' dir='ltr'><strong>rationes</strong></span> <span class='ocrx_word' id='word_1_189' title='bbox 925 1553 1114 1592; x_wconf 84' lang='lat' dir='ltr'><strong>reddente</strong></span> <span class='ocrx_word' id='word_1_190' title='bbox 1146 1553 1237 1605; x_wconf 90' lang='lat' dir='ltr'><strong>Dig.</strong></span> <span class='ocrx_word' id='word_1_191' title='bbox 1264 1553 1410 1594; x_wconf 89' lang='lat' dir='ltr'>XXXV</span> <span class='ocrx_word' id='word_1_192' title='bbox 1441 1555 1478 1601; x_wconf 88' lang='lat'><strong>1,</strong></span> <span class='ocrx_word' id='word_1_193' title='bbox 1505 1554 1560 1591; x_wconf 86' lang='lat'><strong>82</strong></span> <span class='ocrx_word' id='word_1_194' title='bbox 1608 1549 1796 1639; x_wconf 81' lang='lat' dir='ltr'><strong>‘imputa-</strong></span> 
     </span>
     <span class='ocr_line' id='line_1_22' title="bbox 248 1609 1111 1663; baseline 0.002 -13"><span class='ocrx_word' id='word_1_195' title='bbox 248 1612 378 1651; x_wconf 83' lang='lat' dir='ltr'><strong>tiones</strong></span> <span class='ocrx_word' id='word_1_196' title='bbox 408 1611 532 1662; x_wconf 86' lang='lat' dir='ltr'><strong>probe</strong></span> <span class='ocrx_word' id='word_1_197' title='bbox 563 1613 615 1651; x_wconf 78' lang='lat' dir='ltr'><strong>an</strong></span> <span class='ocrx_word' id='word_1_198' title='bbox 646 1612 827 1663; x_wconf 87' lang='lat' dir='ltr'><strong>improbe</strong></span> <span class='ocrx_word' id='word_1_199' title='bbox 858 1609 1111 1652; x_wconf 85' lang='lat' dir='ltr'><strong>referantur’.</strong></span> 
     </span>
    </p>

    <p class='ocr_par' dir='ltr' id='par_1_4' title="bbox 249 1637 1797 2083">
     <span class='ocr_line' id='line_1_23' title="bbox 370 1637 1796 1723; baseline 0.001 -13"><span class='ocrx_word' id='word_1_200' title='bbox 370 1666 670 1712; x_wconf 78' lang='grc' dir='ltr'>887.Νο111115</span> <span class='ocrx_word' id='word_1_201' title='bbox 700 1685 738 1722; x_wconf 90' lang='lat' dir='ltr'>p</span> <span class='ocrx_word' id='word_1_202' title='bbox 766 1669 1231 1722; x_wconf 76' lang='grc' dir='ltr'>399,13(8ι11)ᾶ11331·3,</span> <span class='ocrx_word' id='word_1_203' title='bbox 1262 1672 1490 1723; x_wconf 84' lang='lat' dir='ltr'><strong>subputare.</strong></span> <span class='ocrx_word' id='word_1_204' title='bbox 1526 1704 1533 1711; x_wconf 91' lang='lat'><strong>.</strong></span> <span class='ocrx_word' id='word_1_205' title='bbox 1591 1637 1796 1712; x_wconf 83' lang='lat' dir='ltr'><strong>,Lucilius</strong></span> 
     </span>
     <span class='ocr_line' id='line_1_24' title="bbox 249 1703 1794 1787; baseline 0.001 -17"><span class='ocrx_word' id='word_1_206' title='bbox 249 1731 316 1770; x_wconf 90' lang='lat' dir='ltr'><strong>lib.</strong></span> <span class='ocrx_word' id='word_1_207' title='bbox 335 1728 562 1770; x_wconf 83' lang='lat' dir='ltr'><strong>XXVIIII‘</strong></span> <span class='ocrx_word' id='word_1_208' title='bbox 568 1728 721 1771; x_wconf 83' lang='lat' dir='ltr'><strong>‘eodem</strong></span> <span class='ocrx_word' id='word_1_209' title='bbox 740 1744 821 1771; x_wconf 91' lang='lat' dir='ltr'><strong>uno</strong></span> <span class='ocrx_word' id='word_1_210' title='bbox 840 1731 906 1771; x_wconf 86' lang='lat' dir='ltr'><strong>hic</strong></span> <span class='ocrx_word' id='word_1_211' title='bbox 926 1726 988 1786; x_wconf 87' lang='lat' dir='ltr'><strong>(hi</strong></span> <span class='ocrx_word' id='word_1_212' title='bbox 1008 1727 1064 1786; x_wconf 73' lang='lat' dir='ltr'><strong>G)</strong></span> <span class='ocrx_word' id='word_1_213' title='bbox 1085 1732 1202 1778; x_wconf 88' lang='lat' dir='ltr'><strong>modo</strong></span> <span class='ocrx_word' id='word_1_214' title='bbox 1223 1734 1437 1772; x_wconf 70' lang='lat' dir='ltr'><strong>errationes</strong></span> <span class='ocrx_word' id='word_1_215' title='bbox 1455 1703 1684 1772; x_wconf 76' lang='lat' dir='ltr'><strong>subduceret</strong></span> <span class='ocrx_word' id='word_1_216' title='bbox 1708 1727 1794 1787; x_wconf 85' lang='lat' dir='ltr'><strong>(ra—</strong></span> 
     </span>
     <span class='ocr_line' id='line_1_25' title="bbox 250 1787 1796 1847; baseline 0.001 -17"><span class='ocrx_word' id='word_1_217' title='bbox 250 1792 371 1831; x_wconf 75' lang='lat' dir='ltr'><strong>tiones</strong></span> <span class='ocrx_word' id='word_1_218' title='bbox 395 1792 609 1831; x_wconf 77' lang='lat' dir='ltr'><strong>subducent</strong></span> <span class='ocrx_word' id='word_1_219' title='bbox 632 1791 771 1831; x_wconf 88' lang='lat' dir='ltr'><strong>Iunius</strong></span> <span class='ocrx_word' id='word_1_220' title='bbox 797 1794 838 1831; x_wconf 89' lang='lat' dir='ltr'><strong>et</strong></span> <span class='ocrx_word' id='word_1_221' title='bbox 857 1787 1075 1847; x_wconf 82' lang='lat' dir='ltr'><strong>Mercerus)</strong></span> <span class='ocrx_word' id='word_1_222' title='bbox 1101 1789 1254 1832; x_wconf 78' lang='lat' dir='ltr'><strong>suas’&#39;.&#39;</strong></span> <span class='ocrx_word' id='word_1_223' title='bbox 1306 1792 1455 1844; x_wconf 86' lang='lat' dir='ltr'><strong>Aptius</strong></span> <span class='ocrx_word' id='word_1_224' title='bbox 1476 1792 1620 1844; x_wconf 81' lang='lat' dir='ltr'><strong>opinor</strong></span> <span class='ocrx_word' id='word_1_225' title='bbox 1642 1793 1704 1832; x_wconf 76' lang='lat' dir='ltr'><strong>hic</strong></span> <span class='ocrx_word' id='word_1_226' title='bbox 1723 1793 1796 1832; x_wconf 89' lang='lat' dir='ltr'><strong>co&#39;d</strong></span> 
     </span>
     <span class='ocr_line' id='line_1_26' title="bbox 249 1851 1796 1905; baseline 0.001 -15"><span class='ocrx_word' id='word_1_227' title='bbox 249 1851 456 1891; x_wconf 89' lang='lat' dir='ltr'><strong>Leidensis</strong></span> <span class='ocrx_word' id='word_1_228' title='bbox 486 1851 655 1902; x_wconf 81' lang='lat' dir='ltr'><strong>probato</strong></span> <span class='ocrx_word' id='word_1_229' title='bbox 687 1851 884 1892; x_wconf 84' lang='lat' dir='ltr'><strong>scribetur</strong></span> <span class='ocrx_word' id='word_1_230' title='bbox 912 1853 1118 1892; x_wconf 74' lang='lat' dir='ltr'><strong>subducet:</strong></span> <span class='ocrx_word' id='word_1_231' title='bbox 1157 1854 1252 1892; x_wconf 83' lang='lat' dir='ltr'><strong>conf</strong></span> <span class='ocrx_word' id='word_1_232' title='bbox 1286 1853 1466 1905; x_wconf 86' lang='lat' dir='ltr'><strong>prolegg.</strong></span> <span class='ocrx_word' id='word_1_233' title='bbox 1492 1867 1530 1905; x_wconf 91' lang='lat' dir='ltr'><strong>p.</strong></span> <span class='ocrx_word' id='word_1_234' title='bbox 1559 1852 1685 1892; x_wconf 80' lang='lat' dir='ltr'><strong>CXIV</strong></span> <span class='ocrx_word' id='word_1_235' title='bbox 1699 1855 1796 1892; x_wconf 85' lang='lat' dir='ltr'><strong>extr.</strong></span> 
     </span>
     <span class='ocr_line' id='line_1_27' title="bbox 250 1911 1796 1963; baseline 0.001 -13"><span class='ocrx_word' id='word_1_236' title='bbox 250 1933 309 1939; x_wconf 91' lang='lat'>—</span> <span class='ocrx_word' id='word_1_237' title='bbox 334 1911 472 1951; x_wconf 88' lang='lat' dir='ltr'><strong>eodem</strong></span> <span class='ocrx_word' id='word_1_238' title='bbox 502 1925 594 1961; x_wconf 88' lang='lat' dir='ltr'><strong>uno,</strong></span> <span class='ocrx_word' id='word_1_239' title='bbox 626 1911 716 1950; x_wconf 89' lang='lat' dir='ltr'><strong>uide</strong></span> <span class='ocrx_word' id='word_1_240' title='bbox 749 1912 800 1951; x_wconf 81' lang='lat' dir='ltr'><strong>ad</strong></span> <span class='ocrx_word' id='word_1_241' title='bbox 831 1911 898 1951; x_wconf 91' lang='lat' dir='ltr'><strong>lib.</strong></span> <span class='ocrx_word' id='word_1_242' title='bbox 926 1913 998 1951; x_wconf 91' lang='lat' dir='ltr'><strong>XX</strong></span> <span class='ocrx_word' id='word_1_243' title='bbox 1025 1927 1061 1951; x_wconf 90' lang='lat' dir='ltr'><strong>u.</strong></span> <span class='ocrx_word' id='word_1_244' title='bbox 1090 1914 1195 1963; x_wconf 85' lang='lat'>570;</span> <span class='ocrx_word' id='word_1_245' title='bbox 1225 1925 1359 1952; x_wconf 76' lang='lat' dir='ltr'><strong>omncs</strong></span> <span class='ocrx_word' id='word_1_246' title='bbox 1390 1913 1546 1953; x_wconf 81' lang='lat' dir='ltr'><strong>addidit</strong></span> <span class='ocrx_word' id='word_1_247' title='bbox 1570 1913 1796 1953; x_wconf 84' lang='lat' dir='ltr'><strong>Muellerus.</strong></span> 
     </span>
     <span class='ocr_line' id='line_1_28' title="bbox 250 1970 1797 2042; baseline 0.002 -32"><span class='ocrx_word' id='word_1_248' title='bbox 250 1970 549 2022; x_wconf 84' lang='lat' dir='ltr'><strong>Dispensatoris</strong></span> <span class='ocrx_word' id='word_1_249' title='bbox 579 1971 752 2023; x_wconf 87' lang='lat' dir='ltr'><strong>improbi</strong></span> <span class='ocrx_word' id='word_1_250' title='bbox 784 1985 920 2012; x_wconf 80' lang='lat' dir='ltr'><strong>curam</strong></span> <span class='ocrx_word' id='word_1_251' title='bbox 952 1972 1029 2012; x_wconf 90' lang='lat' dir='ltr'><strong>nisi</strong></span> <span class='ocrx_word' id='word_1_252' title='bbox 1061 1972 1198 2013; x_wconf 90' lang='lat' dir='ltr'><strong>sedulo</strong></span> <span class='ocrx_word' id='word_1_253' title='bbox 1230 1973 1495 2022; x_wconf 81' lang='lat' dir='ltr'><strong>examinabis,</strong></span> <span class='ocrx_word' id='word_1_254' title='bbox 1537 1986 1673 2013; x_wconf 89' lang='lat' dir='ltr'><strong>omnes</strong></span> <span class='ocrx_word' id='word_1_255' title='bbox 1705 1981 1797 2042; x_wconf 81' lang='lat' dir='ltr'><strong>suas</strong></span> 
     </span>
     <span class='ocr_line' id='line_1_29' title="bbox 250 2031 1135 2083; baseline 0.001 -12"><span class='ocrx_word' id='word_1_256' title='bbox 250 2032 427 2071; x_wconf 83' lang='lat' dir='ltr'><strong>rationes</strong></span> <span class='ocrx_word' id='word_1_257' title='bbox 459 2031 597 2071; x_wconf 88' lang='lat' dir='ltr'><strong>eodem</strong></span> <span class='ocrx_word' id='word_1_258' title='bbox 627 2032 746 2072; x_wconf 92' lang='lat' dir='ltr'><strong>modo</strong></span> <span class='ocrx_word' id='word_1_259' title='bbox 777 2045 902 2083; x_wconf 81' lang='lat' dir='ltr'><strong>praue</strong></span> <span class='ocrx_word' id='word_1_260' title='bbox 934 2032 1135 2073; x_wconf 84' lang='lat' dir='ltr'><strong>subducet.</strong></span> 
     </span>
    </p>

    <p class='ocr_par' dir='ltr' id='par_1_5' title="bbox 250 2087 1797 2209">
     <span class='ocr_line' id='line_1_30' title="bbox 299 2087 1797 2143; baseline 0.001 -12"><span class='ocrx_word' id='word_1_261' title='bbox 299 2101 302 2103; x_wconf 65' lang='grc'><strong>“</strong></span> <span class='ocrx_word' id='word_1_262' title='bbox 371 2087 482 2132; x_wconf 90' lang='grc'>888.</span> <span class='ocrx_word' id='word_1_263' title='bbox 514 2091 669 2131; x_wconf 85' lang='lat' dir='ltr'><strong>Nonius</strong></span> <span class='ocrx_word' id='word_1_264' title='bbox 700 2106 737 2143; x_wconf 92' lang='lat' dir='ltr'><strong>p.</strong></span> <span class='ocrx_word' id='word_1_265' title='bbox 766 2093 863 2143; x_wconf 83' lang='lat'>275,</span> <span class='ocrx_word' id='word_1_266' title='bbox 891 2094 915 2132; x_wconf 92' lang='lat'>5</span> <span class='ocrx_word' id='word_1_267' title='bbox 952 2090 1135 2132; x_wconf 82' lang='lat' dir='ltr'><strong>‘Credere</strong></span> <span class='ocrx_word' id='word_1_268' title='bbox 1168 2094 1228 2132; x_wconf 89' lang='lat' dir='ltr'><strong>est</strong></span> <span class='ocrx_word' id='word_1_269' title='bbox 1258 2093 1378 2132; x_wconf 89' lang='lat' dir='ltr'><strong>fidem</strong></span> <span class='ocrx_word' id='word_1_270' title='bbox 1409 2093 1554 2133; x_wconf 85' lang='lat' dir='ltr'><strong>habere</strong></span> <span class='ocrx_word' id='word_1_271' title='bbox 1587 2094 1705 2133; x_wconf 89' lang='lat' dir='ltr'><strong>dictis</strong></span> <span class='ocrx_word' id='word_1_272' title='bbox 1731 2095 1797 2133; x_wconf 91' lang='lat' dir='ltr'><strong>uel</strong></span> 
     </span>
     <span class='ocr_line' id='line_1_31' title="bbox 250 2147 1795 2213; baseline 0.002 -23"><span class='ocrx_word' id='word_1_273' title='bbox 250 2152 378 2192; x_wconf 80' lang='lat' dir='ltr'><strong>factis.</strong></span> <span class='ocrx_word' id='word_1_274' title='bbox 440 2151 619 2191; x_wconf 87' lang='lat' dir='ltr'><strong>Lucilius</strong></span> <span class='ocrx_word' id='word_1_275' title='bbox 657 2152 724 2191; x_wconf 88' lang='lat' dir='ltr'><strong>lib.</strong></span> <span class='ocrx_word' id='word_1_276' title='bbox 753 2153 937 2191; x_wconf 89' lang='lat' dir='ltr'><strong>XXVII</strong></span> <span class='ocrx_word' id='word_1_277' title='bbox 970 2148 1047 2207; x_wconf 87' lang='lat' dir='ltr'><strong>(sic</strong></span> <span class='ocrx_word' id='word_1_278' title='bbox 1083 2152 1306 2194; x_wconf 86' lang='lat' dir='ltr'><strong>Leidensis·</strong></span> <span class='ocrx_word' id='word_1_279' title='bbox 1353 2154 1511 2194; x_wconf 88' lang='lat' dir='ltr'><strong>XXVI</strong></span> <span class='ocrx_word' id='word_1_280' title='bbox 1530 2147 1795 2213; x_wconf 79' lang='lat' dir='ltr'><strong>Guelferbyt.)</strong></span> 
     </span>
    </p>

    <p class='ocr_par' dir='ltr' id='par_1_6' title="bbox 251 2207 1799 2611">
     <span class='ocr_line' id='line_1_32' title="bbox 252 2207 1799 2266; baseline 0.003 -16.084"><span class='ocrx_word' id='word_1_281' title='bbox 252 2209 444 2263; x_wconf 82' lang='lat' dir='ltr'><strong>‘hymnis</strong></span> <span class='ocrx_word' id='word_1_282' title='bbox 483 2207 643 2266; x_wconf 85' lang='lat' dir='ltr'><strong>(hiemis</strong></span> <span class='ocrx_word' id='word_1_283' title='bbox 677 2212 914 2263; x_wconf 62' lang='grc' dir='ltr'>Θιιςῑβενόψ.</span> <span class='ocrx_word' id='word_1_284' title='bbox 939 2225 989 2252; x_wconf 82' lang='lat' dir='ltr'><strong>m.</strong></span> <span class='ocrx_word' id='word_1_285' title='bbox 1020 2208 1064 2266; x_wconf 89' lang='lat'><strong>1)</strong></span> <span class='ocrx_word' id='word_1_286' title='bbox 1103 2213 1226 2253; x_wconf 89' lang='lat' dir='ltr'><strong>uelim</strong></span> <span class='ocrx_word' id='word_1_287' title='bbox 1263 2215 1303 2253; x_wconf 91' lang='lat' dir='ltr'><strong>te</strong></span> <span class='ocrx_word' id='word_1_288' title='bbox 1339 2213 1382 2252; x_wconf 90' lang='lat' dir='ltr'><strong>id</strong></span> <span class='ocrx_word' id='word_1_289' title='bbox 1421 2214 1525 2265; x_wconf 85' lang='lat' dir='ltr'><strong>quod</strong></span> <span class='ocrx_word' id='word_1_290' title='bbox 1566 2228 1705 2254; x_wconf 83' lang='lat' dir='ltr'><strong>uerum</strong></span> <span class='ocrx_word' id='word_1_291' title='bbox 1737 2210 1799 2255; x_wconf 87' lang='lat' dir='ltr'><strong>est</strong></span> 
     </span>
     <span class='ocr_line' id='line_1_33' title="bbox 251 2269 1798 2326; baseline 0.002 -15"><span class='ocrx_word' id='word_1_292' title='bbox 251 2269 452 2311; x_wconf 35' lang='lat' dir='ltr'><strong>credere’ss</strong></span> <span class='ocrx_word' id='word_1_293' title='bbox 458 2269 468 2285; x_wconf 91' lang='lat'>&#39;</span> <span class='ocrx_word' id='word_1_294' title='bbox 520 2272 700 2311; x_wconf 88' lang='lat' dir='ltr'><strong>Positum</strong></span> <span class='ocrx_word' id='word_1_295' title='bbox 732 2274 794 2311; x_wconf 85' lang='lat' dir='ltr'><strong>est</strong></span> <span class='ocrx_word' id='word_1_296' title='bbox 823 2273 898 2312; x_wconf 91' lang='lat' dir='ltr'><strong>hoc</strong></span> <span class='ocrx_word' id='word_1_297' title='bbox 930 2274 1200 2325; x_wconf 81' lang='lat' dir='ltr'><strong>fragmentum</strong></span> <span class='ocrx_word' id='word_1_298' title='bbox 1232 2273 1338 2326; x_wconf 81' lang='lat' dir='ltr'><strong>apud</strong></span> <span class='ocrx_word' id='word_1_299' title='bbox 1364 2274 1542 2314; x_wconf 88' lang='lat' dir='ltr'><strong>Nonium</strong></span> <span class='ocrx_word' id='word_1_300' title='bbox 1573 2274 1679 2314; x_wconf 87' lang='lat' dir='ltr'><strong>inter</strong></span> <span class='ocrx_word' id='word_1_301' title='bbox 1705 2275 1798 2314; x_wconf 88' lang='lat' dir='ltr'><strong>libri</strong></span> 
     </span>
     <span class='ocr_line' id='line_1_34' title="bbox 251 2331 1797 2385; baseline 0.001 -14"><span class='ocrx_word' id='word_1_302' title='bbox 251 2332 360 2371; x_wconf 92' lang='lat' dir='ltr'><strong>XXX</strong></span> <span class='ocrx_word' id='word_1_303' title='bbox 385 2346 423 2370; x_wconf 92' lang='lat' dir='ltr'><strong>u.</strong></span> <span class='ocrx_word' id='word_1_304' title='bbox 452 2333 538 2371; x_wconf 82' lang='lat'><strong>970</strong></span> <span class='ocrx_word' id='word_1_305' title='bbox 564 2333 604 2370; x_wconf 92' lang='lat' dir='ltr'><strong>et</strong></span> <span class='ocrx_word' id='word_1_306' title='bbox 628 2331 802 2370; x_wconf 92' lang='lat' dir='ltr'><strong>XXVIII</strong></span> <span class='ocrx_word' id='word_1_307' title='bbox 828 2346 865 2371; x_wconf 91' lang='lat' dir='ltr'><strong>u.</strong></span> <span class='ocrx_word' id='word_1_308' title='bbox 895 2335 918 2371; x_wconf 86' lang='lat'><strong>7</strong></span> <span class='ocrx_word' id='word_1_309' title='bbox 923 2333 997 2371; x_wconf 86' lang='lat'><strong>80.</strong></span> <span class='ocrx_word' id='word_1_310' title='bbox 1029 2334 1166 2384; x_wconf 82' lang='lat' dir='ltr'><strong>itaque</strong></span> <span class='ocrx_word' id='word_1_311' title='bbox 1197 2335 1267 2373; x_wconf 80' lang='lat' dir='ltr'><strong>aut</strong></span> <span class='ocrx_word' id='word_1_312' title='bbox 1292 2333 1388 2373; x_wconf 86' lang='lat' dir='ltr'><strong>libri</strong></span> <span class='ocrx_word' id='word_1_313' title='bbox 1412 2334 1587 2373; x_wconf 91' lang='lat' dir='ltr'><strong>XXVIII</strong></span> <span class='ocrx_word' id='word_1_314' title='bbox 1611 2334 1700 2385; x_wconf 82' lang='lat' dir='ltr'><strong>fuit,</strong></span> <span class='ocrx_word' id='word_1_315' title='bbox 1733 2336 1797 2374; x_wconf 90' lang='lat' dir='ltr'><strong>cui</strong></span> 
     </span>
     <span class='ocr_line' id='line_1_35' title="bbox 252 2391 1796 2445; baseline 0.003 -15"><span class='ocrx_word' id='word_1_316' title='bbox 252 2391 443 2431; x_wconf 83' lang='lat' dir='ltr'><strong>attribuit</strong></span> <span class='ocrx_word' id='word_1_317' title='bbox 466 2391 692 2442; x_wconf 85' lang='lat' dir='ltr'><strong>Muellerus,</strong></span> <span class='ocrx_word' id='word_1_318' title='bbox 724 2394 794 2443; x_wconf 90' lang='lat' dir='ltr'><strong>qui</strong></span> <span class='ocrx_word' id='word_1_319' title='bbox 819 2394 1021 2432; x_wconf 86' lang='lat' dir='ltr'><strong>senarium</strong></span> <span class='ocrx_word' id='word_1_320' title='bbox 1047 2393 1268 2444; x_wconf 87' lang='lat' dir='ltr'><strong>constituit,</strong></span> <span class='ocrx_word' id='word_1_321' title='bbox 1300 2396 1373 2433; x_wconf 84' lang='lat' dir='ltr'><strong>aut</strong></span> <span class='ocrx_word' id='word_1_322' title='bbox 1396 2393 1603 2445; x_wconf 85' lang='lat' dir='ltr'><strong>XXVIIII,</strong></span> <span class='ocrx_word' id='word_1_323' title='bbox 1636 2394 1700 2433; x_wconf 90' lang='lat' dir='ltr'><strong>cui</strong></span> <span class='ocrx_word' id='word_1_324' title='bbox 1726 2407 1796 2434; x_wconf 90' lang='lat' dir='ltr'><strong>nos</strong></span> 
     </span>
     <span class='ocr_line' id='line_1_36' title="bbox 251 2451 1799 2506; baseline 0.001 -15"><span class='ocrx_word' id='word_1_325' title='bbox 251 2451 426 2491; x_wconf 85' lang='lat' dir='ltr'><strong>tribuere</strong></span> <span class='ocrx_word' id='word_1_326' title='bbox 462 2451 661 2491; x_wconf 77' lang='lat' dir='ltr'><strong>malumus</strong></span> <span class='ocrx_word' id='word_1_327' title='bbox 698 2451 786 2491; x_wconf 88' lang='lat' dir='ltr'><strong>ideo</strong></span> <span class='ocrx_word' id='word_1_328' title='bbox 825 2452 932 2503; x_wconf 90' lang='lat' dir='ltr'><strong>quod</strong></span> <span class='ocrx_word' id='word_1_329' title='bbox 968 2453 1043 2493; x_wconf 90' lang='lat' dir='ltr'><strong>hoc</strong></span> <span class='ocrx_word' id='word_1_330' title='bbox 1080 2452 1122 2492; x_wconf 91' lang='lat' dir='ltr'><strong>in</strong></span> <span class='ocrx_word' id='word_1_331' title='bbox 1159 2453 1261 2494; x_wconf 90' lang='lat' dir='ltr'><strong>libro</strong></span> <span class='ocrx_word' id='word_1_332' title='bbox 1299 2454 1347 2493; x_wconf 89' lang='lat' dir='ltr'><strong>de</strong></span> <span class='ocrx_word' id='word_1_333' title='bbox 1385 2453 1587 2505; x_wconf 81' lang='lat' dir='ltr'><strong>Hymnide</strong></span> <span class='ocrx_word' id='word_1_334' title='bbox 1630 2456 1799 2506; x_wconf 81' lang='lat' dir='ltr'><strong>apparet</strong></span> 
     </span>
     <span class='ocr_line' id='line_1_37' title="bbox 253 2511 1799 2564; baseline 0.003 -14"><span class='ocrx_word' id='word_1_335' title='bbox 253 2513 386 2551; x_wconf 81' lang='lat' dir='ltr'><strong>actum</strong></span> <span class='ocrx_word' id='word_1_336' title='bbox 410 2511 534 2551; x_wconf 87' lang='lat' dir='ltr'><strong>fuisse</strong></span> <span class='ocrx_word' id='word_1_337' title='bbox 559 2512 795 2563; x_wconf 80' lang='lat' dir='ltr'><strong>septenariis</strong></span> <span class='ocrx_word' id='word_1_338' title='bbox 821 2512 1002 2552; x_wconf 87' lang='lat' dir='ltr'><strong>uersibus</strong></span> <span class='ocrx_word' id='word_1_339' title='bbox 1028 2513 1188 2564; x_wconf 80' lang='lat' dir='ltr'><strong>qualem</strong></span> <span class='ocrx_word' id='word_1_340' title='bbox 1214 2526 1426 2553; x_wconf 87' lang='lat' dir='ltr'><strong>numerum</strong></span> <span class='ocrx_word' id='word_1_341' title='bbox 1450 2514 1570 2553; x_wconf 77' lang='lat' dir='ltr'><strong>facile</strong></span> <span class='ocrx_word' id='word_1_342' title='bbox 1590 2515 1799 2555; x_wconf 81' lang='lat' dir='ltr'><strong>restituas:</strong></span> 
     </span>
     <span class='ocr_line' id='line_1_38' title="bbox 252 2571 533 2611; baseline -0.004 0"><span class='ocrx_word' id='word_1_343' title='bbox 252 2571 344 2611; x_wconf 89' lang='lat' dir='ltr'><strong>uide</strong></span> <span class='ocrx_word' id='word_1_344' title='bbox 368 2584 408 2610; x_wconf 90' lang='lat' dir='ltr'><strong>u.</strong></span> <span class='ocrx_word' id='word_1_345' title='bbox 436 2572 533 2611; x_wconf 89' lang='lat'><strong>894.</strong></span> 
     </span>
    </p>

    <p class='ocr_par' dir='ltr' id='par_1_7' title="bbox 253 2626 1797 2745">
     <span class='ocr_line' id='line_1_39' title="bbox 373 2626 1797 2683; baseline 0.002 -13"><span class='ocrx_word' id='word_1_346' title='bbox 373 2626 484 2671; x_wconf 79' lang='lat'><strong>890.</strong></span> <span class='ocrx_word' id='word_1_347' title='bbox 516 2631 671 2672; x_wconf 87' lang='lat' dir='ltr'><strong>Nonius</strong></span> <span class='ocrx_word' id='word_1_348' title='bbox 697 2645 734 2683; x_wconf 89' lang='lat' dir='ltr'><strong>p.</strong></span> <span class='ocrx_word' id='word_1_349' title='bbox 763 2633 861 2683; x_wconf 83' lang='lat'>369,</span> <span class='ocrx_word' id='word_1_350' title='bbox 889 2633 943 2672; x_wconf 84' lang='lat'><strong>32</strong></span> <span class='ocrx_word' id='word_1_351' title='bbox 979 2629 1155 2683; x_wconf 81' lang='lat' dir='ltr'><strong>‘Putare‚</strong></span> <span class='ocrx_word' id='word_1_352' title='bbox 1181 2633 1404 2673; x_wconf 82' lang='lat' dir='ltr'><strong>aestimare.</strong></span> <span class='ocrx_word' id='word_1_353' title='bbox 1434 2665 1441 2672; x_wconf 89' lang='lat'><strong>.</strong></span> <span class='ocrx_word' id='word_1_354' title='bbox 1463 2666 1471 2674; x_wconf 92' lang='lat'><strong>.</strong></span> <span class='ocrx_word' id='word_1_355' title='bbox 1495 2665 1501 2672; x_wconf 92' lang='lat'><strong>.</strong></span> <span class='ocrx_word' id='word_1_356' title='bbox 1522 2634 1703 2674; x_wconf 88' lang='lat' dir='ltr'><strong>Lucilius</strong></span> <span class='ocrx_word' id='word_1_357' title='bbox 1729 2634 1797 2674; x_wconf 91' lang='lat' dir='ltr'><strong>lib.</strong></span> 
     </span>
     <span class='ocr_line' id='line_1_40' title="bbox 253 2688 1797 2745; baseline 0.002 -15"><span class='ocrx_word' id='word_1_358' title='bbox 253 2690 447 2730; x_wconf 87' lang='lat' dir='ltr'><strong>XXVIIII</strong></span> <span class='ocrx_word' id='word_1_359' title='bbox 486 2688 639 2744; x_wconf 82' lang='lat' dir='ltr'><strong>“perge</strong></span> <span class='ocrx_word' id='word_1_360' title='bbox 668 2723 675 2731; x_wconf 91' lang='lat'><strong>.</strong></span> <span class='ocrx_word' id='word_1_361' title='bbox 697 2723 704 2730; x_wconf 91' lang='lat'><strong>.</strong></span> <span class='ocrx_word' id='word_1_362' title='bbox 727 2723 734 2730; x_wconf 93' lang='lat'><strong>.</strong></span> <span class='ocrx_word' id='word_1_363' title='bbox 753 2696 865 2742; x_wconf 77' lang='lat' dir='ltr'><strong>potes</strong></span> <span class='ocrx_word' id='word_1_364' title='bbox 891 2723 898 2731; x_wconf 90' lang='lat'><strong>.</strong></span> <span class='ocrx_word' id='word_1_365' title='bbox 922 2724 929 2732; x_wconf 91' lang='lat'><strong>.</strong></span> <span class='ocrx_word' id='word_1_366' title='bbox 952 2724 959 2731; x_wconf 94' lang='lat'><strong>.</strong></span> <span class='ocrx_word' id='word_1_367' title='bbox 985 2690 1184 2745; x_wconf 88' lang='lat' dir='ltr'><strong>putem’&#39;.’</strong></span> <span class='ocrx_word' id='word_1_368' title='bbox 1248 2694 1370 2734; x_wconf 86' lang='lat' dir='ltr'><strong>Recte</strong></span> <span class='ocrx_word' id='word_1_369' title='bbox 1406 2694 1688 2734; x_wconf 82' lang='lat' dir='ltr'><strong>Lachmannus</strong></span> <span class='ocrx_word' id='word_1_370' title='bbox 1726 2708 1797 2733; x_wconf 91' lang='lat' dir='ltr'><strong>nu-</strong></span> 
     </span>
    </p>
   </div>
   <div class='ocr_carea' id='block_1_3' title="bbox 253 2750 1797 2851">
    <p class='ocr_par' dir='ltr' id='par_1_8' title="bbox 253 2750 1797 2851">
     <span class='ocr_line' id='line_1_41' title="bbox 253 2750 1797 2803; baseline 0.002 -13"><span class='ocrx_word' id='word_1_371' title='bbox 253 2750 372 2791; x_wconf 89' lang='lat' dir='ltr'><strong>meris</strong></span> <span class='ocrx_word' id='word_1_372' title='bbox 403 2753 450 2790; x_wconf 91' lang='lat' dir='ltr'><strong>ut</strong></span> <span class='ocrx_word' id='word_1_373' title='bbox 479 2753 726 2791; x_wconf 83' lang='lat' dir='ltr'><strong>succurreret</strong></span> <span class='ocrx_word' id='word_1_374' title='bbox 748 2755 861 2802; x_wconf 78' lang='lat' dir='ltr'><strong>pote:</strong></span> <span class='ocrx_word' id='word_1_375' title='bbox 891 2766 1008 2793; x_wconf 89' lang='lat' dir='ltr'><strong>nemo</strong></span> <span class='ocrx_word' id='word_1_376' title='bbox 1040 2754 1146 2793; x_wconf 90' lang='lat' dir='ltr'><strong>enim</strong></span> <span class='ocrx_word' id='word_1_377' title='bbox 1172 2753 1274 2793; x_wconf 89' lang='lat' dir='ltr'><strong>illud</strong></span> <span class='ocrx_word' id='word_1_378' title='bbox 1305 2756 1393 2803; x_wconf 77' lang='lat' dir='ltr'><strong>face</strong></span> <span class='ocrx_word' id='word_1_379' title='bbox 1430 2754 1595 2794; x_wconf 87' lang='lat' dir='ltr'><strong>audebit</strong></span> <span class='ocrx_word' id='word_1_380' title='bbox 1630 2757 1797 2794; x_wconf 80' lang='lat' dir='ltr'><strong>mutare.</strong></span> 
     </span>
     <span class='ocr_line' id='line_1_42' title="bbox 254 2810 774 2851; baseline 0.006 -3"><span class='ocrx_word' id='word_1_381' title='bbox 254 2810 388 2850; x_wconf 79' lang='lat' dir='ltr'><strong>Verba.</strong></span> <span class='ocrx_word' id='word_1_382' title='bbox 419 2813 513 2850; x_wconf 89' lang='lat' dir='ltr'><strong>sunt</strong></span> <span class='ocrx_word' id='word_1_383' title='bbox 541 2810 774 2851; x_wconf 84' lang='lat' dir='ltr'><strong>meretricis.</strong></span> 
     </span>
    </p>
   </div>
   <div class='ocr_carea' id='block_1_4' title="bbox 254 2865 1798 3108">
    <p class='ocr_par' dir='ltr' id='par_1_9' title="bbox 254 2865 1798 3108">
     <span class='ocr_line' id='line_1_43' title="bbox 375 2865 1798 2922; baseline 0.002 -13"><span class='ocrx_word' id='word_1_384' title='bbox 375 2865 486 2910; x_wconf 82' lang='grc'>891.</span> <span class='ocrx_word' id='word_1_385' title='bbox 517 2871 673 2911; x_wconf 86' lang='lat' dir='ltr'><strong>Nonius</strong></span> <span class='ocrx_word' id='word_1_386' title='bbox 703 2884 741 2922; x_wconf 93' lang='lat' dir='ltr'><strong>p.</strong></span> <span class='ocrx_word' id='word_1_387' title='bbox 770 2872 873 2921; x_wconf 88' lang='grc'>289,</span> <span class='ocrx_word' id='word_1_388' title='bbox 908 2873 964 2912; x_wconf 87' lang='grc'><strong>30</strong></span> <span class='ocrx_word' id='word_1_389' title='bbox 1010 2869 1254 2922; x_wconf 71' lang='lat' dir='ltr'><strong>‘Bestiam-e,</strong></span> <span class='ocrx_word' id='word_1_390' title='bbox 1299 2886 1438 2912; x_wconf 87' lang='lat' dir='ltr'><strong>emere.</strong></span> <span class='ocrx_word' id='word_1_391' title='bbox 1507 2873 1686 2912; x_wconf 88' lang='lat' dir='ltr'><strong>Lucilius</strong></span> <span class='ocrx_word' id='word_1_392' title='bbox 1729 2873 1798 2912; x_wconf 91' lang='lat' dir='ltr'><strong>lib.</strong></span> 
     </span>
     <span class='ocr_line' id='line_1_44' title="bbox 254 2924 1798 2986; baseline 0.003 -18"><span class='ocrx_word' id='word_1_393' title='bbox 254 2928 448 2968; x_wconf 89' lang='lat' dir='ltr'><strong>XXVIIII</strong></span> <span class='ocrx_word' id='word_1_394' title='bbox 473 2924 667 2984; x_wconf 88' lang='lat' dir='ltr'><strong>(XXVIII</strong></span> <span class='ocrx_word' id='word_1_395' title='bbox 688 2926 838 2986; x_wconf 77' lang='lat' dir='ltr'><strong>Guelf.)</strong></span> <span class='ocrx_word' id='word_1_396' title='bbox 872 2928 1008 2980; x_wconf 75' lang='lat' dir='ltr'><strong>“facio</strong></span> <span class='ocrx_word' id='word_1_397' title='bbox 1039 2933 1092 2971; x_wconf 82' lang='lat' dir='ltr'><strong>ad</strong></span> <span class='ocrx_word' id='word_1_398' title='bbox 1123 2933 1297 2972; x_wconf 71' lang='lat' dir='ltr'><strong>temonem</strong></span> <span class='ocrx_word' id='word_1_399' title='bbox 1324 2964 1332 2971; x_wconf 88' lang='lat'><strong>.</strong></span> <span class='ocrx_word' id='word_1_400' title='bbox 1354 2964 1361 2971; x_wconf 90' lang='lat'><strong>.</strong></span> <span class='ocrx_word' id='word_1_401' title='bbox 1385 2964 1391 2971; x_wconf 94' lang='lat'><strong>.</strong></span> <span class='ocrx_word' id='word_1_402' title='bbox 1418 2929 1647 2973; x_wconf 52' lang='lat' dir='ltr'><strong>destinet-&#39;1’</strong></span> <span class='ocrx_word' id='word_1_403' title='bbox 1694 2933 1798 2973; x_wconf 78' lang='lat' dir='ltr'><strong>facio</strong></span> 
     </span>
     <span class='ocr_line' id='line_1_45' title="bbox 254 2986 1798 3044; baseline 0.003 -16"><span class='ocrx_word' id='word_1_404' title='bbox 254 2986 384 3041; x_wconf 74' lang='lat' dir='ltr'><strong>(cito)</strong></span> <span class='ocrx_word' id='word_1_405' title='bbox 411 2989 642 3036; x_wconf 79' lang='lat' dir='ltr'><strong>Muellerus,</strong></span> <span class='ocrx_word' id='word_1_406' title='bbox 674 2990 800 3030; x_wconf 73' lang='lat' dir='ltr'><strong>malui</strong></span> <span class='ocrx_word' id='word_1_407' title='bbox 831 2990 975 3030; x_wconf 79' lang='lat' dir='ltr'><strong>addere</strong></span> <span class='ocrx_word' id='word_1_408' title='bbox 1006 2991 1096 3031; x_wconf 74' lang='lat' dir='ltr'><strong>ilico</strong></span> <span class='ocrx_word' id='word_1_409' title='bbox 1126 2992 1234 3043; x_wconf 89' lang='lat' dir='ltr'><strong>quod</strong></span> <span class='ocrx_word' id='word_1_410' title='bbox 1257 3005 1543 3043; x_wconf 80' lang='lat' dir='ltr'><strong>saepenumero</strong></span> <span class='ocrx_word' id='word_1_411' title='bbox 1569 2992 1733 3044; x_wconf 89' lang='lat' dir='ltr'><strong>ponitur</strong></span> <span class='ocrx_word' id='word_1_412' title='bbox 1757 2995 1798 3032; x_wconf 91' lang='lat' dir='ltr'><strong>in</strong></span> 
     </span>
     <span class='ocr_line' id='line_1_46' title="bbox 255 3045 1796 3108; baseline 0.003 -20"><span class='ocrx_word' id='word_1_413' title='bbox 255 3049 364 3089; x_wconf 89' lang='lat' dir='ltr'><strong>exitu</strong></span> <span class='ocrx_word' id='word_1_414' title='bbox 394 3061 533 3089; x_wconf 81' lang='lat' dir='ltr'><strong>uersus</strong></span> <span class='ocrx_word' id='word_1_415' title='bbox 559 3045 736 3105; x_wconf 88' lang='lat' dir='ltr'><strong>(Terent.</strong></span> <span class='ocrx_word' id='word_1_416' title='bbox 762 3050 908 3092; x_wconf 82' lang='lat' dir='ltr'><strong>Heaut.</strong></span> <span class='ocrx_word' id='word_1_417' title='bbox 936 3051 1021 3091; x_wconf 83' lang='lat'><strong>656</strong></span> <span class='ocrx_word' id='word_1_418' title='bbox 1048 3051 1192 3106; x_wconf 76' lang='lat' dir='ltr'><strong>Hecyr.</strong></span> <span class='ocrx_word' id='word_1_419' title='bbox 1223 3053 1306 3092; x_wconf 88' lang='grc'><strong>188</strong></span> <span class='ocrx_word' id='word_1_420' title='bbox 1332 3052 1490 3095; x_wconf 75' lang='lat' dir='ltr'><strong>Phorm,</strong></span> <span class='ocrx_word' id='word_1_421' title='bbox 1518 3053 1574 3094; x_wconf 83' lang='lat'><strong>88</strong></span> <span class='ocrx_word' id='word_1_422' title='bbox 1596 3051 1725 3108; x_wconf 82' lang='lat' dir='ltr'><strong>alibi).</strong></span> <span class='ocrx_word' id='word_1_423' title='bbox 1743 3075 1796 3084; x_wconf 83' lang='lat'><strong>—-·</strong></span> 
     </span>
    </p>
   </div>
  </div>
 </body>
</html>
