2060 3444
301 294 387 340 386
782 292 910 331 incert.
938 291 1015 331 sed.
1041 307 1077 330 u.
1106 296 1351 331 1215-1219.

301 410 458 449 laborat
507 409 702 458 explicare
763 410 802 447 et
863 420 1047 447 excusare
1107 407 1237 459 Asper
1292 421 1354 459 ap.
1397 407 1630 458 Pompeium
1689 405 1763 445 GL
1800 406 1835 444 V
1876 421 1878 423 ·

303 483 340 520 p.
364 470 460 518 273,
489 469 542 507 10
556 468 604 508 K.

426 522 565 567 1218.
598 527 751 566 Nonius
778 541 814 578 p.
838 529 904 577 72,
927 530 978 566 11
1010 524 1132 578 ‘Algu
1157 540 1230 578 pro
1256 527 1402 579 algore.
1437 559 1444 565 .
1466 559 1474 566 .
1496 558 1503 565 .
1523 526 1700 565 Lucilius
1723 522 1838 564 “nan

303 591 383 627 tam
414 582 489 641 (ita
514 587 599 626 LG
623 599 673 626 m.
694 589 741 627 ,2.-
772 589 909 626 natam
937 587 974 626 G
998 600 1047 626 m.
1072 590 1117 626 1:
1146 600 1239 625 nam
1265 589 1349 625 tam
1374 581 1571 640 impressi)
1598 587 1693 637 algu
1718 587 1838 635 atque

303 648 460 699 nigrore
491 643 682 686 maius''.'
746 646 994 686 Describitur
1031 649 1071 685 et
1101 646 1234 698 gelida
1264 659 1343 685 nox
1373 648 1412 685 et
1442 646 1568 697 nigra.
1630 645 1707 684 Pro
1737 657 1837 684 mm-

304 711 383 746 tam
426 707 532 758 quod
573 706 716 746 habuit
759 707 1014 758 archetypus,
1057 709 1222 746 nautam
1265 706 1419 756 Iunius,
1471 718 1551 745 non
1595 708 1675 744 tam
1718 703 1839 744 codex

307 767 545 806 Harleianus
576 767 700 805 Nonii
729 780 779 805 m.
805 769 840 805 1.
1546 806 1549 810 Α

426 821 568 866 1219.
600 825 740 865 Festus
776 840 813 877 p.
836 827 934 875 376,
961 827 1014 864 22
1056 823 1276 865 ‘Vindiciae
1314 826 1568 876 appellantur
1598 837 1660 863 res
1692 837 1761 863 eae
1792 823 1840 863 d'e

268 914 271 917 ψ
306 886 446 936 quibus
485 886 754 925 controuersia
786 888 846 925 est
871 916 878 924 .
901 916 908 923 .
931 915 938 924 .
965 885 1141 925 Lucilius
1187 882 1333 924 “nemo
1370 885 1434 923 hic
1477 884 1671 923 uindicias
1713 896 1839 934 neque

305 959 417 985 sacra
445 958 464 982 *
490 940 639 999 (hiatus
676 947 830 994 siynum
854 946 990 994 posuit
1019 946 1205 984 Politiani
1242 939 1512 998 apoyraphon)
1549 940 1754 982 ueretur''.
1793 942 1840 981 de

306 1018 384 1056 quo
416 1005 537 1044 uerbo
564 1004 722 1044 Cincius
755 1005 811 1044 sic
843 1005 918 1044 ait:
947 1001 1186 1044 “Vindiciae
1218 1004 1314 1043 olim
1352 1004 1584 1044 dicebantur
1613 1004 1708 1042 illae
1740 1015 1840 1052 quae

306 1079 353 1104 ex
383 1065 506 1103 fundo
538 1067 718 1114 sumptae
755 1066 798 1103 in
829 1066 891 1103 ius
932 1065 1090 1104 adlatae
1122 1060 1296 1104 erant''.'
1360 1063 1465 1103 Conf
1493 1062 1592 1102 Gell.
1619 1063 1692 1101 XX
1720 1064 1785 1112 10,
1816 1063 1838 1101 7

308 1122 427 1163 ‘Nam
469 1124 515 1162 de
560 1137 639 1174 qua
681 1138 723 1163 re
767 1125 1012 1174 disceptatur
1047 1124 1090 1162 in
1125 1124 1211 1163 iure
1247 1123 1464 1174 praesenti,
1509 1124 1593 1162 siue
1633 1135 1727 1174 ager
1757 1123 1840 1161 siue

308 1184 404 1234 quid
436 1184 546 1223 aliud
577 1186 647 1233 est,
679 1197 768 1222 cum
799 1184 1026 1223 aduersario
1058 1184 1177 1222 simul
1207 1196 1328 1222 manu
1358 1183 1597 1234 prehendere
1630 1184 1670 1221 et
1697 1177 1842 1234 in<cle>

307 1241 450 1296 ea<m>
482 1238 542 1297 (in
574 1256 620 1282 ea
652 1239 766 1297 codd)
798 1240 909 1295 re<m
939 1240 1218 1295 soll>emnibus
1251 1238 1267 1286 (
1269 1256 1311 1281 re
1353 1243 1534 1282 omnibus
1565 1237 1679 1295 codd)
1711 1241 1842 1280 uerbis

308 1303 524 1352 uindicare,
553 1303 595 1341 id
627 1305 687 1342 est
723 1299 925 1342 uindicia'.
986 1303 1193 1355 Agebatur
1230 1303 1272 1341 in
1309 1302 1503 1341 eiusmodi
1538 1302 1676 1340 litibus
1714 1313 1840 1341 sacra-

308 1365 441 1402 mento
485 1364 510 1401 i.
537 1376 568 1401 e.
612 1362 831 1418 πρυτανείῳ
877 1357 983 1416 (Gai.
1013 1362 1070 1401 IV
1107 1357 1198 1416 16):
1241 1374 1364 1412 quare
1409 1362 1516 1412 apud
1561 1360 1638 1400 Cic.
1670 1361 1752 1401 Mil.
1787 1361 1841 1399 74

308 1422 455 1461 Arnob.
482 1421 572 1461 adu.
599 1424 679 1461 nat.
705 1421 763 1461 IV
792 1423 844 1460 16
878 1436 915 1473 p.
940 1422 1035 1471 155,
1063 1422 1137 1461 5R
1172 1422 1370 1461 uindiciae
1408 1424 1448 1460 et
1485 1422 1732 1460 sacramenta
1762 1432 1842 1459 una

310 1482 575 1532 appellantur.
649 1482 910 1533 Magistratus
959 1481 1153 1521 uindicias
1205 1481 1360 1521 dicebat
1409 1481 1624 1521 secundum
1674 1481 1843 1520 alterum

308 1542 556 1593 litigantium
588 1536 692 1595 (Gai.
718 1542 742 1580 l.
771 1536 832 1595 3.),
865 1541 1073 1580 abdicebat
1104 1541 1153 1580 ab
1186 1542 1312 1580 altero
1349 1541 1433 1580 litis
1464 1541 1659 1579 uindicias
1692 1534 1804 1593 (Dig.
1823 1539 1843 1577 Ι

312 1603 348 1651 2,
377 1603 414 1649 2,
442 1596 530 1654 24),
555 1601 597 1639 id
621 1602 682 1640 est
708 1597 883 1639 ‘interim
909 1601 1083 1651 aliquem
1107 1613 1373 1651 possessorem
1392 1600 1659 1640 constituebat
1677 1612 1843 1649 eumque

309 1661 472 1699 iubebat
514 1660 679 1711 praedes
720 1661 948 1700 aduersario
986 1660 1079 1699 dare
1117 1660 1200 1700 litis
1238 1662 1278 1699 et
1313 1657 1591 1699 uindiciarum'
1632 1654 1736 1714 (Gai.
1762 1660 1787 1698 l.
1813 1671 1842 1698 s.

310 1720 466 1771 Fragm.
499 1720 680 1759 Vatican.
714 1719 739 1770 ἓ
767 1721 849 1758 336
900 1716 1077 1772 [Ascon]
1116 1722 1159 1759 in
1198 1720 1275 1760 Cic.
1301 1720 1412 1759 Verr.
1446 1722 1521 1759 act.
1546 1719 1587 1758 ΙΙ
1617 1719 1685 1757 lib.
1711 1718 1731 1757 I
1759 1718 1842 1757 115

310 1793 347 1830 p.
372 1781 452 1818 191
482 1774 585 1833 On),
629 1779 746 1818 iudex
789 1780 860 1818 dat
905 1780 1117 1819 uindicias:
1161 1780 1255 1819 conf
1288 1779 1434 1818 Arnob.
1461 1780 1487 1818 l.
1513 1792 1542 1819 s.
1580 1775 1674 1829 ‘quo
1716 1777 1844 1816 iudice

311 1839 599 1878 controuersias
636 1839 821 1878 tollemus
858 1838 1021 1878 tantas?
1053 1841 1140 1890 quis
1179 1840 1390 1890 quaesitor,
1423 1839 1510 1889 quis
1542 1838 1690 1877 arbiter
1720 1838 1845 1877 cerui-

312 1899 421 1937 cibus
464 1898 588 1937 tantis
632 1897 724 1950 erit,
775 1899 843 1948 qui
891 1899 996 1938 inter
1033 1911 1221 1949 personas
1267 1899 1495 1939 huiusmodi
1539 1900 1609 1937 aut
1650 1897 1844 1937 uindicias

311 1959 437 1996 iustas
469 1957 563 1995 dare
598 1959 668 1995 aut
698 1959 945 1996 sacramenta
975 1960 1139 1997 conetur
1168 1960 1426 2008 pronuntiare
1458 1971 1537 1996 non
1567 1959 1675 1997 iusta
1683 1954 1718 1996 ‘P'
1766 1956 1843 1996 Cic.

312 2017 394 2054 Mil.
424 2017 478 2054 74
505 2012 611 2054 ‘eum
638 2046 674 2054 ..
697 2047 704 2055 .
731 2017 795 2054 cui
828 2016 910 2055 iam
940 2016 1051 2055 nulla
1081 2017 1144 2054 lex
1175 2020 1272 2067 erat,
1304 2018 1457 2056 nullum
1489 2018 1606 2056 ciuile
1638 2019 1711 2067 ius,
1743 2017 1845 2056 nulli

312 2075 604 2124 possessionum
634 2076 806 2124 termini,
838 2076 907 2124 qui
938 2088 1016 2114 non
1048 2077 1247 2115 calumnia
1277 2076 1428 2125 litium,
1458 2089 1536 2115 non
1568 2076 1727 2116 iniustis
1758 2077 1845 2114 uin-

314 2134 427 2173 diciis
467 2146 512 2172 ac
548 2135 804 2174 sacramentis
843 2134 992 2173 alienos
1029 2135 1184 2184 fundos,
1215 2136 1283 2175 sed
1315 2137 1472 2185 castris,
1503 2137 1689 2185 exercitu,
1721 2137 1845 2186 signis

313 2192 526 2231 inferendis
563 2190 752 2243 petebat’.
812 2193 926 2232 Vnde
963 2194 1196 2234 Huschkeus
1234 2196 1392 2246 scripsit
1428 2208 1556 2245 neque
1599 2198 1843 2234 sacramenta

313 2254 487 2291 meretur:
529 2264 650 2301 neque
691 2264 807 2292 sacra
848 2265 969 2301 neque
1010 2266 1155 2297 numen
1196 2257 1352 2294 πενθέων
1393 2256 1515 2306 uulgo
1557 2255 1763 2306 legebatur
1802 2256 1844 2293 in

314 2311 423 2350 Festi
454 2311 704 2361 editionibus,
736 2313 995 2364 apographon
1024 2316 1159 2353 tamen
1189 2314 1381 2353 Politiani
1411 2314 1519 2353 istud
1548 2326 1669 2362 neque
1701 2326 1845 2353 numen

316 2371 467 2409 omittit
515 2372 556 2409 et
604 2373 717 2423 signa
766 2372 922 2411 exhibet
970 2373 1114 2412 hiatus.
1188 2374 1338 2413 Tamen
1380 2386 1516 2414 uersus
1559 2375 1687 2413 exitus
1729 2386 1846 2413 sacra

314 2433 470 2469 πενθέων
518 2443 607 2470 cum
654 2430 697 2469 in
739 2443 855 2471 sacra
897 2432 1058 2471 breuem
1094 2433 1294 2484 producit,
1336 2433 1482 2473 Lucilii
1522 2434 1845 2473 consuetudinem

316 2491 495 2539 sequitur
533 2503 612 2540 qua
648 2490 696 2529 de
734 2491 867 2542 agitur
902 2493 944 2530 in
980 2492 1109 2532 indice
1152 2506 1316 2544 gramm.
1343 2506 1372 2532 s.
1391 2507 1429 2534 u.
1460 2494 1676 2542 productio.
1746 2492 1844 2532 Con-

316 2550 429 2598 queri
470 2550 630 2588 uidetur
650 2572 652 2574 -
670 2552 790 2600 poeta
833 2551 881 2589 de
923 2551 1088 2591 libidine
1130 2566 1168 2602 p.
1187 2553 1233 2591 R.
1278 2565 1357 2603 qua
1399 2553 1549 2593 alienos
1589 2553 1732 2592 fundos
1774 2553 1844 2592 illo

316 2610 491 2658 tempore
540 2610 802 2660 occupabant:
852 2611 973 2649 sicuti
1014 2612 1166 2651 Ennius
1216 2625 1306 2651 cum
1354 2613 1492 2652 scribit
1535 2610 1630 2652 ‘non
1672 2625 1719 2651 ex
1757 2613 1844 2651 iure

316 2681 476 2706 manum
526 2671 764 2718 consertum,
814 2670 882 2708 sed
924 2671 1051 2722 magis
1093 2671 1197 2711 ferro
1240 2686 1324 2711 rem
1365 2674 1552 2723 repetunt
1594 2694 1650 2699 -
1693 2671 1846 2711 uadunt

317 2727 444 2766 solida
485 2725 542 2766 ui'
588 2724 707 2782 (Gell.
733 2729 758 2768 1.
785 2741 813 2768 s.
841 2731 878 2768 4.
909 2725 982 2784 10)
1026 2743 1160 2770 omnes
1197 2733 1252 2770 ·ui
1301 2745 1434 2784 agere,
1483 2732 1679 2771 neminem
1717 2744 1844 2781 neque

315 2786 510 2826 uindicias
541 2787 582 2826 id
614 2790 674 2827 est
702 2787 790 2827 iura
826 2801 1096 2840 possessorum
1132 2805 1259 2842 neque
1300 2804 1412 2831 sacra
1441 2792 1466 2831 i.
1494 2804 1526 2830 e.
1558 2792 1650 2831 deos
1681 2792 1844 2842 penates

316 2847 456 2885 timere
501 2841 614 2901 (Hor.
646 2860 763 2887 carm.
794 2848 836 2887 Π
869 2850 941 2899 18,
969 2844 1062 2904 26),
1105 2851 1199 2900 quia
1241 2851 1357 2890 iudex
1401 2853 1608 2902 corruptus
1650 2851 1844 2890 uindicias

318 2906 481 2945 daturus
537 2908 590 2946 sit
643 2908 823 2947 iniustas.
899 2908 1002 2948 Conf
1046 2910 1202 2949 Petron.
1237 2912 1294 2949 44
1351 2908 1480 2950 ‘nemo
1538 2911 1644 2949 enim
1692 2911 1845 2950 caelum

317 2967 451 3016 putat,
505 2979 620 3005 nemo
673 2967 865 3007 ieiunium
919 2971 1070 3019 seruat,
1124 2983 1239 3009 nemo
1293 2970 1431 3009 Iouem
1485 2970 1559 3021 pili
1607 2970 1722 3019 facit,
1777 2969 1846 3009 sed

318 3037 451 3065 omnes
489 3027 636 3077 opertis
669 3027 792 3066 oculis
821 3028 926 3068 bona
956 3042 1027 3069 sua
1067 3032 1309 3080 computant.
1370 3032 1489 3069 antea
1528 3030 1697 3069 stolatae
1732 3029 1846 3068 ibant
