2060 3444
785 249 838 286 XI
861 261 898 287 n.
925 252 1126 285 407—411.
1282 234 1284 236 ’
1724 249 1810 293 153

254 368 299 408 in
339 366 479 418 armis,
529 366 684 407 sternat
732 366 773 406 et
825 364 1012 406 aduersos
1054 365 1186 404 Marte
1229 364 1392 404 fauente
1436 361 1571 405 duces'
1617 364 1764 405 Tibull.
1789 365 1810 405 I

259 429 326 479 10,
355 428 422 468 29.

377 482 487 529 409.
519 487 675 527 Nonius
701 502 739 539 p.
762 488 861 538 227,
888 487 942 526 33
972 483 1159 535 ‘torquem
1185 486 1342 538 generis
1361 486 1585 526 masculini.
1628 486 1808 527 Lucilius

257 550 485 601 satyrarum
539 548 609 587 lib.
641 547 699 587 XI
727 545 1003 602 f‘conuentus
1030 578 1037 585 .
1067 578 1075 586 .
1103 578 1111 586 .
1143 547 1278 586 braces
1327 541 1512 599 (brachos
1562 541 1712 601 Guelf.)
1741 579 1778 587 ..
1801 580 1809 587 .

257 611 428 659 torquem
466 609 570 648 datis
607 604 806 660 magni”.'
870 607 983 647 Idem
1020 621 1058 658 p.
1081 607 1185 658 506,
1213 608 1269 647 20
1309 603 1495 659 ‘Fulgere
1533 609 1808 658 correpte...

256 670 435 710 Lucilius
474 670 701 721 satyrarum
742 668 811 708 lib.
830 668 889 707 XI
922 665 1173 707 “conuentus
1202 699 1209 706 .
1232 699 1239 706 .
1262 698 1269 705 .
1294 668 1458 718 torques
1490 665 1685 717 mayni’'.'
1749 669 1809 707 De

257 731 456 770 conuentu
487 728 709 769 “Gallorum
752 729 821 781 agi
863 729 1063 768 intellexit
1107 727 1344 768 Guilelmius
1380 727 1565 767 Verisim.
1598 728 1640 767 H
1675 741 1760 780 cap.
1785 731 1807 768 7

257 791 364 842 quod
393 790 607 830 bracarum
638 802 823 843 sagorum
858 789 1027 840 denique
1052 789 1260 839 torquium
1285 788 1513 828 nominibus
1541 788 1588 827 fit
1613 791 1808 840 apertum.

258 852 440 891 Similem
460 852 701 891 conuentum
721 850 963 890 Asianorum
986 849 1176 889 describit
1194 849 1284 888 Dio.
1304 849 1417 889 Prus.
1437 849 1586 888 XXXV
1604 850 1624 888 I
1650 864 1687 901 p.
1710 851 1808 890 335.

259 913 343 952 336
382 912 498 951 Arn.:
540 912 660 951 aliter
697 912 929 962 comparata
967 912 1060 950 sunt
1103 923 1206 961 quae
1247 910 1388 949 narrat
1423 909 1553 949 Varr'o
1590 911 1634 948 in
1671 912 1810 950 satura

258 971 331 1026 ἔχω
364 983 405 1012 σε
440 973 526 1012 170
545 972 597 1011 Β;
638 969 735 1011 ‘tela
772 971 911 1010 dextra
947 970 1113 1010 uibrant
1153 967 1183 1023 †
1214 971 1390 1010 russatia
1421 971 1595 1010 emicant
1627 973 1747 1022 atque
1779 967 1810 1023 †

255 1032 480 1085 insignibus
518 1032 675 1072 Martis
701 1033 863 1082 torques
903 1044 1046 1071 aureae
1083 1032 1196 1070 scuta
1234 1031 1391 1070 caelata
1427 1030 1608 1070 Hiberon
1646 1025 1692 1085 (n
1730 1032 1810 1071 add

257 1087 537 1147 Buechelerus)
577 1093 743 1145 argento
781 1093 898 1145 graui
935 1092 1075 1131 crebra
1112 1088 1298 1144 fulgent'.
1366 1091 1426 1131 De
1464 1090 1591 1131 Gallis
1631 1091 1710 1131 Cic.
1736 1106 1809 1143 pro

257 1154 439 1194 Fonteio
476 1155 551 1203 15,
584 1154 638 1192 33
686 1150 769 1192 ‘Sic
818 1153 1057 1192 existimatis
1108 1164 1175 1191 eos
1224 1152 1290 1191 hic
1340 1153 1502 1204 sagatos
1545 1152 1809 1204 bracatosque

257 1215 410 1254 uersari
453 1215 588 1253 animo
632 1213 803 1253 demisso
849 1214 969 1264 atque
1012 1213 1159 1252 humili
1187 1243 1193 1251 .
1217 1244 1224 1251 .
1247 1209 1303 1252 .‘?'
1366 1212 1556 1252 Formam
1598 1213 1809 1266 uulgarem

257 1275 392 1314 braces
429 1287 551 1325 quam
587 1275 759 1314 reiciunt
796 1274 1052 1326 grammatici
1083 1272 1156 1313 GL
1182 1273 1222 1311 V
1246 1286 1284 1324 p.
1306 1274 1410 1323 572,
1445 1275 1496 1312 11
1532 1273 1612 1312 VII
1642 1288 1681 1325 p.
1711 1274 1808 1324 108,

260 1336 315 1376 10
329 1335 366 1374 Κ
391 1334 519 1374 altero
544 1335 669 1374 Nonii
687 1335 776 1374 loco
797 1347 891 1375 casu
910 1335 1042 1374 ortam
1061 1346 1144 1374 esse
1164 1347 1253 1374 cum
1274 1335 1466 1384 sequatur
1484 1346 1583 1383 saya
1602 1334 1808 1385 probabile

257 1398 334 1436 est:
349 1407 426 1447 pro
446 1396 629 1435 braeibus
647 1395 720 1435 Ed.
739 1395 910 1435 Dioclet.
929 1394 1010 1433 VH
1030 1395 1098 1434 46.
1151 1393 1257 1434 Gonf
1273 1393 1482 1434 Gallorum
1501 1394 1810 1446 descriptionem

257 1458 301 1496 in
331 1456 452 1508 Verg.
471 1455 571 1495 Aen.
590 1455 693 1495 VIII
719 1456 803 1495 659
839 1452 989 1495 ‘Aurea
1021 1456 1216 1495 caesaries
1248 1455 1339 1494 ollis
1373 1456 1493 1506 atque
1520 1468 1640 1494 aurea
1671 1457 1808 1506 uestis,

257 1517 428 1569 uirgatis
459 1517 595 1556 lucent
625 1516 793 1568 sagulis3
830 1517 919 1555 tum
955 1516 1086 1555 lactea
1124 1516 1227 1555 colla
1269 1528 1366 1554 auro
1396 1512 1670 1555 innectuntur'
1704 1516 1808 1555 unde

259 1576 382 1616 Silius
406 1572 472 1616 ‘IV
506 1577 591 1616 154
632 1573 762 1616 ‘Colla
801 1577 881 1615 uiri
924 1576 1037 1615 fuluo
1080 1575 1296 1615 radiabant
1338 1575 1470 1615 lactea
1505 1577 1666 1627 torque,
1710 1589 1808 1616 auro

257 1638 441 1689 uirgatae
472 1639 616 1688 uestes,
646 1638 906 1688 manicaeque
936 1636 1129 1689 rigebant·
1155 1649 1202 1676 ex
1221 1649 1349 1686 -auro,
1388 1637 1428 1675 et
1465 1636 1589 1675 simili
1620 1636 1809 1676 uibrabat

259 1698 380 1738 crista
411 1694 604 1737 metallo'.

379 1751 493 1798 411.
526 1757 681 1798 Gellius
711 1757 771 1796 IV
797 1758 866 1808 17,
889 1759 910 1797 1
941 1753 1103 1796 ‘Lucilii
1136 1770 1182 1798 ex
1212 1757 1270 1796 XI
1301 1770 1438 1797 uersus
1471 1758 1566 1797 sunt
1592 1788 1600 1796 .
1622 1788 1660 1796 ..
1688 1752 1807 1812 (394.

262 1812 368 1870 395)
394 1817 505 1857 Idem
530 1818 638 1857 infra
665 1814 877 1858 “conicere
902 1847 911 1856 .
933 1848 941 1857 .
962 1848 970 1856 .
992 1814 1161 1857 Grani''.
1193 1818 1236 1856 in
1260 1818 1336 1857 hac
1362 1830 1519 1869 quoque
1547 1818 1671 1869 primi
1694 1818 1810 1858 uerbi

259 1879 556 1930 praepositione
582 1878 632 1918 ob
659 1877 824 1918 eandem
851 1891 1012 1918 causam
1036 1875 1308 1929 producunt’.'
1355 1877 1491 1918 Cicero
1516 1879 1560 1917 in
1584 1878 1711 1918 Bruto
1738 1879 1808 1929 43,

265 1940 349 1978 160
395 1935 563 1978 ‘Multae
607 1938 749 1978 deinde
794 1951 955 1989 causae3
1005 1938 1074 1978 sed
1116 1939 1177 1978 ita
1219 1939 1367 1978 tacitus
1411 1939 1641 1978 tribunatus
1683 1933 1807 1994 (anno

261 1993 499 2053 647s107)‚
536 1999 585 2038 ut
621 2000 700 2039 nisi
735 2000 778 2038 in
816 2012 861 2038 eo
899 1999 1141 2051 magistratu
1179 2000 1402 2039 cenauisset
1433 1999 1539 2050 apud
1570 2012 1809 2050 praeconem

260 2058 452 2098 Granium
495 2059 615 2110 idque
652 2059 766 2099 nobis
803 2059 865 2098 bis
902 2060 1148 2099 narrauisset
1188 2059 1385 2110 Lucilius,
1428 2059 1636 2099 tribunum
1679 2060 1808 2111 plebis

259 2121 500 2159 nesciremus
543 2117 694 2159 fuisse’.
767 2119 923 2159 Ibidem
962 2120 1037 2169 46,
1071 2121 1154 2159 172
1203 2117 1305 2172 ‘Ego
1355 2121 1522 2159 memini
1571 2120 1615 2158 T.
1642 2120 1809 2160 Tincam

260 2180 538 2219 Placentinum
562 2180 764 2219 hominem
788 2180 1076 2220 facetissimum
1102 2193 1191 2219 cum
1216 2180 1410 2220 familiari
1428 2181 1564 2220 nostro
1591 2179 1636 2226 Q.
1658 2179 1807 2226 Granio

261 2252 455 2291 praecone
497 2240 710 2279 dicacitate
748 2242 911 2280 certare.
975 2239 1072 2290 eon’,
1112 2241 1247 2291 inquit
1283 2241 1451 2290 Brutus,
1489 2240 1537 2280 de
1569 2253 1648 2291 quo
1679 2241 1809 2280 multa

260 2298 467 2339 Lucilius?
493 2300 571 2340 isto
597 2301 703 2351 ipso:
729 2300 796 2340 sed
822 2300 990 2340 Tincam
1014 2313 1094 2340 non
1120 2302 1252 2341 minus
1274 2301 1405 2340 multa
1423 2300 1591 2340 ridicule
1611 2300 1808 2341 dicentem

264 2359 436 2399 Granius
457 2359 651 2400 obruebat
675 2362 807 2400 nescio
833 2374 911 2411 quo
938 2374 1079 2412 sapore
1103 2358 1347 2400 uernaculo’.
1401 2361 1526 2400 Tinca
1550 2361 1807 2400 Placentinus

263 2421 372 2459 cuius
405 2432 623 2472 cognomen
655 2419 852 2460 Gallicum
895 2421 1047 2473 legitur
1077 2420 1225 2461 Auson.
1257 2421 1410 2460 Mosell.
1446 2435 1483 2460 u.
1520 2421 1622 2472 125,
1667 2421 1807 2461 Gallus

264 2481 361 2530 erat,
394 2479 565 2520 Granius
601 2481 751 2520 Romae
788 2482 893 2520 uixit
929 2483 970 2521 et
1005 2482 1106 2521 teste
1140 2480 1326 2522 Cicerone
1366 2481 1521 2521 urbana
1550 2482 1691 2533 lingua
1722 2483 1806 2520 ute-

261 2540 398 2590 batur,
435 2541 524 2580 cum
562 2541 688 2580 Tinea
725 2541 926 2581 auditores
964 2541 1180 2582 offenderet
1215 2542 1442 2582 rusticitate
1483 2543 1675 2582 sermonis
1716 2555 1807 2593 pro-

262 2600 458 2640 uincialis.
527 2601 677 2640 Romae
715 2600 954 2642 Graniorum
991 2602 1189 2641 familiam
1233 2604 1361 2642 artem
1403 2603 1658 2654 praeconiam
1699 2615 1807 2641 exer-

264 2661 390 2700 cuisse
426 2661 531 2712 lapis
573 2661 749 2701 urbanae
793 2663 960 2715 originis
996 2663 1170 2702 testatur
1207 2662 1315 2713 apud
1350 2662 1638 2702 Buechelerum
1677 2660 1806 2701 Carm.

262 2720 351 2760 Lat.
379 2721 585 2772 epigraph.
610 2721 631 2759 I
655 2735 693 2773 p.
716 2722 784 2772 26,
806 2722 860 2761 53
892 2723 935 2761 in
968 2735 1046 2773 quo
1078 2734 1216 2762 uersus
1243 2724 1381 2762 extant
1407 2720 1608 2773 ‘pudentis
1633 2722 1807 2761 hominis

265 2780 372 2831 frugi
409 2793 500 2820 cum
536 2793 683 2833 magna
719 2780 796 2820 fide
834 2783 1040 2832 praeconis
1072 2781 1139 2822 Oli
1170 2781 1295 2822 Grani
1334 2784 1428 2822 sunt
1458 2794 1549 2822 ossa
1579 2782 1667 2821 heic
1698 2779 1807 2831 sita’,

264 2840 506 2891 subscriptio
549 2842 610 2879 est
653 2837 716 2879 Ἀ.
746 2839 918 2881 Granius
954 2842 1007 2880 M.
1033 2842 1060 2881 1.
1087 2842 1258 2881 Sta-bilio
1311 2839 1481 2893 praeco’.
1556 2842 1723 2881 Tincam
1767 2844 1808 2882 et

266 2898 460 2939 Granium
497 2899 710 2940 dicacitate
748 2902 963 2950 certantes,
1000 2903 1047 2941 ut
1083 2902 1190 2953 apud
1220 2901 1435 2941 Horatium
1479 2914 1593 2942 serm.
1619 2901 1639 2939 I
1673 2902 1716 2951 5,
1749 2902 1804 2941 52

265 2959 511 2999 altercantur
542 2959 774 3000 Sarmentus
809 2961 1056 3012 Messiusque
1096 2961 1286 3011 Cicirrus,
1327 2962 1511 3001 audierat
1542 2961 1679 3001 Cicero
1711 2962 1807 3001 adu-

265 3019 415 3060 lescens
465 3019 601 3060 decem
649 3021 715 3060 uel
764 3021 989 3073 quindecim
1039 3034 1163 3062 annos
1215 3023 1307 3073 post
1357 3021 1492 3062 Crassi
1538 3022 1806 3062 tribunatum:
