2060 3444
268 266 353 309 248
829 261 947 297 XXVI
971 273 1006 296 u.
1035 262 1233 302 eea-682.

389 372 499 417 681.
519 377 672 415 Νο111113
691 388 728 425 p.
748 375 816 424 88,
839 376 890 413 26
914 370 1122 412 ‘cribrum
1167 372 1344 411 Lucilius
1363 372 1430 411 lib.
1445 373 1577 412 XXVI
1598 370 1800 415 “cribrum

272 469 308 476 ..
332 469 338 476 .
364 439 406 475 in
437 437 595 475 laterem
625 436 668 473 in
698 435 820 473 telam
851 429 1048 472 licium'’.'
1100 433 1275 471 Euan-at
1298 434 1418 483 poeta
1447 445 1509 472 res
1540 430 1670 483 utiles,
1702 445 1801 484 (11133
1856 468 1857 471 ,

270 498 439 536 libenter
481 496 647 534 maritus
691 495 805 532 uxori
849 493 1073 532 domisedae
1124 493 1165 531 et
1205 491 1389 531 lanificae
1431 493 1531 532 uelit
1575 505 1802 544 comparare

273 556 407 607 quales
434 556 640 593 enumerat
665 553 763 593 Cato
790 553 837 592 de
864 566 945 604 agr.
966 553 1059 591 cult.
1083 553 1150 602 13,
1179 554 1199 590 1
1230 549 1418 591 ‘cribrum
1437 551 1457 590 I
1481 553 1765 593 incerniculum
1782 553 1804 592 1

274 648 281 655 .
304 648 310 654 .
333 647 340 654 .
366 616 548 654 lucernas
576 611 610 649 *ι’
640 627 670 652 0.
693 627 728 663 q.
750 626 778 651 s.
806 612 900 651 conf
924 613 1026 661 151,
1054 613 1077 651 3
1122 608 1187 651 eeo
1228 611 1355 651 cribro
1398 612 1546 651 terram
1581 610 1803 654 incernito'.

270 677 313 715 iu
356 676 511 713 laterem
557 673 653 723 quid
697 674 750 711 sit
792 672 986 711 traditum
1029 684 1107 710 non
1149 673 1218 710 est.
1287 670 1365 710 Sed
1403 671 1585 712 Tibullus
1608 671 1650 713 II
1678 675 1720 725 1,
1748 672 1802 712 65

272 732 406 785 ‘atque
433 735 567 784 aliqua
592 733 755 772 adsidue
785 733 931 770 textrix
964 733 1128 782 operata
1153 730 1377 770 Mineruam
1409 733 1546 771 cantat
1577 734 1616 772 et
1641 733 1805 782 adpluso

272 795 353 833 tela
397 796 512 832 sonat
555 790 685 831 latere'
732 805 820 831 cum
859 791 1023 841 scribat,
1066 792 1133 829 uix
1171 792 1251 830 alio
1288 791 1405 830 modo
1445 793 1627 844 intellegi
1656 793 1806 844 poterit

272 855 392 903 locus,
423 855 501 893 nisi
533 853 566 891 31
596 853 763 891 laterem
791 865 879 891 03111
905 864 987 891 0330
1013 853 1168 902 partem
1194 850 1360 891 lanificii
1383 852 1673 903 intellegemus,
1705 865 1806 903 quae

264 915 483 963 percutitur
519 914 674 962 pectine
718 912 783 950 uel
812 912 981 959 panitur
1018 911 1082 950 uel
1122 912 1282 960 feritur:
1326 911 1420 950 conf
1453 911 1555 951 Giris
1589 913 1672 951 179
1712 909 1807 952 ‘non

250 973 421 1023 Libyco
453 973 591 1011 molles
616 973 867 1021 plauduntur
891 970 1047 1021 pectine
1072 971 1175 1010 telae
1201 972 1242 1010 et
1265 971 1394 1010 Varro
1421 971 1468 1010 de
1492 972 1518 1010 1.
1544 971 1632 1010 Lat.
1658 971 1695 1009 V
1722 973 1805 1012 113

276 1030 466 1081 ‘densum,
499 1045 523 1070 3
554 1031 735 1070 dentibus
766 1031 952 1081 pectinis,
993 1030 1136 1081 quibus
1165 1027 1334 1080 feritur'.
1396 1030 1492 1071 Inde
1524 1033 1684 1071 auctore
1714 1031 1807 1072 Isid.

273 1093 370 1143 orig.
391 1092 484 1130 XIX
513 1092 580 1140 22,
609 1093 661 1130 19
697 1088 926 1130 ‘leuidensis
958 1084 1119 1145 (uestis)
1153 1090 1259 1141 quod
1282 1103 1373 1130 raro
1398 1090 1465 1130 filo
1493 1092 1557 1141 sit,
1587 1092 1831 1142 leuiterque-

274 1153 450 1202 densata,
481 1151 700 1201 pauitensis
733 1151 934 1190 contraria
964 1150 1159 1190 leuidensi
1189 1150 1307 1201 dicta,
1339 1150 1445 1201 quod
1470 1152 1649 1203 grauiter
1672 1164 1808 1203 pressa

274 1213 392 1262 atque
434 1212 586 1251 calcata
629 1207 696 1250 sit’
743 1209 857 1249 Ouid.
889 1210 981 1251 fast.
1006 1210 1069 1249 ΠΙ
1095 1211 1181 1249 820
1226 1207 1313 1249 ‘illa
1357 1212 1476 1250 etiam
1521 1212 1665 1250 stantis
1695 1210 1808 1251 radio

273 1284 498 1323 percurrere
523 1272 624 1310 telas
651 1270 783 1309 erudit
808 1273 848 1310 et
871 1283 1007 1322 rarum
1031 1271 1188 1321 pectine
1208 1270 1345 1310 denset
1364 1267 1477 1321 opus’
1507 1272 1665 1310 metam.
1679 1271 1738 1310 VI
1753 1271 1806 1310 56

275 1329 478 1371 ‘inseritur
514 1331 689 1369 medium
726 1331 850 1370 radiis
881 1330 1086 1370 subtemen
1118 1331 1265 1380 acutis,
1297 1330 1402 1380 quod
1435 1331 1553 1382 digiti
1584 1330 1809 1381 expediunt,

274 1393 393 1442 atque
443 1392 547 1429 inter
597 1390 769 1430 stamina
815 1390 978 1429 ductum
1030 1402 1214 1441 percusso
1258 1390 1428 1440 pauiunt
1468 1391 1611 1430 insecti
1652 1392 1809 1442 pectine

275 1447 424 1490 dentes’
457 1451 604 1489 Lucan.
629 1451 664 1488 X
694 1451 775 1489 142
811 1447 905 1499 ‘filo,
938 1450 1042 1500 quod
1066 1450 1216 1489 Nilotis
1245 1462 1338 1490 acus
1364 1462 1630 1501 compressum
1654 1451 1810 1501 pectine

276 1510 414 1550 Serum
457 1510 579 1549 soluit
620 1511 660 1549 et
703 1523 749 1548 ex
793 1509 912 1550 denso
958 1510 1112 1549 laxauit
1147 1510 1321 1550 stamina
1364 1507 1467 1549 uelo’
1509 1510 1645 1550 quen.
1671 1510 1727 1549 IX
1755 1511 1808 1550 28

277 1568 459 1621 ‘pingues
486 1569 701 1620 aliquando
732 1570 910 1609 lacernas
932 1601 939 1608 .
962 1601 969 1608 .
991 1601 998 1608 .
1020 1571 1060 1609 01
1090 1569 1194 1609 111310
1225 1581 1429 1621 percussas
1460 1570 1625 1609 textoris
1655 1571 1812 1621 pectine

278 1629 386 1669 Galli
417 1627 659 1680 accipimus'.
722 1629 857 1669 Poscit
892 1630 1017 1682 igitur
1057 1630 1200 1669 mulier
1230 1631 1437 1680 tamquam
1468 1629 1645 1670 officiosa
1675 1630 1812 1670 licium

277 1690 393 1729 modo
425 1691 467 1728 in
498 1690 677 1739 laterem,
707 1690 733 1728 i.
754 1703 784 1728 0.
811 1690 853 1728 111
879 1689 1042 1730 densum
1069 1689 1119 1728 ad
1145 1689 1483 1729 continuationem
1509 1691 1638 1741 operis
1664 1690 1812 1729 dudum

275 1750 442 1800 incepti,
485 1749 601 1788 modo
644 1751 686 1788 in
730 1750 870 1800 telam,
910 1751 935 1788 i.
963 1763 993 1788 e.
1035 1752 1081 1788 ut
1123 1759 1271 1789 nouum
1314 1749 1450 1789 sedulo
1494 1762 1592 1801 opus
1636 1750 1812 1790 inchoet:

278 1809 395 1860 Verg.
416 1822 548 1861 georg.
568 1809 589 1847 I
615 1810 700 1848 284
735 1806 933 1865 ‘septuma
963 1810 1055 1861 post
1085 1809 1291 1850 decumam
1322 1809 1417 1849 felix
1448 1811 1489 1849 et
1518 1823 1663 1861 ponere
1689 1810 1814 1850 uitem

278 1871 318 1908 et
359 1882 520 1919 prensos
564 1868 759 1908 domitare
802 1869 926 1909 boues
970 1871 1011 1908 et
1052 1869 1146 1909 11013
1183 1870 1286 1909 10130
1324 1866 1482 1909 addere’
1522 1869 1607 1909 Tib.
1639 1869 1660 1908 I
1686 1870 1731 1920 6,
1758 1871 1811 1909 79

279 1925 485 1978 ‘firmaque
529 1929 733 1968 conductis
777 1929 954 1968 adnectit
995 1929 1090 1968 licia
1129 1926 1248 1968 telis'.
1316 1928 1500 1968 Laterem
1537 1927 1698 1982 ἀγνῦθα
1727 1930 1753 1968 1.
1780 1942 1812 1968 0.

278 1989 507 2039 lapillorum
546 1989 720 2039 aliquem
758 2001 836 2039 quo
875 1988 1092 2028 utebantur
1127 1989 1177 2027 ad
1215 1990 1368 2028 stamen
1406 1988 1663 2041 derigendum
1695 1983 1812 2043 (Poll.

278 2047 355 2085 VII
383 2049 436 2086 36
470 2048 708 2088 Bitschelius
747 2061 877 2099 opusc.
902 2048 961 2087 IV
986 2062 1024 2099 p.
1047 2043 1151 2102 678)
1184 2048 1383 2100 intellegit
1413 2048 1676 2088 Buechelerus
1713 2049 1812 2089 Mus.

279 2107 400 2145 Rhen.
434 2107 565 2146 XLIII
599 2109 710 2147 1888
743 2122 781 2159 p.
810 2109 891 2147 291
945 2107 1040 2147 dum
1092 2107 1231 2147 scribit
1277 2105 1512 2158 ε111001113111,
1560 2109 1727 2148 laterem
1770 2110 1814 2148 in

279 2166 419 2215 telam,
456 2164 619 2206 licium'.
682 2167 737 2206 At
772 2180 834 2206 res
871 2169 990 2207 nimis
1027 2167 1120 2207 uilis
1162 2169 1202 2207 et
1232 2167 1380 2218 pusilla
1410 2168 1587 2218 uidetur,
1625 2168 1734 2208 cuius
1766 2168 1814 2207 de

279 2227 408 2276 pretio
446 2226 567 2266 uerba
598 2227 696 2266 fiant
727 2241 860 2267 coram
891 2228 1054 2267 marito:
1095 2241 1222 2278 neque
1253 2228 1438 2268 mulieres
1469 2229 1552 2267 13013
1581 2230 1691 2268 10013
1722 2240 1813 2267 11333

282 2297 363 2324 0330
406 2284 502 2324 κατὰ
546 2284 617 2337 τὴν
661 2285 826 2340 ἀρχαίαν
869 2285 1092 2339 ὑφαντικήν
1136 2287 1246 2327 cuius
1290 2288 1404 2327 erant
1440 2285 1616 2340 ἀγνῦθες
1653 2289 1814 2327 auctore

282 2345 442 2384 Polluce
479 2345 503 2383 l.
525 2357 552 2384 s.
575 2358 603 2385 s.
636 2347 767 2386 aetate
797 2346 945 2386 Lucilii
977 2348 1137 2387 omnino
1168 2346 1374 2398 probabile
1412 2349 1480 2387 est.
1536 2347 1680 2398 Itaque
1711 2348 1816 2400 *later

283 2404 366 2442 siue
393 2405 553 2443 densum
579 2419 660 2445 esse
685 2406 844 2445 uidetur
868 2408 1001 2457 ipsum
1026 2408 1253 2446 contextum
1278 2407 1303 2445 i.
1324 2419 1355 2445 e.
1382 2405 1424 2446 τὸ
1449 2406 1554 2457 ὕφος
1579 2407 1646 2446 1101
1675 2406 1813 2463 σπάθῃ

282 2463 346 2502 1101
378 2462 481 2502 κτενὶ
512 2463 774 2518 κεκρουμένον
807 2461 1048 2520 (Hesychius
1074 2479 1103 2506 s.
1124 2481 1162 2505 u.
1189 2462 1426 2520 σπαθατόν).

402 2518 511 2563 682.
550 2524 703 2564 Nonius
740 2539 778 2575 p.
807 2527 879 2575 97,
909 2528 932 2564 7
974 2523 1297 2577 ‘Depooulassere
1337 2538 1382 2565 ac
1422 2525 1744 2580 deargentassere
1769 2527 1817 2566 -et

284 2581 581 2622 decalauticare.
652 2584 829 2638 Lucilius
872 2585 939 2624 lib.
971 2585 1103 2624 XXVI
1146 2583 1467 2635 “depoculassere
1511 2580 1817 2639 (depeculassere

283 2636 504 2695 Leidensis)
550 2673 557 2680 .
593 2673 599 2679 .
634 2674 641 2680 .
687 2645 844 2694 speculo
906 2642 1258 2694 depeculassere’'.’
1352 2646 1646 2694 Depoclasscre,
1710 2645 1816 2697 quod

284 2699 326 2737 L.
346 2700 389 2738 F.
411 2700 651 2740 Schmidtius
682 2704 817 2752 posuit
847 2705 998 2753 primus
1029 2705 1071 2743 in
1102 2705 1204 2744 libro
1237 2705 1284 2744 de
1314 2704 1460 2744 Lucilii
1490 2704 1592 2744 libro
1617 2705 1674 2744 IX
1699 2719 1736 2756 p.
1760 2706 1812 2744 12

286 2759 436 2808 adnot,
478 2761 622 2799 nititur
663 2762 850 2801 lemmate
888 2764 1025 2813 Nonii,
1057 2766 1098 2803 01
1133 2766 1176 2803 111
1213 2778 1250 2802 u.
1282 2764 1427 2804 Lucilii
1465 2765 1598 2804 codice
1635 2763 1679 2803 G.
1747 2765 1816 2804 Nil

220 2840 226 2844 -
285 2819 409 2869 igitur
450 2819 545 2858 boni
587 2821 629 2858 in
666 2821 834 2860 lectione
872 2823 1017 2862 codicis
1054 2823 1086 2862 L
1125 2837 1226 2874 (11130
1263 2826 1427 2875 propter
1462 2826 1633 2863 metrum
1669 2825 1818 2864 11111033

286 2879 346 2915 031
382 2879 676 2926 depeculassere.
745 2880 853 2926 Quae
891 2895 937 2920 ex
974 2896 1012 2921 u.
1044 2884 1268 2934 insequenti
1304 2884 1407 2922 male
1446 2885 1506 2923 est
1540 2885 1713 2934 repetita
1748 2884 1817 2923 ubi

286 2936 391 2974 idem
434 2939 498 2975 uir
541 2939 677 2978 doctus
720 2953 792 2989 pro
835 2942 1122 2989 depeculassere
1163 2946 1268 2982 recte
1320 2944 1456 2993 posuit
1498 2944 1816 2992 despeculassere.

286 2993 427 3045 Itaque
464 2998 723 3045 clepoelassere
761 3001 800 3038 et
837 3001 1149 3049 dearyeutassere
1180 3002 1230 3041 ad
1261 3002 1368 3041 idem
1398 3003 1585 3053 poculum
1616 3003 1818 3054 pertinent
