<?xml version="1.0" encoding="UTF-8"?>
<!DOCTYPE html PUBLIC "-//W3C//DTD XHTML 1.0 Transitional//EN"
    "http://www.w3.org/TR/xhtml1/DTD/xhtml1-transitional.dtd">
<html xmlns="http://www.w3.org/1999/xhtml" xml:lang="en" lang="en">
 <head>
  <title>
</title>
<meta http-equiv="Content-Type" content="text/html;charset=utf-8" />
  <meta name='ocr-system' content='tesseract 3.04.00' />
  <meta name='ocr-capabilities' content='ocr_page ocr_carea ocr_par ocr_line ocrx_word'/>
</head>
<body>
  <div class='ocr_page' id='page_1' title='image "./carminumreliquia02luciuoft_0295.png"; bbox 0 0 2060 3444; ppageno 0'>
   <div class='ocr_carea' id='block_1_1' title="bbox 804 253 1801 297">
    <p class='ocr_par' dir='ltr' id='par_1_1' title="bbox 804 253 1801 297">
     <span class='ocr_line' id='line_1_1' title="bbox 804 253 1801 297; baseline 0.002 -3"><span class='ocrx_word' id='word_1_1' title='bbox 804 256 941 294; x_wconf 81' lang='lat' dir='ltr'>XXVII</span> <span class='ocrx_word' id='word_1_2' title='bbox 965 269 1001 293; x_wconf 88' lang='lat' dir='ltr'>u.</span> <span class='ocrx_word' id='word_1_3' title='bbox 1031 259 1231 294; x_wconf 65' lang='lat' dir='ltr'>vae-734.</span> <span class='ocrx_word' id='word_1_4' title='bbox 1712 253 1801 297; x_wconf 82' lang='lat'>263</span> 
     </span>
    </p>
   </div>
   <div class='ocr_carea' id='block_1_2' title="bbox 235 367 1810 2421">
    <p class='ocr_par' dir='ltr' id='par_1_2' title="bbox 235 367 1810 2421">
     <span class='ocr_line' id='line_1_2' title="bbox 252 367 1808 422; baseline -0.004 -7"><span class='ocrx_word' id='word_1_5' title='bbox 252 373 492 415; x_wconf 86' lang='lat' dir='ltr'>lectionibus</span> <span class='ocrx_word' id='word_1_6' title='bbox 506 372 718 413; x_wconf 86' lang='lat' dir='ltr'>Harleiani</span> <span class='ocrx_word' id='word_1_7' title='bbox 738 374 778 412; x_wconf 90' lang='lat' dir='ltr'>et</span> <span class='ocrx_word' id='word_1_8' title='bbox 790 372 1016 412; x_wconf 86' lang='lat' dir='ltr'>Florentini</span> <span class='ocrx_word' id='word_1_9' title='bbox 1035 384 1163 422; x_wconf 89' lang='lat' dir='ltr'>neque</span> <span class='ocrx_word' id='word_1_10' title='bbox 1183 371 1280 410; x_wconf 88' lang='lat' dir='ltr'>olim</span> <span class='ocrx_word' id='word_1_11' title='bbox 1299 368 1519 409; x_wconf 84' lang='lat' dir='ltr'>arbitratus</span> <span class='ocrx_word' id='word_1_12' title='bbox 1533 381 1633 409; x_wconf 88' lang='lat' dir='ltr'>sum.</span> <span class='ocrx_word' id='word_1_13' title='bbox 1666 367 1808 409; x_wconf 85' lang='lat' dir='ltr'>Potuit</span> 
     </span>
     <span class='ocr_line' id='line_1_3' title="bbox 254 429 1804 482; baseline -0.005 -7"><span class='ocrx_word' id='word_1_14' title='bbox 254 434 424 475; x_wconf 87' lang='lat' dir='ltr'>scribere</span> <span class='ocrx_word' id='word_1_15' title='bbox 454 433 633 474; x_wconf 78' lang='lat' dir='ltr'><strong>Lucilius</strong></span> <span class='ocrx_word' id='word_1_16' title='bbox 667 430 840 473; x_wconf 80' lang='lat' dir='ltr'>‘aridum</span> <span class='ocrx_word' id='word_1_17' title='bbox 872 432 1061 471; x_wconf 89' lang='lat' dir='ltr'>miserum</span> <span class='ocrx_word' id='word_1_18' title='bbox 1093 433 1214 482; x_wconf 90' lang='lat' dir='ltr'>atque</span> <span class='ocrx_word' id='word_1_19' title='bbox 1245 430 1385 469; x_wconf 83' lang='lat' dir='ltr'>infelix</span> <span class='ocrx_word' id='word_1_20' title='bbox 1409 429 1583 482; x_wconf 85' lang='lat' dir='ltr'>lignum:</span> <span class='ocrx_word' id='word_1_21' title='bbox 1615 429 1804 469; x_wconf 87' lang='lat' dir='ltr'>sabucum</span> 
     </span>
     <span class='ocr_line' id='line_1_4' title="bbox 251 483 1803 544; baseline -0.004 -9"><span class='ocrx_word' id='word_1_22' title='bbox 251 491 398 536; x_wconf 78' lang='lat' dir='ltr'>uocat&#39;.</span> <span class='ocrx_word' id='word_1_23' title='bbox 443 494 714 534; x_wconf 60' lang='lat' dir='ltr'>Miserrimum</span> <span class='ocrx_word' id='word_1_24' title='bbox 746 493 918 544; x_wconf 76' lang='lat' dir='ltr'>scripsit,</span> <span class='ocrx_word' id='word_1_25' title='bbox 957 493 1077 532; x_wconf 90' lang='lat' dir='ltr'>sicuti</span> <span class='ocrx_word' id='word_1_26' title='bbox 1109 491 1277 530; x_wconf 85' lang='lat' dir='ltr'>Plautus</span> <span class='ocrx_word' id='word_1_27' title='bbox 1310 483 1552 530; x_wconf 72' lang='lat' dir='ltr'>simillumae</span> <span class='ocrx_word' id='word_1_28' title='bbox 1583 489 1696 530; x_wconf 85' lang='lat' dir='ltr'>Asin.</span> <span class='ocrx_word' id='word_1_29' title='bbox 1719 491 1803 529; x_wconf 84' lang='lat'>241</span> 
     </span>
     <span class='ocr_line' id='line_1_5' title="bbox 251 544 1805 606; baseline -0.004 -10"><span class='ocrx_word' id='word_1_30' title='bbox 251 549 472 596; x_wconf 69' lang='lat' dir='ltr'>uicissatim</span> <span class='ocrx_word' id='word_1_31' title='bbox 505 554 628 594; x_wconf 82' lang='lat' dir='ltr'>Stich.</span> <span class='ocrx_word' id='word_1_32' title='bbox 657 554 740 593; x_wconf 85' lang='lat'>532</span> <span class='ocrx_word' id='word_1_33' title='bbox 781 552 942 606; x_wconf 62' lang='lat' dir='ltr'>sagittis</span> <span class='ocrx_word' id='word_1_34' title='bbox 973 552 1108 591; x_wconf 90' lang='lat' dir='ltr'>Aulul.</span> <span class='ocrx_word' id='word_1_35' title='bbox 1138 551 1223 591; x_wconf 85' lang='lat'>395</span> <span class='ocrx_word' id='word_1_36' title='bbox 1255 544 1470 602; x_wconf 78' lang='lat' dir='ltr'>Philippeo</span> <span class='ocrx_word' id='word_1_37' title='bbox 1502 550 1689 590; x_wconf 86' lang='lat' dir='ltr'>Bacchid.</span> <span class='ocrx_word' id='word_1_38' title='bbox 1718 552 1805 590; x_wconf 85' lang='lat'>220</span> 
     </span>
     <span class='ocr_line' id='line_1_6' title="bbox 253 611 1804 667; baseline -0.004 -11"><span class='ocrx_word' id='word_1_39' title='bbox 253 616 346 666; x_wconf 85' lang='lat' dir='ltr'>alia,</span> <span class='ocrx_word' id='word_1_40' title='bbox 378 615 626 667; x_wconf 71' lang='lat' dir='ltr'>supellectile</span> <span class='ocrx_word' id='word_1_41' title='bbox 653 615 740 654; x_wconf 84' lang='lat' dir='ltr'>Ter.</span> <span class='ocrx_word' id='word_1_42' title='bbox 766 614 925 654; x_wconf 90' lang='lat' dir='ltr'>Phorm.</span> <span class='ocrx_word' id='word_1_43' title='bbox 955 614 1052 652; x_wconf 90' lang='lat'>666.</span> <span class='ocrx_word' id='word_1_44' title='bbox 1105 611 1224 652; x_wconf 82' lang='lat' dir='ltr'>Color</span> <span class='ocrx_word' id='word_1_45' title='bbox 1253 623 1393 651; x_wconf 86' lang='lat' dir='ltr'>uersus</span> <span class='ocrx_word' id='word_1_46' title='bbox 1425 612 1562 650; x_wconf 89' lang='lat' dir='ltr'>tamen</span> <span class='ocrx_word' id='word_1_47' title='bbox 1594 612 1655 650; x_wconf 86' lang='lat' dir='ltr'>est</span> <span class='ocrx_word' id='word_1_48' title='bbox 1679 612 1804 663; x_wconf 86' lang='lat' dir='ltr'>tragi-</span> 
     </span>
     <span class='ocr_line' id='line_1_7' title="bbox 251 670 1804 726; baseline -0.004 -10"><span class='ocrx_word' id='word_1_49' title='bbox 251 688 338 716; x_wconf 88' lang='lat' dir='ltr'>cus:</span> <span class='ocrx_word' id='word_1_50' title='bbox 369 676 541 716; x_wconf 88' lang='lat' dir='ltr'>similem</span> <span class='ocrx_word' id='word_1_51' title='bbox 572 687 734 715; x_wconf 89' lang='lat' dir='ltr'>uersum</span> <span class='ocrx_word' id='word_1_52' title='bbox 765 687 837 726; x_wconf 89' lang='lat' dir='ltr'>per</span> <span class='ocrx_word' id='word_1_53' title='bbox 866 675 1000 714; x_wconf 89' lang='lat' dir='ltr'>iocum</span> <span class='ocrx_word' id='word_1_54' title='bbox 1030 673 1147 712; x_wconf 88' lang='lat' dir='ltr'>finxit</span> <span class='ocrx_word' id='word_1_55' title='bbox 1177 672 1422 723; x_wconf 86' lang='lat' dir='ltr'>Pomponius</span> <span class='ocrx_word' id='word_1_56' title='bbox 1455 672 1629 711; x_wconf 90' lang='lat' dir='ltr'>comicus</span> <span class='ocrx_word' id='word_1_57' title='bbox 1660 670 1804 711; x_wconf 88' lang='lat' dir='ltr'>Armo-</span> 
     </span>
     <span class='ocr_line' id='line_1_8' title="bbox 250 731 1804 786; baseline -0.005 -9"><span class='ocrx_word' id='word_1_58' title='bbox 250 750 339 777; x_wconf 87' lang='lat' dir='ltr'>rum</span> <span class='ocrx_word' id='word_1_59' title='bbox 382 736 530 776; x_wconf 86' lang='lat' dir='ltr'>iudicio</span> <span class='ocrx_word' id='word_1_60' title='bbox 558 737 581 776; x_wconf 90' lang='grc'><strong>9</strong></span> <span class='ocrx_word' id='word_1_61' title='bbox 598 736 634 775; x_wconf 88' lang='lat' dir='ltr'>R</span> <span class='ocrx_word' id='word_1_62' title='bbox 679 732 781 775; x_wconf 85' lang='lat' dir='ltr'>‘tum</span> <span class='ocrx_word' id='word_1_63' title='bbox 823 748 919 786; x_wconf 83' lang='lat' dir='ltr'>prae</span> <span class='ocrx_word' id='word_1_64' title='bbox 964 747 1005 774; x_wconf 87' lang='lat' dir='ltr'>se</span> <span class='ocrx_word' id='word_1_65' title='bbox 1050 734 1216 785; x_wconf 89' lang='lat' dir='ltr'>portant</span> <span class='ocrx_word' id='word_1_66' title='bbox 1266 731 1552 772; x_wconf 85' lang='lat' dir='ltr'>ascendibilem</span> <span class='ocrx_word' id='word_1_67' title='bbox 1601 733 1804 771; x_wconf 76' lang='lat' dir='ltr'>semitam:</span> 
     </span>
     <span class='ocr_line' id='line_1_9' title="bbox 252 792 1806 851; baseline -0.004 -14"><span class='ocrx_word' id='word_1_68' title='bbox 252 793 411 851; x_wconf 86' lang='lat' dir='ltr'>[quam]</span> <span class='ocrx_word' id='word_1_69' title='bbox 459 798 610 837; x_wconf 87' lang='lat' dir='ltr'>scalam</span> <span class='ocrx_word' id='word_1_70' title='bbox 651 792 826 835; x_wconf 84' lang='lat' dir='ltr'>uocant&#39;.</span> <span class='ocrx_word' id='word_1_71' title='bbox 903 795 962 834; x_wconf 93' lang='lat' dir='ltr'>De</span> <span class='ocrx_word' id='word_1_72' title='bbox 1011 806 1199 833; x_wconf 87' lang='lat' dir='ltr'>mensura</span> <span class='ocrx_word' id='word_1_73' title='bbox 1244 794 1509 832; x_wconf 80' lang='lat' dir='ltr'>miserrimam</span> <span class='ocrx_word' id='word_1_74' title='bbox 1558 792 1672 832; x_wconf 86' lang='lat' dir='ltr'>uerbi</span> <span class='ocrx_word' id='word_1_75' title='bbox 1721 793 1806 844; x_wconf 86' lang='lat' dir='ltr'>egit</span> 
     </span>
     <span class='ocr_line' id='line_1_10' title="bbox 252 852 1804 905; baseline -0.003 -8"><span class='ocrx_word' id='word_1_76' title='bbox 252 856 490 898; x_wconf 87' lang='lat' dir='ltr'>Skutschius</span> <span class='ocrx_word' id='word_1_77' title='bbox 521 858 622 896; x_wconf 91' lang='lat' dir='ltr'>Mus.</span> <span class='ocrx_word' id='word_1_78' title='bbox 655 856 780 896; x_wconf 88' lang='lat' dir='ltr'>Rhen.</span> <span class='ocrx_word' id='word_1_79' title='bbox 815 855 988 895; x_wconf 81' lang='lat' dir='ltr'>XLVIH</span> <span class='ocrx_word' id='word_1_80' title='bbox 1016 855 1130 895; x_wconf 87' lang='lat'>1893</span> <span class='ocrx_word' id='word_1_81' title='bbox 1162 868 1200 905; x_wconf 89' lang='lat' dir='ltr'>p.</span> <span class='ocrx_word' id='word_1_82' title='bbox 1231 854 1328 895; x_wconf 90' lang='lat'>305.</span> <span class='ocrx_word' id='word_1_83' title='bbox 1400 852 1625 904; x_wconf 84' lang='lat' dir='ltr'>Scripserat</span> <span class='ocrx_word' id='word_1_84' title='bbox 1667 855 1804 904; x_wconf 88' lang='lat' dir='ltr'>poeta:</span> 
     </span>
     <span class='ocr_line' id='line_1_11' title="bbox 253 914 1804 965; baseline -0.004 -7"><span class='ocrx_word' id='word_1_85' title='bbox 253 915 380 958; x_wconf 82' lang='lat' dir='ltr'>‘more</span> <span class='ocrx_word' id='word_1_86' title='bbox 406 917 634 958; x_wconf 82' lang='lat' dir='ltr'>Stoicorum</span> <span class='ocrx_word' id='word_1_87' title='bbox 667 917 817 957; x_wconf 86' lang='lat' dir='ltr'>amicus</span> <span class='ocrx_word' id='word_1_88' title='bbox 843 930 934 956; x_wconf 92' lang='lat' dir='ltr'>eum</span> <span class='ocrx_word' id='word_1_89' title='bbox 958 916 1147 956; x_wconf 87' lang='lat' dir='ltr'>insanum</span> <span class='ocrx_word' id='word_1_90' title='bbox 1172 916 1295 954; x_wconf 90' lang='lat' dir='ltr'>uocat</span> <span class='ocrx_word' id='word_1_91' title='bbox 1319 927 1440 965; x_wconf 90' lang='lat' dir='ltr'>quem</span> <span class='ocrx_word' id='word_1_92' title='bbox 1463 914 1656 953; x_wconf 85' lang='lat' dir='ltr'>feminam</span> <span class='ocrx_word' id='word_1_93' title='bbox 1681 914 1804 965; x_wconf 85' lang='lat' dir='ltr'>uulgo</span> 
     </span>
     <span class='ocr_line' id='line_1_12' title="bbox 250 974 1806 1030; baseline -0.003 -12"><span class='ocrx_word' id='word_1_94' title='bbox 250 978 330 1018; x_wconf 86' lang='lat' dir='ltr'>dici</span> <span class='ocrx_word' id='word_1_95' title='bbox 360 979 473 1018; x_wconf 90' lang='lat' dir='ltr'>uidet</span> <span class='ocrx_word' id='word_1_96' title='bbox 514 978 633 1018; x_wconf 85' lang='lat' dir='ltr'>sicuti</span> <span class='ocrx_word' id='word_1_97' title='bbox 671 979 847 1030; x_wconf 87' lang='lat' dir='ltr'>tragicus</span> <span class='ocrx_word' id='word_1_98' title='bbox 884 978 1006 1028; x_wconf 88' lang='lat' dir='ltr'>poeta</span> <span class='ocrx_word' id='word_1_99' title='bbox 1041 989 1115 1028; x_wconf 93' lang='lat' dir='ltr'>pro</span> <span class='ocrx_word' id='word_1_100' title='bbox 1153 975 1291 1015; x_wconf 84' lang='lat' dir='ltr'>sabuci</span> <span class='ocrx_word' id='word_1_101' title='bbox 1328 976 1488 1014; x_wconf 81' lang='lat' dir='ltr'>nomine</span> <span class='ocrx_word' id='word_1_102' title='bbox 1525 974 1631 1013; x_wconf 91' lang='lat' dir='ltr'>illud</span> <span class='ocrx_word' id='word_1_103' title='bbox 1667 975 1806 1026; x_wconf 90' lang='lat' dir='ltr'>posuit</span> 
     </span>
     <span class='ocr_line' id='line_1_13' title="bbox 235 1031 1806 1088; baseline -0.004 -9"><span class='ocrx_word' id='word_1_104' title='bbox 235 1036 429 1083; x_wconf 66' lang='lat' dir='ltr'>‚“ardum</span> <span class='ocrx_word' id='word_1_105' title='bbox 466 1039 735 1078; x_wconf 89' lang='lat' dir='ltr'>miserrimum</span> <span class='ocrx_word' id='word_1_106' title='bbox 773 1040 894 1088; x_wconf 89' lang='lat' dir='ltr'>atque</span> <span class='ocrx_word' id='word_1_107' title='bbox 937 1037 1078 1076; x_wconf 83' lang='lat' dir='ltr'>infelix</span> <span class='ocrx_word' id='word_1_108' title='bbox 1122 1031 1338 1088; x_wconf 84' lang='lat' dir='ltr'>lignum’&#39;.&#39;</span> <span class='ocrx_word' id='word_1_109' title='bbox 1407 1035 1703 1086; x_wconf 84' lang='lat' dir='ltr'>Interpretatus</span> <span class='ocrx_word' id='word_1_110' title='bbox 1744 1036 1806 1074; x_wconf 87' lang='lat' dir='ltr'>est</span> 
     </span>
     <span class='ocr_line' id='line_1_14' title="bbox 253 1095 1810 1140; baseline -0.003 -2"><span class='ocrx_word' id='word_1_111' title='bbox 253 1100 526 1140; x_wconf 84' lang='lat' dir='ltr'>Franckenius</span> <span class='ocrx_word' id='word_1_112' title='bbox 563 1100 670 1138; x_wconf 89' lang='lat' dir='ltr'>hunc</span> <span class='ocrx_word' id='word_1_113' title='bbox 706 1099 837 1138; x_wconf 89' lang='lat' dir='ltr'>locum</span> <span class='ocrx_word' id='word_1_114' title='bbox 882 1100 1034 1138; x_wconf 75' lang='lat' dir='ltr'>conieet.</span> <span class='ocrx_word' id='word_1_115' title='bbox 1067 1098 1149 1136; x_wconf 76' lang='lat' dir='ltr'>erit.</span> <span class='ocrx_word' id='word_1_116' title='bbox 1183 1097 1237 1136; x_wconf 84' lang='lat' dir='ltr'>ad</span> <span class='ocrx_word' id='word_1_117' title='bbox 1267 1095 1398 1135; x_wconf 79' lang='lat' dir='ltr'>Lucil.</span> <span class='ocrx_word' id='word_1_118' title='bbox 1430 1096 1517 1135; x_wconf 74' lang='lat' dir='ltr'>libr.</span> <span class='ocrx_word' id='word_1_119' title='bbox 1544 1096 1727 1135; x_wconf 79' lang='lat' dir='ltr'><em>decadem</em></span> <span class='ocrx_word' id='word_1_120' title='bbox 1751 1095 1810 1134; x_wconf 92' lang='lat' dir='ltr'>II</span> 
     </span>
     <span class='ocr_line' id='line_1_15' title="bbox 252 1154 1803 1212; baseline -0.003 -13"><span class='ocrx_word' id='word_1_121' title='bbox 252 1163 287 1200; x_wconf 75' lang='lat' dir='ltr'>et</span> <span class='ocrx_word' id='word_1_122' title='bbox 310 1160 396 1199; x_wconf 92' lang='lat' dir='ltr'>III</span> <span class='ocrx_word' id='word_1_123' title='bbox 414 1174 452 1212; x_wconf 91' lang='lat' dir='ltr'>p.</span> <span class='ocrx_word' id='word_1_124' title='bbox 481 1161 505 1199; x_wconf 91' lang='lat'><strong>6</strong></span> <span class='ocrx_word' id='word_1_125' title='bbox 541 1173 587 1198; x_wconf 87' lang='lat' dir='ltr'>ex</span> <span class='ocrx_word' id='word_1_126' title='bbox 619 1158 721 1198; x_wconf 91' lang='lat' dir='ltr'>Plin.</span> <span class='ocrx_word' id='word_1_127' title='bbox 755 1160 837 1198; x_wconf 87' lang='lat' dir='ltr'>nat.</span> <span class='ocrx_word' id='word_1_128' title='bbox 869 1159 961 1198; x_wconf 87' lang='lat' dir='ltr'>hist.</span> <span class='ocrx_word' id='word_1_129' title='bbox 988 1158 1119 1197; x_wconf 91' lang='lat' dir='ltr'>XXIX</span> <span class='ocrx_word' id='word_1_130' title='bbox 1147 1158 1199 1197; x_wconf 86' lang='lat'>57</span> <span class='ocrx_word' id='word_1_131' title='bbox 1249 1154 1464 1207; x_wconf 78' lang='lat' dir='ltr'>‘supplicia</span> <span class='ocrx_word' id='word_1_132' title='bbox 1508 1168 1642 1194; x_wconf 84' lang='lat' dir='ltr'>annua</span> <span class='ocrx_word' id='word_1_133' title='bbox 1686 1168 1803 1195; x_wconf 88' lang='lat' dir='ltr'>canes</span> 
     </span>
     <span class='ocr_line' id='line_1_16' title="bbox 249 1216 1803 1272; baseline -0.003 -12"><span class='ocrx_word' id='word_1_134' title='bbox 249 1220 441 1272; x_wconf 85' lang='lat' dir='ltr'>pendunt,</span> <span class='ocrx_word' id='word_1_135' title='bbox 467 1221 573 1260; x_wconf 87' lang='lat' dir='ltr'>inter</span> <span class='ocrx_word' id='word_1_136' title='bbox 599 1220 736 1259; x_wconf 86' lang='lat' dir='ltr'>aedem</span> <span class='ocrx_word' id='word_1_137' title='bbox 761 1219 987 1259; x_wconf 85' lang='lat' dir='ltr'>quentatis</span> <span class='ocrx_word' id='word_1_138' title='bbox 1014 1220 1055 1258; x_wconf 90' lang='lat' dir='ltr'>et</span> <span class='ocrx_word' id='word_1_139' title='bbox 1081 1217 1289 1257; x_wconf 83' lang='lat' dir='ltr'>Summani</span> <span class='ocrx_word' id='word_1_140' title='bbox 1313 1216 1403 1256; x_wconf 91' lang='lat' dir='ltr'>uiui</span> <span class='ocrx_word' id='word_1_141' title='bbox 1427 1216 1470 1256; x_wconf 90' lang='lat' dir='ltr'>in</span> <span class='ocrx_word' id='word_1_142' title='bbox 1495 1216 1608 1256; x_wconf 77' lang='lat' dir='ltr'>furca</span> <span class='ocrx_word' id='word_1_143' title='bbox 1634 1216 1803 1256; x_wconf 89' lang='lat' dir='ltr'>sabucea</span> 
     </span>
     <span class='ocr_line' id='line_1_17' title="bbox 249 1277 1802 1331; baseline -0.003 -11"><span class='ocrx_word' id='word_1_144' title='bbox 249 1294 362 1321; x_wconf 87' lang='lat' dir='ltr'>armo</span> <span class='ocrx_word' id='word_1_145' title='bbox 394 1277 477 1319; x_wconf 86' lang='lat' dir='ltr'>fixi&#39;</span> <span class='ocrx_word' id='word_1_146' title='bbox 510 1282 583 1331; x_wconf 83' lang='lat' dir='ltr'>ita,</span> <span class='ocrx_word' id='word_1_147' title='bbox 614 1281 661 1320; x_wconf 91' lang='lat' dir='ltr'>ut</span> <span class='ocrx_word' id='word_1_148' title='bbox 692 1281 987 1331; x_wconf 74' lang='lat' dir='ltr'>conquerantur</span> <span class='ocrx_word' id='word_1_149' title='bbox 1019 1279 1066 1318; x_wconf 87' lang='lat' dir='ltr'>de</span> <span class='ocrx_word' id='word_1_150' title='bbox 1099 1279 1298 1329; x_wconf 90' lang='lat' dir='ltr'>supplicio</span> <span class='ocrx_word' id='word_1_151' title='bbox 1326 1289 1444 1317; x_wconf 88' lang='lat' dir='ltr'>canes</span> <span class='ocrx_word' id='word_1_152' title='bbox 1470 1278 1511 1316; x_wconf 90' lang='lat' dir='ltr'>et</span> <span class='ocrx_word' id='word_1_153' title='bbox 1537 1290 1615 1328; x_wconf 92' lang='lat' dir='ltr'>quo</span> <span class='ocrx_word' id='word_1_154' title='bbox 1641 1278 1802 1316; x_wconf 91' lang='lat' dir='ltr'>nomine</span> 
     </span>
     <span class='ocr_line' id='line_1_18' title="bbox 249 1337 1802 1391; baseline -0.003 -10"><span class='ocrx_word' id='word_1_155' title='bbox 249 1343 421 1382; x_wconf 82' lang='lat' dir='ltr'>tortores</span> <span class='ocrx_word' id='word_1_156' title='bbox 453 1341 635 1381; x_wconf 88' lang='lat' dir='ltr'>homines</span> <span class='ocrx_word' id='word_1_157' title='bbox 667 1353 738 1380; x_wconf 89' lang='lat' dir='ltr'>suo</span> <span class='ocrx_word' id='word_1_158' title='bbox 768 1353 960 1391; x_wconf 85' lang='lat' dir='ltr'>sermone,</span> <span class='ocrx_word' id='word_1_159' title='bbox 991 1353 1072 1379; x_wconf 89' lang='lat' dir='ltr'>non</span> <span class='ocrx_word' id='word_1_160' title='bbox 1098 1339 1240 1379; x_wconf 85' lang='lat' dir='ltr'>canino</span> <span class='ocrx_word' id='word_1_161' title='bbox 1266 1339 1478 1378; x_wconf 83' lang='lat' dir='ltr'>materiam</span> <span class='ocrx_word' id='word_1_162' title='bbox 1503 1337 1639 1378; x_wconf 88' lang='lat' dir='ltr'>furcae</span> <span class='ocrx_word' id='word_1_163' title='bbox 1666 1338 1802 1389; x_wconf 87' lang='lat' dir='ltr'>appel-</span> 
     </span>
     <span class='ocr_line' id='line_1_19' title="bbox 247 1398 1803 1453; baseline -0.003 -11"><span class='ocrx_word' id='word_1_164' title='bbox 247 1402 344 1453; x_wconf 88' lang='lat' dir='ltr'>lent,</span> <span class='ocrx_word' id='word_1_165' title='bbox 377 1402 696 1442; x_wconf 75' lang='lat' dir='ltr'>commemorent.</span> <span class='ocrx_word' id='word_1_166' title='bbox 761 1400 839 1441; x_wconf 83' lang='lat' dir='ltr'>Sed</span> <span class='ocrx_word' id='word_1_167' title='bbox 871 1402 975 1440; x_wconf 88' lang='lat' dir='ltr'>certe</span> <span class='ocrx_word' id='word_1_168' title='bbox 1006 1400 1104 1440; x_wconf 89' lang='lat' dir='ltr'>haec</span> <span class='ocrx_word' id='word_1_169' title='bbox 1135 1399 1259 1439; x_wconf 89' lang='lat' dir='ltr'>uerba</span> <span class='ocrx_word' id='word_1_170' title='bbox 1289 1412 1370 1438; x_wconf 92' lang='lat' dir='ltr'>non</span> <span class='ocrx_word' id='word_1_171' title='bbox 1402 1399 1541 1438; x_wconf 87' lang='lat' dir='ltr'>dicunt</span> <span class='ocrx_word' id='word_1_172' title='bbox 1573 1411 1701 1448; x_wconf 88' lang='lat' dir='ltr'>canes,</span> <span class='ocrx_word' id='word_1_173' title='bbox 1733 1398 1803 1438; x_wconf 90' lang='lat' dir='ltr'>sed</span> 
     </span>
     <span class='ocr_line' id='line_1_20' title="bbox 249 1459 1801 1513; baseline -0.003 -11"><span class='ocrx_word' id='word_1_174' title='bbox 249 1463 448 1503; x_wconf 86' lang='lat' dir='ltr'>homines:</span> <span class='ocrx_word' id='word_1_175' title='bbox 479 1475 608 1513; x_wconf 87' lang='lat' dir='ltr'>neque</span> <span class='ocrx_word' id='word_1_176' title='bbox 640 1461 746 1501; x_wconf 88' lang='lat' dir='ltr'>enim</span> <span class='ocrx_word' id='word_1_177' title='bbox 776 1462 866 1501; x_wconf 90' lang='lat' dir='ltr'>ideo</span> <span class='ocrx_word' id='word_1_178' title='bbox 899 1461 1070 1501; x_wconf 89' lang='lat' dir='ltr'>sabucus</span> <span class='ocrx_word' id='word_1_179' title='bbox 1100 1461 1255 1512; x_wconf 88' lang='lat' dir='ltr'>lignum</span> <span class='ocrx_word' id='word_1_180' title='bbox 1280 1459 1420 1498; x_wconf 85' lang='lat' dir='ltr'>infelix</span> <span class='ocrx_word' id='word_1_181' title='bbox 1447 1460 1518 1509; x_wconf 90' lang='lat' dir='ltr'>est,</span> <span class='ocrx_word' id='word_1_182' title='bbox 1551 1459 1659 1510; x_wconf 88' lang='lat' dir='ltr'>quod</span> <span class='ocrx_word' id='word_1_183' title='bbox 1684 1471 1801 1498; x_wconf 83' lang='lat' dir='ltr'>canes</span> 
     </span>
     <span class='ocr_line' id='line_1_21' title="bbox 249 1519 1802 1574; baseline -0.004 -11"><span class='ocrx_word' id='word_1_184' title='bbox 249 1524 293 1562; x_wconf 91' lang='lat' dir='ltr'>in</span> <span class='ocrx_word' id='word_1_185' title='bbox 325 1536 372 1563; x_wconf 86' lang='lat' dir='ltr'>ea</span> <span class='ocrx_word' id='word_1_186' title='bbox 403 1523 719 1574; x_wconf 81' lang='lat' dir='ltr'>suspenduntur3</span> <span class='ocrx_word' id='word_1_187' title='bbox 752 1522 820 1562; x_wconf 90' lang='lat' dir='ltr'>sed</span> <span class='ocrx_word' id='word_1_188' title='bbox 847 1523 942 1572; x_wconf 87' lang='lat' dir='ltr'>quia</span> <span class='ocrx_word' id='word_1_189' title='bbox 970 1521 1088 1561; x_wconf 87' lang='lat' dir='ltr'>arbor</span> <span class='ocrx_word' id='word_1_190' title='bbox 1112 1521 1184 1560; x_wconf 86' lang='lat' dir='ltr'>illa</span> <span class='ocrx_word' id='word_1_191' title='bbox 1209 1519 1350 1559; x_wconf 83' lang='lat' dir='ltr'>infelix</span> <span class='ocrx_word' id='word_1_192' title='bbox 1374 1519 1557 1569; x_wconf 88' lang='lat' dir='ltr'>habetur,</span> <span class='ocrx_word' id='word_1_193' title='bbox 1588 1521 1802 1570; x_wconf 89' lang='lat' dir='ltr'>propterea</span> 
     </span>
     <span class='ocr_line' id='line_1_22' title="bbox 249 1579 1800 1633; baseline -0.003 -10"><span class='ocrx_word' id='word_1_194' title='bbox 249 1585 292 1623; x_wconf 87' lang='lat' dir='ltr'>in</span> <span class='ocrx_word' id='word_1_195' title='bbox 330 1597 377 1623; x_wconf 89' lang='lat' dir='ltr'>ea</span> <span class='ocrx_word' id='word_1_196' title='bbox 415 1596 531 1623; x_wconf 86' lang='lat' dir='ltr'>canes</span> <span class='ocrx_word' id='word_1_197' title='bbox 570 1583 700 1623; x_wconf 88' lang='lat' dir='ltr'>solent</span> <span class='ocrx_word' id='word_1_198' title='bbox 737 1582 935 1633; x_wconf 88' lang='lat' dir='ltr'>supplicio</span> <span class='ocrx_word' id='word_1_199' title='bbox 974 1581 1092 1620; x_wconf 88' lang='lat' dir='ltr'>affici.</span> <span class='ocrx_word' id='word_1_200' title='bbox 1145 1580 1250 1620; x_wconf 85' lang='lat' dir='ltr'>Gonf</span> <span class='ocrx_word' id='word_1_201' title='bbox 1272 1580 1373 1619; x_wconf 90' lang='lat' dir='ltr'>Plin.</span> <span class='ocrx_word' id='word_1_202' title='bbox 1399 1580 1424 1618; x_wconf 93' lang='grc'>1.</span> <span class='ocrx_word' id='word_1_203' title='bbox 1451 1592 1480 1619; x_wconf 89' lang='lat' dir='ltr'>s.</span> <span class='ocrx_word' id='word_1_204' title='bbox 1506 1579 1603 1619; x_wconf 90' lang='lat' dir='ltr'>XVI</span> <span class='ocrx_word' id='word_1_205' title='bbox 1631 1580 1714 1619; x_wconf 88' lang='lat'>108</span> <span class='ocrx_word' id='word_1_206' title='bbox 1752 1579 1800 1618; x_wconf 90' lang='lat' dir='ltr'>de</span> 
     </span>
     <span class='ocr_line' id='line_1_23' title="bbox 249 1639 1800 1692; baseline -0.004 -8"><span class='ocrx_word' id='word_1_207' title='bbox 249 1643 455 1684; x_wconf 86' lang='lat' dir='ltr'>arboribus</span> <span class='ocrx_word' id='word_1_208' title='bbox 500 1640 698 1683; x_wconf 78' lang='lat' dir='ltr'>‘Infelices</span> <span class='ocrx_word' id='word_1_209' title='bbox 743 1644 880 1682; x_wconf 87' lang='lat' dir='ltr'>autem</span> <span class='ocrx_word' id='word_1_210' title='bbox 931 1642 1212 1682; x_wconf 84' lang='lat' dir='ltr'>existimantur</span> <span class='ocrx_word' id='word_1_211' title='bbox 1261 1641 1555 1691; x_wconf 83' lang='lat' dir='ltr'>damnataeque</span> <span class='ocrx_word' id='word_1_212' title='bbox 1604 1639 1800 1692; x_wconf 88' lang='lat' dir='ltr'>religione</span> 
     </span>
     <span class='ocr_line' id='line_1_24' title="bbox 249 1694 1799 1755; baseline -0.003 -11"><span class='ocrx_word' id='word_1_213' title='bbox 249 1717 352 1755; x_wconf 83' lang='lat' dir='ltr'>quae</span> <span class='ocrx_word' id='word_1_214' title='bbox 383 1717 514 1755; x_wconf 88' lang='lat' dir='ltr'>neque</span> <span class='ocrx_word' id='word_1_215' title='bbox 547 1704 735 1744; x_wconf 85' lang='lat' dir='ltr'>seruntur</span> <span class='ocrx_word' id='word_1_216' title='bbox 770 1716 950 1753; x_wconf 91' lang='lat' dir='ltr'>unquam</span> <span class='ocrx_word' id='word_1_217' title='bbox 988 1716 1116 1753; x_wconf 89' lang='lat' dir='ltr'>neque</span> <span class='ocrx_word' id='word_1_218' title='bbox 1153 1702 1329 1741; x_wconf 87' lang='lat' dir='ltr'>fructum</span> <span class='ocrx_word' id='word_1_219' title='bbox 1366 1697 1516 1740; x_wconf 88' lang='lat' dir='ltr'>ferunt&#39;</span> <span class='ocrx_word' id='word_1_220' title='bbox 1552 1694 1703 1754; x_wconf 91' lang='lat' dir='ltr'>(XXIV</span> <span class='ocrx_word' id='word_1_221' title='bbox 1731 1701 1799 1740; x_wconf 88' lang='lat'>68.</span> 
     </span>
     <span class='ocr_line' id='line_1_25' title="bbox 251 1759 1800 1818; baseline -0.003 -14"><span class='ocrx_word' id='word_1_222' title='bbox 251 1766 275 1804; x_wconf 85' lang='lat'>7</span> <span class='ocrx_word' id='word_1_223' title='bbox 281 1759 338 1818; x_wconf 90' lang='lat'>3).</span> <span class='ocrx_word' id='word_1_224' title='bbox 394 1765 456 1804; x_wconf 88' lang='lat' dir='ltr'>Ex</span> <span class='ocrx_word' id='word_1_225' title='bbox 487 1764 689 1815; x_wconf 87' lang='lat' dir='ltr'>Tarquitii</span> <span class='ocrx_word' id='word_1_226' title='bbox 712 1764 839 1803; x_wconf 80' lang='lat' dir='ltr'>Prisci</span> <span class='ocrx_word' id='word_1_227' title='bbox 865 1764 1085 1803; x_wconf 85' lang='lat' dir='ltr'>ostentario</span> <span class='ocrx_word' id='word_1_228' title='bbox 1112 1762 1316 1801; x_wconf 83' lang='lat' dir='ltr'>arborario</span> <span class='ocrx_word' id='word_1_229' title='bbox 1345 1760 1518 1800; x_wconf 89' lang='lat' dir='ltr'>Macrob.</span> <span class='ocrx_word' id='word_1_230' title='bbox 1548 1760 1710 1800; x_wconf 72' lang='lat' dir='ltr'>Satura.</span> <span class='ocrx_word' id='word_1_231' title='bbox 1736 1760 1800 1800; x_wconf 89' lang='grc' dir='ltr'>ΠΙ</span> 
     </span>
     <span class='ocr_line' id='line_1_26' title="bbox 250 1821 1800 1876; baseline -0.003 -11"><span class='ocrx_word' id='word_1_232' title='bbox 250 1826 319 1876; x_wconf 88' lang='lat'>20,</span> <span class='ocrx_word' id='word_1_233' title='bbox 347 1827 371 1865; x_wconf 90' lang='lat'><strong>3</strong></span> <span class='ocrx_word' id='word_1_234' title='bbox 413 1822 588 1865; x_wconf 84' lang='lat' dir='ltr'>‘arbores</span> <span class='ocrx_word' id='word_1_235' title='bbox 627 1837 728 1875; x_wconf 89' lang='lat' dir='ltr'>quae</span> <span class='ocrx_word' id='word_1_236' title='bbox 769 1823 942 1863; x_wconf 87' lang='lat' dir='ltr'>inferum</span> <span class='ocrx_word' id='word_1_237' title='bbox 986 1823 1151 1863; x_wconf 89' lang='lat' dir='ltr'>deorum</span> <span class='ocrx_word' id='word_1_238' title='bbox 1188 1822 1538 1872; x_wconf 85' lang='lat' dir='ltr'>auertentiumque</span> <span class='ocrx_word' id='word_1_239' title='bbox 1582 1821 1625 1860; x_wconf 91' lang='lat' dir='ltr'>in</span> <span class='ocrx_word' id='word_1_240' title='bbox 1668 1822 1800 1861; x_wconf 88' lang='lat' dir='ltr'>tutela</span> 
     </span>
     <span class='ocr_line' id='line_1_27' title="bbox 249 1876 1798 1936; baseline -0.003 -11"><span class='ocrx_word' id='word_1_241' title='bbox 249 1887 359 1936; x_wconf 87' lang='grc'>311111,</span> <span class='ocrx_word' id='word_1_242' title='bbox 397 1898 463 1925; x_wconf 83' lang='grc'>003</span> <span class='ocrx_word' id='word_1_243' title='bbox 499 1885 678 1925; x_wconf 85' lang='lat' dir='ltr'>infelices</span> <span class='ocrx_word' id='word_1_244' title='bbox 718 1885 946 1924; x_wconf 85' lang='lat' dir='ltr'>nominant:</span> <span class='ocrx_word' id='word_1_245' title='bbox 979 1885 1217 1934; x_wconf 89' lang='lat' dir='ltr'>alaternum,</span> <span class='ocrx_word' id='word_1_246' title='bbox 1250 1883 1512 1935; x_wconf 85' lang='lat' dir='ltr'>sanguineam</span> <span class='ocrx_word' id='word_1_247' title='bbox 1543 1876 1658 1936; x_wconf 85' lang='lat' dir='ltr'>(conf</span> <span class='ocrx_word' id='word_1_248' title='bbox 1696 1881 1798 1921; x_wconf 89' lang='lat' dir='ltr'>Plin.</span> 
     </span>
     <span class='ocr_line' id='line_1_28' title="bbox 247 1916 1800 2017; baseline -0.003 -31"><span class='ocrx_word' id='word_1_249' title='bbox 247 1947 273 1986; x_wconf 95' lang='lat' dir='ltr'>l.</span> <span class='ocrx_word' id='word_1_250' title='bbox 300 1959 329 1986; x_wconf 92' lang='lat' dir='ltr'>s.</span> <span class='ocrx_word' id='word_1_251' title='bbox 350 1916 451 2003; x_wconf 91' lang='lat' dir='ltr'>XVI</span> <span class='ocrx_word' id='word_1_252' title='bbox 478 1947 562 1986; x_wconf 87' lang='lat'>108</span> <span class='ocrx_word' id='word_1_253' title='bbox 595 1945 728 1984; x_wconf 90' lang='lat' dir='ltr'>XXIV</span> <span class='ocrx_word' id='word_1_254' title='bbox 757 1939 844 1999; x_wconf 87' lang='grc'>73),</span> <span class='ocrx_word' id='word_1_255' title='bbox 887 1944 1051 1990; x_wconf 88' lang='lat' dir='ltr'>filicem,</span> <span class='ocrx_word' id='word_1_256' title='bbox 1095 1944 1214 1984; x_wconf 90' lang='lat' dir='ltr'>ficum</span> <span class='ocrx_word' id='word_1_257' title='bbox 1253 1945 1403 1993; x_wconf 87' lang='lat' dir='ltr'>atrum,</span> <span class='ocrx_word' id='word_1_258' title='bbox 1447 1954 1620 2017; x_wconf 48' lang='lat' dir='ltr'>qaaeq‘ae</span> <span class='ocrx_word' id='word_1_259' title='bbox 1661 1938 1800 1982; x_wconf 82' lang='lat' dir='ltr'>bacam</span> 
     </span>
     <span class='ocr_line' id='line_1_29' title="bbox 247 1997 1799 2058; baseline -0.003 -12"><span class='ocrx_word' id='word_1_260' title='bbox 247 2007 403 2057; x_wconf 66' lang='lat' dir='ltr'>nimam</span> <span class='ocrx_word' id='word_1_261' title='bbox 427 2007 635 2056; x_wconf 67' lang='lat' dir='ltr'>nim-osque</span> <span class='ocrx_word' id='word_1_262' title='bbox 665 2007 819 2055; x_wconf 77' lang='lat' dir='ltr'>fractas</span> <span class='ocrx_word' id='word_1_263' title='bbox 846 2001 996 2057; x_wconf 78' lang='lat' dir='ltr'>ferant’</span> <span class='ocrx_word' id='word_1_264' title='bbox 1019 2018 1050 2044; x_wconf 92' lang='lat' dir='ltr'>e.</span> <span class='ocrx_word' id='word_1_265' title='bbox 1073 2018 1109 2056; x_wconf 90' lang='lat' dir='ltr'>q.</span> <span class='ocrx_word' id='word_1_266' title='bbox 1130 2018 1159 2044; x_wconf 91' lang='lat' dir='ltr'>s.</span> <span class='ocrx_word' id='word_1_267' title='bbox 1204 2004 1259 2043; x_wconf 82' lang='lat' dir='ltr'>Et</span> <span class='ocrx_word' id='word_1_268' title='bbox 1291 2005 1410 2044; x_wconf 78' lang='lat' dir='ltr'>antea</span> <span class='ocrx_word' id='word_1_269' title='bbox 1443 1997 1530 2058; x_wconf 83' lang='lat'>(2):</span> <span class='ocrx_word' id='word_1_270' title='bbox 1570 1999 1799 2042; x_wconf 82' lang='lat' dir='ltr'>‘Sciendum</span> 
     </span>
     <span class='ocr_line' id='line_1_30' title="bbox 249 2065 1798 2118; baseline -0.003 -12"><span class='ocrx_word' id='word_1_271' title='bbox 249 2067 355 2118; x_wconf 89' lang='lat' dir='ltr'>quod</span> <span class='ocrx_word' id='word_1_272' title='bbox 385 2066 481 2107; x_wconf 90' lang='lat' dir='ltr'>ficus</span> <span class='ocrx_word' id='word_1_273' title='bbox 519 2066 612 2106; x_wconf 89' lang='lat' dir='ltr'>alba</span> <span class='ocrx_word' id='word_1_274' title='bbox 649 2079 695 2105; x_wconf 87' lang='lat' dir='ltr'>ex</span> <span class='ocrx_word' id='word_1_275' title='bbox 733 2066 914 2105; x_wconf 85' lang='lat' dir='ltr'>felicibus</span> <span class='ocrx_word' id='word_1_276' title='bbox 952 2065 1006 2105; x_wconf 86' lang='grc'>311</span> <span class='ocrx_word' id='word_1_277' title='bbox 1050 2065 1258 2105; x_wconf 87' lang='lat' dir='ltr'>arboribus</span> <span class='ocrx_word' id='word_1_278' title='bbox 1301 2065 1442 2104; x_wconf 89' lang='lat' dir='ltr'>contra</span> <span class='ocrx_word' id='word_1_279' title='bbox 1484 2065 1600 2113; x_wconf 71' lang='lat' dir='ltr'>niqra</span> <span class='ocrx_word' id='word_1_280' title='bbox 1646 2075 1692 2103; x_wconf 76' lang='lat' dir='ltr'>ex</span> <span class='ocrx_word' id='word_1_281' title='bbox 1734 2065 1798 2102; x_wconf 74' lang='lat' dir='ltr'>in-</span> 
     </span>
     <span class='ocr_line' id='line_1_31' title="bbox 247 2121 1799 2200; baseline -0.004 -32"><span class='ocrx_word' id='word_1_282' title='bbox 247 2128 436 2177; x_wconf 75' lang='lat' dir='ltr'>fehcibas.</span> <span class='ocrx_word' id='word_1_283' title='bbox 497 2126 653 2166; x_wconf 88' lang='lat' dir='ltr'>Docent</span> <span class='ocrx_word' id='word_1_284' title='bbox 689 2139 761 2200; x_wconf 72' lang='lat' dir='ltr'>nqs</span> <span class='ocrx_word' id='word_1_285' title='bbox 799 2128 1012 2177; x_wconf 88' lang='lat' dir='ltr'>utrumque</span> <span class='ocrx_word' id='word_1_286' title='bbox 1043 2122 1266 2176; x_wconf 86' lang='lat' dir='ltr'>pontifices’</span> <span class='ocrx_word' id='word_1_287' title='bbox 1289 2138 1320 2164; x_wconf 91' lang='lat' dir='ltr'>e.</span> <span class='ocrx_word' id='word_1_288' title='bbox 1342 2138 1378 2175; x_wconf 93' lang='lat' dir='ltr'>q.</span> <span class='ocrx_word' id='word_1_289' title='bbox 1394 2137 1422 2163; x_wconf 90' lang='grc'>3.</span> <span class='ocrx_word' id='word_1_290' title='bbox 1485 2123 1614 2175; x_wconf 83' lang='lat' dir='ltr'>Atqui</span> <span class='ocrx_word' id='word_1_291' title='bbox 1647 2121 1799 2163; x_wconf 87' lang='lat' dir='ltr'>sabuci</span> 
     </span>
     <span class='ocr_line' id='line_1_32' title="bbox 248 2179 1797 2240; baseline -0.003 -13"><span class='ocrx_word' id='word_1_292' title='bbox 248 2189 382 2228; x_wconf 86' lang='lat' dir='ltr'>acinos</span> <span class='ocrx_word' id='word_1_293' title='bbox 413 2187 563 2227; x_wconf 88' lang='lat' dir='ltr'>habent</span> <span class='ocrx_word' id='word_1_294' title='bbox 599 2183 746 2236; x_wconf 74' lang='lat' dir='ltr'>niyros&#39;</span> <span class='ocrx_word' id='word_1_295' title='bbox 781 2181 901 2240; x_wconf 89' lang='lat' dir='ltr'>(Plin.</span> <span class='ocrx_word' id='word_1_296' title='bbox 927 2187 953 2225; x_wconf 91' lang='lat'>1.</span> <span class='ocrx_word' id='word_1_297' title='bbox 980 2198 1009 2226; x_wconf 90' lang='lat' dir='ltr'>s.</span> <span class='ocrx_word' id='word_1_298' title='bbox 1034 2186 1132 2225; x_wconf 91' lang='lat' dir='ltr'>XVI</span> <span class='ocrx_word' id='word_1_299' title='bbox 1159 2179 1276 2239; x_wconf 88' lang='lat'>180).</span> <span class='ocrx_word' id='word_1_300' title='bbox 1340 2183 1449 2231; x_wconf 83' lang='lat' dir='ltr'>Quae</span> <span class='ocrx_word' id='word_1_301' title='bbox 1488 2185 1678 2235; x_wconf 88' lang='lat' dir='ltr'>platanus</span> <span class='ocrx_word' id='word_1_302' title='bbox 1708 2198 1797 2223; x_wconf 89' lang='lat' dir='ltr'>um-</span> 
     </span>
     <span class='ocr_line' id='line_1_33' title="bbox 246 2240 1796 2300; baseline -0.003 -12"><span class='ocrx_word' id='word_1_303' title='bbox 246 2248 364 2288; x_wconf 86' lang='lat' dir='ltr'>brosa</span> <span class='ocrx_word' id='word_1_304' title='bbox 407 2248 449 2287; x_wconf 87' lang='lat' dir='ltr'>in</span> <span class='ocrx_word' id='word_1_305' title='bbox 492 2247 630 2286; x_wconf 87' lang='lat' dir='ltr'>fabula</span> <span class='ocrx_word' id='word_1_306' title='bbox 667 2243 864 2298; x_wconf 89' lang='lat' dir='ltr'>Aesopica</span> <span class='ocrx_word' id='word_1_307' title='bbox 907 2240 1012 2300; x_wconf 85' lang='lat'>(313</span> <span class='ocrx_word' id='word_1_308' title='bbox 1032 2241 1193 2300; x_wconf 81' lang='lat' dir='ltr'>Halm.)</span> <span class='ocrx_word' id='word_1_309' title='bbox 1224 2246 1395 2297; x_wconf 86' lang='lat' dir='ltr'>ingratis</span> <span class='ocrx_word' id='word_1_310' title='bbox 1434 2244 1533 2284; x_wconf 89' lang='lat' dir='ltr'>dicit</span> <span class='ocrx_word' id='word_1_311' title='bbox 1569 2241 1796 2284; x_wconf 81' lang='lat' dir='ltr'>uiatoribus</span> 
     </span>
     <span class='ocr_line' id='line_1_34' title="bbox 248 2302 1796 2361; baseline -0.003 -14"><span class='ocrx_word' id='word_1_312' title='bbox 248 2302 278 2347; x_wconf 80' lang='grc' dir='ltr'><em>ὦ</em></span> <span class='ocrx_word' id='word_1_313' title='bbox 322 2306 522 2361; x_wconf 79' lang='grc' dir='ltr'><em>ἀχάριστοι</em></span> <span class='ocrx_word' id='word_1_314' title='bbox 565 2305 620 2347; x_wconf 78' lang='grc' dir='ltr'>ἔτι</span> <span class='ocrx_word' id='word_1_315' title='bbox 663 2312 733 2359; x_wconf 79' lang='grc' dir='ltr'>τῆς</span> <span class='ocrx_word' id='word_1_316' title='bbox 777 2305 815 2355; x_wconf 82' lang='grc' dir='ltr'>ἐξ,</span> <span class='ocrx_word' id='word_1_317' title='bbox 860 2305 957 2359; x_wconf 80' lang='grc' dir='ltr'>ἐμοῦ</span> <span class='ocrx_word' id='word_1_318' title='bbox 994 2304 1215 2360; x_wconf 78' lang='grc' dir='ltr'><em>εὐεργεσίας</em></span> <span class='ocrx_word' id='word_1_319' title='bbox 1252 2303 1520 2352; x_wconf 78' lang='grc' dir='ltr'><em>ἀπολαύοντες</em></span> <span class='ocrx_word' id='word_1_320' title='bbox 1558 2303 1717 2358; x_wconf 78' lang='grc' dir='ltr'><em>ἀχρείαν</em></span> <span class='ocrx_word' id='word_1_321' title='bbox 1751 2319 1796 2356; x_wconf 86' lang='grc' dir='ltr'>με</span> 
     </span>
     <span class='ocr_line' id='line_1_35' title="bbox 248 2365 1798 2421; baseline -0.003 -14"><span class='ocrx_word' id='word_1_322' title='bbox 248 2366 314 2407; x_wconf 85' lang='grc' dir='ltr'>καὶ</span> <span class='ocrx_word' id='word_1_323' title='bbox 344 2365 526 2421; x_wconf 76' lang='grc' dir='ltr'><strong><em>ἄκαρπον</em></strong></span> <span class='ocrx_word' id='word_1_324' title='bbox 557 2365 802 2415; x_wconf 83' lang='grc' dir='ltr'><em>ἀποκαλεῖτε;</em></span> <span class='ocrx_word' id='word_1_325' title='bbox 836 2380 882 2406; x_wconf 88' lang='lat' dir='ltr'>ea</span> <span class='ocrx_word' id='word_1_326' title='bbox 914 2379 1008 2406; x_wconf 88' lang='lat' dir='ltr'>casu</span> <span class='ocrx_word' id='word_1_327' title='bbox 1038 2365 1317 2407; x_wconf 85' lang='lat' dir='ltr'>tantummodo</span> <span class='ocrx_word' id='word_1_328' title='bbox 1347 2366 1469 2404; x_wconf 86' lang='lat' dir='ltr'>huius</span> <span class='ocrx_word' id='word_1_329' title='bbox 1500 2366 1578 2405; x_wconf 92' lang='lat' dir='ltr'>loci</span> <span class='ocrx_word' id='word_1_330' title='bbox 1609 2365 1798 2405; x_wconf 88' lang='lat' dir='ltr'>uidentur</span> 
     </span>
    </p>
   </div>
   <div class='ocr_carea' id='block_1_3' title="bbox 247 2424 1796 3081">
    <p class='ocr_par' dir='ltr' id='par_1_3' title="bbox 248 2424 1796 2541">
     <span class='ocr_line' id='line_1_36' title="bbox 249 2424 1796 2481; baseline -0.003 -13"><span class='ocrx_word' id='word_1_331' title='bbox 249 2441 331 2468; x_wconf 87' lang='lat' dir='ltr'>esse</span> <span class='ocrx_word' id='word_1_332' title='bbox 364 2428 522 2468; x_wconf 88' lang='lat' dir='ltr'>similia.</span> <span class='ocrx_word' id='word_1_333' title='bbox 586 2424 723 2481; x_wconf 83' lang='lat' dir='ltr'>[Modo</span> <span class='ocrx_word' id='word_1_334' title='bbox 755 2427 908 2467; x_wconf 87' lang='lat' dir='ltr'>indicat</span> <span class='ocrx_word' id='word_1_335' title='bbox 938 2427 1205 2468; x_wconf 88' lang='lat' dir='ltr'>Buechelerus</span> <span class='ocrx_word' id='word_1_336' title='bbox 1239 2425 1323 2466; x_wconf 85' lang='lat' dir='ltr'>CIL</span> <span class='ocrx_word' id='word_1_337' title='bbox 1349 2425 1408 2464; x_wconf 85' lang='lat' dir='ltr'>VI</span> <span class='ocrx_word' id='word_1_338' title='bbox 1436 2426 1549 2464; x_wconf 84' lang='lat'>6623</span> <span class='ocrx_word' id='word_1_339' title='bbox 1586 2426 1693 2476; x_wconf 90' lang='lat' dir='ltr'>perit</span> <span class='ocrx_word' id='word_1_340' title='bbox 1725 2426 1796 2465; x_wconf 89' lang='lat' dir='ltr'>sub</span> 
     </span>
     <span class='ocr_line' id='line_1_37' title="bbox 248 2483 484 2541; baseline -0.008 -12"><span class='ocrx_word' id='word_1_341' title='bbox 248 2483 484 2541; x_wconf 83' lang='lat' dir='ltr'>sabuc&lt;o&gt;.]</span> 
     </span>
    </p>

    <p class='ocr_par' dir='ltr' id='par_1_4' title="bbox 247 2543 1796 3081">
     <span class='ocr_line' id='line_1_38' title="bbox 371 2543 1796 2599; baseline -0.003 -11"><span class='ocrx_word' id='word_1_342' title='bbox 371 2543 480 2590; x_wconf 80' lang='grc'>734.</span> <span class='ocrx_word' id='word_1_343' title='bbox 511 2548 666 2589; x_wconf 82' lang='lat' dir='ltr'>Nonius</span> <span class='ocrx_word' id='word_1_344' title='bbox 691 2562 730 2599; x_wconf 90' lang='lat' dir='ltr'>p.</span> <span class='ocrx_word' id='word_1_345' title='bbox 759 2549 857 2598; x_wconf 82' lang='lat'>296,</span> <span class='ocrx_word' id='word_1_346' title='bbox 886 2549 940 2586; x_wconf 86' lang='lat'>24</span> <span class='ocrx_word' id='word_1_347' title='bbox 980 2544 1212 2598; x_wconf 71' lang='lat' dir='ltr'>‘Expedire,</span> <span class='ocrx_word' id='word_1_348' title='bbox 1252 2547 1345 2587; x_wconf 77' lang='lat' dir='ltr'>utile</span> <span class='ocrx_word' id='word_1_349' title='bbox 1383 2557 1473 2585; x_wconf 83' lang='lat' dir='ltr'>esse.</span> <span class='ocrx_word' id='word_1_350' title='bbox 1508 2577 1515 2584; x_wconf 94' lang='lat'><strong>.</strong></span> <span class='ocrx_word' id='word_1_351' title='bbox 1544 2576 1551 2584; x_wconf 91' lang='lat'><strong>.</strong></span> <span class='ocrx_word' id='word_1_352' title='bbox 1582 2576 1588 2583; x_wconf 94' lang='lat'><strong>.</strong></span> <span class='ocrx_word' id='word_1_353' title='bbox 1615 2545 1796 2584; x_wconf 90' lang='lat' dir='ltr'>Lucilius</span> 
     </span>
     <span class='ocr_line' id='line_1_39' title="bbox 247 2602 1794 2661; baseline -0.003 -13"><span class='ocrx_word' id='word_1_354' title='bbox 247 2608 316 2648; x_wconf 89' lang='lat' dir='ltr'>lib.</span> <span class='ocrx_word' id='word_1_355' title='bbox 341 2608 496 2648; x_wconf 81' lang='lat' dir='ltr'>XXVII</span> <span class='ocrx_word' id='word_1_356' title='bbox 528 2606 632 2661; x_wconf 82' lang='lat' dir='ltr'>“ego</span> <span class='ocrx_word' id='word_1_357' title='bbox 665 2609 770 2648; x_wconf 89' lang='lat' dir='ltr'>enim</span> <span class='ocrx_word' id='word_1_358' title='bbox 805 2621 857 2647; x_wconf 88' lang='lat' dir='ltr'>an</span> <span class='ocrx_word' id='word_1_359' title='bbox 887 2620 964 2658; x_wconf 75' lang='lat' dir='ltr'>per</span> <span class='ocrx_word' id='word_1_360' title='bbox 1004 2609 1142 2648; x_wconf 74' lang='lat' dir='ltr'>ee’ciam</span> <span class='ocrx_word' id='word_1_361' title='bbox 1177 2610 1221 2647; x_wconf 78' lang='lat' dir='ltr'>ut</span> <span class='ocrx_word' id='word_1_362' title='bbox 1257 2619 1317 2647; x_wconf 84' lang='lat' dir='ltr'>me</span> <span class='ocrx_word' id='word_1_363' title='bbox 1355 2618 1491 2646; x_wconf 82' lang='lat' dir='ltr'>amare</span> <span class='ocrx_word' id='word_1_364' title='bbox 1530 2602 1794 2655; x_wconf 74' lang='lat' dir='ltr'>eaepediam’&#39;.&#39;</span> 
     </span>
     <span class='ocr_line' id='line_1_40' title="bbox 248 2666 1794 2719; baseline -0.003 -11"><span class='ocrx_word' id='word_1_365' title='bbox 248 2669 395 2709; x_wconf 86' lang='lat' dir='ltr'>Versus</span> <span class='ocrx_word' id='word_1_366' title='bbox 415 2669 577 2709; x_wconf 88' lang='lat' dir='ltr'>initium</span> <span class='ocrx_word' id='word_1_367' title='bbox 596 2682 735 2709; x_wconf 89' lang='lat' dir='ltr'>sanum</span> <span class='ocrx_word' id='word_1_368' title='bbox 757 2681 840 2709; x_wconf 91' lang='lat' dir='ltr'>esse</span> <span class='ocrx_word' id='word_1_369' title='bbox 860 2668 1076 2719; x_wconf 88' lang='lat' dir='ltr'>pollicetur</span> <span class='ocrx_word' id='word_1_370' title='bbox 1094 2667 1200 2707; x_wconf 89' lang='lat' dir='ltr'>idem</span> <span class='ocrx_word' id='word_1_371' title='bbox 1219 2668 1383 2706; x_wconf 89' lang='lat' dir='ltr'>initium</span> <span class='ocrx_word' id='word_1_372' title='bbox 1401 2666 1469 2705; x_wconf 88' lang='lat' dir='ltr'>lib.</span> <span class='ocrx_word' id='word_1_373' title='bbox 1489 2666 1622 2706; x_wconf 90' lang='lat' dir='ltr'>XXVI</span> <span class='ocrx_word' id='word_1_374' title='bbox 1635 2680 1672 2704; x_wconf 94' lang='lat' dir='ltr'>u.</span> <span class='ocrx_word' id='word_1_375' title='bbox 1690 2666 1794 2705; x_wconf 86' lang='lat'>654:</span> 
     </span>
     <span class='ocr_line' id='line_1_41' title="bbox 248 2726 1796 2779; baseline -0.003 -10"><span class='ocrx_word' id='word_1_376' title='bbox 248 2741 308 2769; x_wconf 85' lang='lat' dir='ltr'>me</span> <span class='ocrx_word' id='word_1_377' title='bbox 357 2741 488 2769; x_wconf 84' lang='lat' dir='ltr'>amore</span> <span class='ocrx_word' id='word_1_378' title='bbox 538 2730 740 2779; x_wconf 77' lang='lat' dir='ltr'>expediam</span> <span class='ocrx_word' id='word_1_379' title='bbox 790 2728 1024 2768; x_wconf 81' lang='lat' dir='ltr'>Gerlachius</span> <span class='ocrx_word' id='word_1_380' title='bbox 1074 2729 1155 2767; x_wconf 87' lang='lat' dir='ltr'>alii.</span> <span class='ocrx_word' id='word_1_381' title='bbox 1238 2728 1325 2774; x_wconf 85' lang='lat' dir='ltr'>Qua</span> <span class='ocrx_word' id='word_1_382' title='bbox 1375 2726 1572 2777; x_wconf 86' lang='lat' dir='ltr'>scriptura</span> <span class='ocrx_word' id='word_1_383' title='bbox 1625 2727 1796 2777; x_wconf 87' lang='lat' dir='ltr'>probata</span> 
     </span>
     <span class='ocr_line' id='line_1_42' title="bbox 250 2787 1796 2840; baseline -0.003 -12"><span class='ocrx_word' id='word_1_384' title='bbox 250 2790 473 2840; x_wconf 88' lang='lat' dir='ltr'>exemplum</span> <span class='ocrx_word' id='word_1_385' title='bbox 509 2789 597 2828; x_wconf 93' lang='lat' dir='ltr'>loco</span> <span class='ocrx_word' id='word_1_386' title='bbox 636 2790 766 2828; x_wconf 86' lang='lat' dir='ltr'>alieno</span> <span class='ocrx_word' id='word_1_387' title='bbox 810 2789 985 2839; x_wconf 88' lang='lat' dir='ltr'>positum</span> <span class='ocrx_word' id='word_1_388' title='bbox 1029 2801 1111 2828; x_wconf 90' lang='lat' dir='ltr'>esse</span> <span class='ocrx_word' id='word_1_389' title='bbox 1156 2801 1180 2827; x_wconf 87' lang='lat' dir='ltr'>a</span> <span class='ocrx_word' id='word_1_390' title='bbox 1216 2788 1350 2827; x_wconf 85' lang='lat' dir='ltr'>Nonio</span> <span class='ocrx_word' id='word_1_391' title='bbox 1393 2787 1511 2826; x_wconf 91' lang='lat' dir='ltr'>multi</span> <span class='ocrx_word' id='word_1_392' title='bbox 1556 2788 1796 2836; x_wconf 84' lang='lat' dir='ltr'>statuerunt,</span> 
     </span>
     <span class='ocr_line' id='line_1_43' title="bbox 248 2846 1796 2898; baseline -0.003 -10"><span class='ocrx_word' id='word_1_393' title='bbox 248 2849 376 2889; x_wconf 87' lang='lat' dir='ltr'>ueluti</span> <span class='ocrx_word' id='word_1_394' title='bbox 400 2849 680 2888; x_wconf 87' lang='lat' dir='ltr'>Lachmannus</span> <span class='ocrx_word' id='word_1_395' title='bbox 711 2851 752 2888; x_wconf 89' lang='lat' dir='ltr'>et</span> <span class='ocrx_word' id='word_1_396' title='bbox 776 2849 990 2888; x_wconf 87' lang='lat' dir='ltr'>Muellerus</span> <span class='ocrx_word' id='word_1_397' title='bbox 1024 2849 1094 2898; x_wconf 91' lang='lat' dir='ltr'>qui</span> <span class='ocrx_word' id='word_1_398' title='bbox 1123 2847 1166 2886; x_wconf 89' lang='lat' dir='ltr'>in</span> <span class='ocrx_word' id='word_1_399' title='bbox 1190 2848 1314 2887; x_wconf 86' lang='lat' dir='ltr'>Nonii</span> <span class='ocrx_word' id='word_1_400' title='bbox 1346 2847 1520 2886; x_wconf 84' lang='lat' dir='ltr'>editione</span> <span class='ocrx_word' id='word_1_401' title='bbox 1552 2846 1624 2886; x_wconf 89' lang='lat' dir='ltr'>sub</span> <span class='ocrx_word' id='word_1_402' title='bbox 1650 2847 1796 2885; x_wconf 85' lang='lat' dir='ltr'>lemma</span> 
     </span>
     <span class='ocr_line' id='line_1_44' title="bbox 250 2904 1794 2959; baseline -0.003 -11"><span class='ocrx_word' id='word_1_403' title='bbox 250 2910 445 2959; x_wconf 79' lang='lat' dir='ltr'>expedire,</span> <span class='ocrx_word' id='word_1_404' title='bbox 482 2910 667 2953; x_wconf 74' lang='lat' dir='ltr'>liberare,</span> <span class='ocrx_word' id='word_1_405' title='bbox 707 2908 812 2959; x_wconf 90' lang='lat' dir='ltr'>quod</span> <span class='ocrx_word' id='word_1_406' title='bbox 850 2908 1123 2959; x_wconf 85' lang='lat' dir='ltr'>subsequitur,</span> <span class='ocrx_word' id='word_1_407' title='bbox 1155 2904 1307 2947; x_wconf 72' lang='lat' dir='ltr'>vLucilii</span> <span class='ocrx_word' id='word_1_408' title='bbox 1343 2919 1503 2946; x_wconf 89' lang='lat' dir='ltr'>uersum</span> <span class='ocrx_word' id='word_1_409' title='bbox 1534 2906 1794 2956; x_wconf 85' lang='lat' dir='ltr'>transposuit.</span> 
     </span>
     <span class='ocr_line' id='line_1_45' title="bbox 248 2968 1795 3008; baseline -0.003 0"><span class='ocrx_word' id='word_1_410' title='bbox 248 2969 306 3008; x_wconf 91' lang='lat' dir='ltr'>At</span> <span class='ocrx_word' id='word_1_411' title='bbox 335 2968 477 3008; x_wconf 89' lang='lat' dir='ltr'>melius</span> <span class='ocrx_word' id='word_1_412' title='bbox 509 2968 585 3008; x_wconf 89' lang='lat' dir='ltr'>erit</span> <span class='ocrx_word' id='word_1_413' title='bbox 616 2968 773 3008; x_wconf 89' lang='lat' dir='ltr'>credere</span> <span class='ocrx_word' id='word_1_414' title='bbox 805 2969 927 3008; x_wconf 91' lang='lat' dir='ltr'>semel</span> <span class='ocrx_word' id='word_1_415' title='bbox 957 2968 1235 3008; x_wconf 88' lang='lat' dir='ltr'>tantummodo</span> <span class='ocrx_word' id='word_1_416' title='bbox 1263 2980 1345 3007; x_wconf 87' lang='lat' dir='ltr'>esse</span> <span class='ocrx_word' id='word_1_417' title='bbox 1372 2968 1549 3006; x_wconf 85' lang='lat' dir='ltr'>erratum</span> <span class='ocrx_word' id='word_1_418' title='bbox 1575 2968 1615 3005; x_wconf 89' lang='lat' dir='ltr'>et</span> <span class='ocrx_word' id='word_1_419' title='bbox 1640 2968 1795 3005; x_wconf 83' lang='lat' dir='ltr'>mutare</span> 
     </span>
     <span class='ocr_line' id='line_1_46' title="bbox 250 3027 1796 3081; baseline -0.002 -13"><span class='ocrx_word' id='word_1_420' title='bbox 250 3029 350 3068; x_wconf 90' lang='lat' dir='ltr'>illud</span> <span class='ocrx_word' id='word_1_421' title='bbox 382 3030 583 3079; x_wconf 76' lang='lat' dir='ltr'>expediam</span> <span class='ocrx_word' id='word_1_422' title='bbox 616 3041 705 3068; x_wconf 89' lang='lat' dir='ltr'>cum</span> <span class='ocrx_word' id='word_1_423' title='bbox 737 3028 829 3068; x_wconf 86' lang='lat' dir='ltr'>edit.</span> <span class='ocrx_word' id='word_1_424' title='bbox 856 3042 913 3081; x_wconf 89' lang='lat' dir='ltr'>pr.</span> <span class='ocrx_word' id='word_1_425' title='bbox 942 3030 985 3068; x_wconf 89' lang='lat' dir='ltr'>in</span> <span class='ocrx_word' id='word_1_426' title='bbox 1018 3029 1195 3078; x_wconf 71' lang='lat' dir='ltr'>expediat</span> <span class='ocrx_word' id='word_1_427' title='bbox 1227 3027 1333 3080; x_wconf 87' lang='lat' dir='ltr'>quod</span> <span class='ocrx_word' id='word_1_428' title='bbox 1365 3027 1551 3067; x_wconf 88' lang='lat' dir='ltr'>similiter</span> <span class='ocrx_word' id='word_1_429' title='bbox 1580 3028 1796 3078; x_wconf 88' lang='lat' dir='ltr'>usurpetur</span> 
     </span>
    </p>
   </div>
  </div>
 </body>
</html>
