<?xml version="1.0" encoding="UTF-8"?>
<!DOCTYPE html PUBLIC "-//W3C//DTD XHTML 1.0 Transitional//EN"
    "http://www.w3.org/TR/xhtml1/DTD/xhtml1-transitional.dtd">
<html xmlns="http://www.w3.org/1999/xhtml" xml:lang="en" lang="en">
 <head>
  <title>
</title>
<meta http-equiv="Content-Type" content="text/html;charset=utf-8" />
  <meta name='ocr-system' content='tesseract 3.04.00' />
  <meta name='ocr-capabilities' content='ocr_page ocr_carea ocr_par ocr_line ocrx_word'/>
</head>
<body>
  <div class='ocr_page' id='page_1' title='image "./carminumreliquia02luciuoft_0355.png"; bbox 0 0 2060 3444; ppageno 0'>
   <div class='ocr_carea' id='block_1_1' title="bbox 818 314 1799 359">
    <p class='ocr_par' dir='ltr' id='par_1_1' title="bbox 818 314 1799 359">
     <span class='ocr_line' id='line_1_1' title="bbox 818 314 1799 359; baseline 0.007 -7"><span class='ocrx_word' id='word_1_1' title='bbox 818 314 920 352; x_wconf 86' lang='lat' dir='ltr'><strong>xxx</strong></span> <span class='ocrx_word' id='word_1_2' title='bbox 945 328 982 352; x_wconf 87' lang='lat' dir='ltr'><strong>u.</strong></span> <span class='ocrx_word' id='word_1_3' title='bbox 1009 318 1234 353; x_wconf 79' lang='lat'>996—1000.</span> <span class='ocrx_word' id='word_1_4' title='bbox 1710 314 1799 359; x_wconf 81' lang='lat'><strong>323</strong></span> 
     </span>
    </p>
   </div>
   <div class='ocr_carea' id='block_1_2' title="bbox 242 425 1799 665">
    <p class='ocr_par' dir='ltr' id='par_1_2' title="bbox 242 425 1799 665">
     <span class='ocr_line' id='line_1_2' title="bbox 244 425 1799 485; baseline -0.001 -14"><span class='ocrx_word' id='word_1_5' title='bbox 244 431 455 471; x_wconf 75' lang='lat' dir='ltr'><strong>annalibus</strong></span> <span class='ocrx_word' id='word_1_6' title='bbox 503 425 608 485; x_wconf 88' lang='lat'>(445</span> <span class='ocrx_word' id='word_1_7' title='bbox 624 425 681 484; x_wconf 92' lang='lat' dir='ltr'><strong>V)</strong></span> <span class='ocrx_word' id='word_1_8' title='bbox 728 427 833 469; x_wconf 78' lang='lat' dir='ltr'><strong>‘cum</strong></span> <span class='ocrx_word' id='word_1_9' title='bbox 877 431 1044 482; x_wconf 87' lang='lat' dir='ltr'><strong>spiritus</strong></span> <span class='ocrx_word' id='word_1_10' title='bbox 1089 432 1218 470; x_wconf 88' lang='lat' dir='ltr'><strong>austri</strong></span> <span class='ocrx_word' id='word_1_11' title='bbox 1250 461 1258 469; x_wconf 90' lang='lat'><strong>.</strong></span> <span class='ocrx_word' id='word_1_12' title='bbox 1280 461 1288 469; x_wconf 88' lang='lat'><strong>.</strong></span> <span class='ocrx_word' id='word_1_13' title='bbox 1311 462 1318 469; x_wconf 92' lang='lat'><strong>.</strong></span> <span class='ocrx_word' id='word_1_14' title='bbox 1351 431 1567 482; x_wconf 85' lang='lat' dir='ltr'><strong>aquiloque</strong></span> <span class='ocrx_word' id='word_1_15' title='bbox 1600 461 1608 469; x_wconf 90' lang='lat'><strong>.</strong></span> <span class='ocrx_word' id='word_1_16' title='bbox 1630 462 1638 469; x_wconf 93' lang='lat'>.</span> <span class='ocrx_word' id='word_1_17' title='bbox 1661 463 1668 470; x_wconf 89' lang='lat'><strong><em>.</em></strong></span> <span class='ocrx_word' id='word_1_18' title='bbox 1700 431 1799 470; x_wconf 89' lang='lat' dir='ltr'><strong>indu</strong></span> 
     </span>
     <span class='ocr_line' id='line_1_3' title="bbox 243 488 1797 543; baseline -0.001 -12"><span class='ocrx_word' id='word_1_19' title='bbox 243 493 348 531; x_wconf 88' lang='lat' dir='ltr'><strong>mari</strong></span> <span class='ocrx_word' id='word_1_20' title='bbox 384 503 530 543; x_wconf 85' lang='lat' dir='ltr'><strong>magno</strong></span> <span class='ocrx_word' id='word_1_21' title='bbox 568 490 712 530; x_wconf 88' lang='lat' dir='ltr'><strong>fluctus</strong></span> <span class='ocrx_word' id='word_1_22' title='bbox 751 491 940 530; x_wconf 78' lang='lat' dir='ltr'>extollere</span> <span class='ocrx_word' id='word_1_23' title='bbox 972 488 1143 530; x_wconf 86' lang='lat' dir='ltr'><strong>certant&#39;</strong></span> <span class='ocrx_word' id='word_1_24' title='bbox 1182 491 1249 530; x_wconf 88' lang='lat' dir='ltr'><strong>cui</strong></span> <span class='ocrx_word' id='word_1_25' title='bbox 1279 492 1481 541; x_wconf 79' lang='lat' dir='ltr'>praeierat</span> <span class='ocrx_word' id='word_1_26' title='bbox 1511 491 1599 530; x_wconf 92' lang='lat' dir='ltr'><strong>Liu.</strong></span> <span class='ocrx_word' id='word_1_27' title='bbox 1619 491 1797 530; x_wconf 86' lang='lat' dir='ltr'><strong>Andron.</strong></span> 
     </span>
     <span class='ocr_line' id='line_1_4' title="bbox 243 550 1798 602; baseline -0.001 -11"><span class='ocrx_word' id='word_1_28' title='bbox 243 552 346 591; x_wconf 74' lang='grc' dir='ltr'><strong>ΤΒΕ</strong></span> <span class='ocrx_word' id='word_1_29' title='bbox 384 552 438 591; x_wconf 85' lang='grc'><strong>33</strong></span> <span class='ocrx_word' id='word_1_30' title='bbox 460 551 506 590; x_wconf 80' lang='lat' dir='ltr'><strong>R.</strong></span> <span class='ocrx_word' id='word_1_31' title='bbox 582 550 735 591; x_wconf 82' lang='lat' dir='ltr'><strong>Similis</strong></span> <span class='ocrx_word' id='word_1_32' title='bbox 779 553 969 591; x_wconf 72' lang='lat' dir='ltr'><strong>narratur</strong></span> <span class='ocrx_word' id='word_1_33' title='bbox 1010 551 1150 590; x_wconf 86' lang='lat' dir='ltr'><strong>fabula</strong></span> <span class='ocrx_word' id='word_1_34' title='bbox 1200 553 1321 602; x_wconf 88' lang='lat' dir='ltr'><strong>atque</strong></span> <span class='ocrx_word' id='word_1_35' title='bbox 1371 551 1445 590; x_wconf 87' lang='lat' dir='ltr'><strong>illa</strong></span> <span class='ocrx_word' id='word_1_36' title='bbox 1493 553 1535 590; x_wconf 92' lang='lat' dir='ltr'><strong>in</strong></span> <span class='ocrx_word' id='word_1_37' title='bbox 1585 551 1798 591; x_wconf 89' lang='lat' dir='ltr'><strong>Herondae</strong></span> 
     </span>
     <span class='ocr_line' id='line_1_5' title="bbox 242 611 1798 665; baseline -0.001 -13"><span class='ocrx_word' id='word_1_38' title='bbox 242 613 417 653; x_wconf 85' lang='lat' dir='ltr'><strong>carmine</strong></span> <span class='ocrx_word' id='word_1_39' title='bbox 449 612 597 663; x_wconf 90' lang='lat' dir='ltr'><strong>primo:</strong></span> <span class='ocrx_word' id='word_1_40' title='bbox 628 611 699 651; x_wconf 90' lang='lat' dir='ltr'><strong>ubi</strong></span> <span class='ocrx_word' id='word_1_41' title='bbox 728 611 908 652; x_wconf 83' lang='lat' dir='ltr'><strong>Mandris</strong></span> <span class='ocrx_word' id='word_1_42' title='bbox 933 612 1149 651; x_wconf 88' lang='lat' dir='ltr'><strong>Metriches</strong></span> <span class='ocrx_word' id='word_1_43' title='bbox 1179 613 1350 651; x_wconf 88' lang='lat' dir='ltr'><strong>maritus</strong></span> <span class='ocrx_word' id='word_1_44' title='bbox 1382 625 1472 651; x_wconf 92' lang='lat' dir='ltr'><strong>cum</strong></span> <span class='ocrx_word' id='word_1_45' title='bbox 1502 611 1560 659; x_wconf 85' lang='grc' dir='ltr'><strong>εἰς</strong></span> <span class='ocrx_word' id='word_1_46' title='bbox 1591 611 1798 665; x_wconf 61' lang='grc' dir='ltr'><strong>Αἷκγυπτον</strong></span> 
     </span>
    </p>
   </div>
   <div class='ocr_carea' id='block_1_3' title="bbox 244 666 1799 773">
    <p class='ocr_par' dir='ltr' id='par_1_3' title="bbox 244 666 1799 773">
     <span class='ocr_line' id='line_1_6' title="bbox 244 666 1799 727; baseline -0.001 -15"><span class='ocrx_word' id='word_1_47' title='bbox 244 671 383 724; x_wconf 77' lang='grc' dir='ltr'><strong>ἐστάλη</strong></span> <span class='ocrx_word' id='word_1_48' title='bbox 417 666 473 727; x_wconf 84' lang='grc'>(11.</span> <span class='ocrx_word' id='word_1_49' title='bbox 495 666 586 725; x_wconf 87' lang='lat'>23),</span> <span class='ocrx_word' id='word_1_50' title='bbox 616 673 842 723; x_wconf 89' lang='lat' dir='ltr'><strong>temptatur</strong></span> <span class='ocrx_word' id='word_1_51' title='bbox 872 674 1006 713; x_wconf 87' lang='lat' dir='ltr'><strong>uxoris</strong></span> <span class='ocrx_word' id='word_1_52' title='bbox 1037 673 1236 723; x_wconf 86' lang='lat' dir='ltr'><strong>pudicitia</strong></span> <span class='ocrx_word' id='word_1_53' title='bbox 1266 673 1381 712; x_wconf 88' lang='lat' dir='ltr'><strong>lenae</strong></span> <span class='ocrx_word' id='word_1_54' title='bbox 1409 672 1674 712; x_wconf 80' lang='lat' dir='ltr'><strong>sermonibus:</strong></span> <span class='ocrx_word' id='word_1_55' title='bbox 1705 673 1799 711; x_wconf 88' lang='lat' dir='ltr'><strong>uide</strong></span> 
     </span>
     <span class='ocr_line' id='line_1_7' title="bbox 244 733 616 773; baseline -0.003 -1"><span class='ocrx_word' id='word_1_56' title='bbox 244 733 296 772; x_wconf 81' lang='lat' dir='ltr'><strong>ad</strong></span> <span class='ocrx_word' id='word_1_57' title='bbox 319 738 363 771; x_wconf 75' lang='grc'>’11.</span> <span class='ocrx_word' id='word_1_58' title='bbox 386 734 484 773; x_wconf 83' lang='grc'><strong>997.</strong></span> <span class='ocrx_word' id='word_1_59' title='bbox 519 733 616 772; x_wconf 87' lang='grc'><strong>998.</strong></span> 
     </span>
    </p>
   </div>
   <div class='ocr_carea' id='block_1_4' title="bbox 222 788 1802 2177">
    <p class='ocr_par' dir='ltr' id='par_1_4' title="bbox 222 788 1799 1146">
     <span class='ocr_line' id='line_1_8' title="bbox 363 788 1799 845; baseline -0.001 -13"><span class='ocrx_word' id='word_1_60' title='bbox 363 788 477 833; x_wconf 81' lang='grc'><strong>997.</strong></span> <span class='ocrx_word' id='word_1_61' title='bbox 503 793 658 832; x_wconf 87' lang='lat' dir='ltr'><strong>Nonius</strong></span> <span class='ocrx_word' id='word_1_62' title='bbox 678 807 716 845; x_wconf 89' lang='lat' dir='ltr'><strong>p.</strong></span> <span class='ocrx_word' id='word_1_63' title='bbox 739 794 839 843; x_wconf 87' lang='lat'>287,</span> <span class='ocrx_word' id='word_1_64' title='bbox 861 795 915 833; x_wconf 87' lang='lat'><strong>27</strong></span> <span class='ocrx_word' id='word_1_65' title='bbox 938 790 1110 843; x_wconf 72' lang='lat' dir='ltr'><strong>‘Dicare,</strong></span> <span class='ocrx_word' id='word_1_66' title='bbox 1128 793 1300 832; x_wconf 88' lang='lat' dir='ltr'><strong>tradere.</strong></span> <span class='ocrx_word' id='word_1_67' title='bbox 1328 824 1336 831; x_wconf 95' lang='lat'><strong>.</strong></span> <span class='ocrx_word' id='word_1_68' title='bbox 1350 824 1357 831; x_wconf 93' lang='lat'><strong>.</strong></span> <span class='ocrx_word' id='word_1_69' title='bbox 1373 824 1381 832; x_wconf 92' lang='lat'>.</span> <span class='ocrx_word' id='word_1_70' title='bbox 1400 793 1580 833; x_wconf 79' lang='lat' dir='ltr'><strong>Lucilius</strong></span> <span class='ocrx_word' id='word_1_71' title='bbox 1600 792 1668 831; x_wconf 91' lang='lat' dir='ltr'><strong>lib.</strong></span> <span class='ocrx_word' id='word_1_72' title='bbox 1688 793 1799 831; x_wconf 93' lang='lat' dir='ltr'><strong>XXX</strong></span> 
     </span>
     <span class='ocr_line' id='line_1_9' title="bbox 246 850 1798 904; baseline 0 -12"><span class='ocrx_word' id='word_1_73' title='bbox 246 850 457 893; x_wconf 79' lang='lat' dir='ltr'><strong>“iuratam</strong></span> <span class='ocrx_word' id='word_1_74' title='bbox 494 866 535 893; x_wconf 89' lang='lat' dir='ltr'><strong>se</strong></span> <span class='ocrx_word' id='word_1_75' title='bbox 572 854 661 904; x_wconf 91' lang='lat' dir='ltr'><strong>uni,</strong></span> <span class='ocrx_word' id='word_1_76' title='bbox 699 855 765 893; x_wconf 90' lang='grc'>6111</span> <span class='ocrx_word' id='word_1_77' title='bbox 795 855 850 893; x_wconf 90' lang='lat' dir='ltr'><strong>sit</strong></span> <span class='ocrx_word' id='word_1_78' title='bbox 881 854 977 893; x_wconf 89' lang='lat' dir='ltr'><strong>data</strong></span> <span class='ocrx_word' id='word_1_79' title='bbox 1009 854 1213 902; x_wconf 76' lang='lat' dir='ltr'><strong>adaequae</strong></span> <span class='ocrx_word' id='word_1_80' title='bbox 1250 850 1446 893; x_wconf 88' lang='lat' dir='ltr'><strong>dicata’&#39;.&#39;</strong></span> <span class='ocrx_word' id='word_1_81' title='bbox 1509 854 1630 902; x_wconf 75' lang='lat' dir='ltr'><strong>deque</strong></span> <span class='ocrx_word' id='word_1_82' title='bbox 1667 854 1798 892; x_wconf 75' lang='lat' dir='ltr'><strong>dicata</strong></span> 
     </span>
     <span class='ocr_line' id='line_1_10' title="bbox 245 913 1798 967; baseline -0.001 -14"><span class='ocrx_word' id='word_1_83' title='bbox 245 914 396 954; x_wconf 83' lang='lat' dir='ltr'><strong>Carrio.</strong></span> <span class='ocrx_word' id='word_1_84' title='bbox 460 913 701 967; x_wconf 83' lang='lat' dir='ltr'><strong>Coniugem,</strong></span> <span class='ocrx_word' id='word_1_85' title='bbox 738 915 915 953; x_wconf 87' lang='lat' dir='ltr'><strong>iuratam</strong></span> <span class='ocrx_word' id='word_1_86' title='bbox 959 915 1161 965; x_wconf 89' lang='lat' dir='ltr'><strong>conceptis</strong></span> <span class='ocrx_word' id='word_1_87' title='bbox 1203 914 1337 954; x_wconf 90' lang='lat' dir='ltr'><strong>uerbis</strong></span> <span class='ocrx_word' id='word_1_88' title='bbox 1378 927 1462 954; x_wconf 89' lang='lat' dir='ltr'><strong>sese</strong></span> <span class='ocrx_word' id='word_1_89' title='bbox 1499 915 1571 953; x_wconf 91' lang='lat' dir='ltr'><strong>uni</strong></span> <span class='ocrx_word' id='word_1_90' title='bbox 1608 915 1674 954; x_wconf 90' lang='lat' dir='ltr'><strong>cui</strong></span> <span class='ocrx_word' id='word_1_91' title='bbox 1710 915 1798 952; x_wconf 89' lang='lat' dir='ltr'><strong>uiro</strong></span> 
     </span>
     <span class='ocr_line' id='line_1_11' title="bbox 222 974 1797 1025; baseline 0.001 -14"><span class='ocrx_word' id='word_1_92' title='bbox 222 1009 224 1011; x_wconf 87' lang='lat'>.</span> <span class='ocrx_word' id='word_1_93' title='bbox 244 976 299 1015; x_wconf 86' lang='lat' dir='ltr'><strong>sit</strong></span> <span class='ocrx_word' id='word_1_94' title='bbox 329 975 426 1014; x_wconf 89' lang='lat' dir='ltr'><strong>data</strong></span> <span class='ocrx_word' id='word_1_95' title='bbox 457 976 497 1014; x_wconf 92' lang='lat' dir='ltr'><strong>et</strong></span> <span class='ocrx_word' id='word_1_96' title='bbox 528 974 724 1024; x_wconf 83' lang='lat' dir='ltr'><strong>dedicata,</strong></span> <span class='ocrx_word' id='word_1_97' title='bbox 755 974 915 1014; x_wconf 89' lang='lat' dir='ltr'><strong>fidelem</strong></span> <span class='ocrx_word' id='word_1_98' title='bbox 939 987 1171 1015; x_wconf 85' lang='lat' dir='ltr'><strong>mansuram</strong></span> <span class='ocrx_word' id='word_1_99' title='bbox 1196 977 1237 1014; x_wconf 92' lang='lat' dir='ltr'><strong>et</strong></span> <span class='ocrx_word' id='word_1_100' title='bbox 1262 977 1427 1025; x_wconf 87' lang='lat' dir='ltr'><strong>castam,</strong></span> <span class='ocrx_word' id='word_1_101' title='bbox 1459 975 1568 1014; x_wconf 86' lang='lat' dir='ltr'><strong>domi</strong></span> <span class='ocrx_word' id='word_1_102' title='bbox 1592 975 1797 1025; x_wconf 75' lang='lat' dir='ltr'><strong>relinquit.</strong></span> 
     </span>
     <span class='ocr_line' id='line_1_12' title="bbox 244 1034 1799 1075; baseline 0 -1"><span class='ocrx_word' id='word_1_103' title='bbox 244 1035 392 1074; x_wconf 89' lang='lat' dir='ltr'><strong>Mulier</strong></span> <span class='ocrx_word' id='word_1_104' title='bbox 422 1035 496 1074; x_wconf 82' lang='lat' dir='ltr'><strong>illa</strong></span> <span class='ocrx_word' id='word_1_105' title='bbox 526 1035 570 1074; x_wconf 91' lang='lat' dir='ltr'><strong>in</strong></span> <span class='ocrx_word' id='word_1_106' title='bbox 599 1035 750 1075; x_wconf 85' lang='lat' dir='ltr'><strong>Lucilii</strong></span> <span class='ocrx_word' id='word_1_107' title='bbox 779 1035 950 1075; x_wconf 89' lang='lat' dir='ltr'><strong>historia</strong></span> <span class='ocrx_word' id='word_1_108' title='bbox 981 1036 1114 1075; x_wconf 89' lang='lat' dir='ltr'><strong>minus</strong></span> <span class='ocrx_word' id='word_1_109' title='bbox 1139 1036 1301 1075; x_wconf 89' lang='lat' dir='ltr'><strong>uidetur</strong></span> <span class='ocrx_word' id='word_1_110' title='bbox 1326 1036 1449 1075; x_wconf 89' lang='lat' dir='ltr'><strong>fuisse</strong></span> <span class='ocrx_word' id='word_1_111' title='bbox 1476 1036 1596 1075; x_wconf 88' lang='lat' dir='ltr'><strong>castis</strong></span> <span class='ocrx_word' id='word_1_112' title='bbox 1622 1034 1799 1074; x_wconf 90' lang='lat' dir='ltr'><strong>moribus</strong></span> 
     </span>
     <span class='ocr_line' id='line_1_13' title="bbox 245 1095 1110 1146; baseline 0.001 -12"><span class='ocrx_word' id='word_1_113' title='bbox 245 1108 366 1146; x_wconf 82' lang='lat' dir='ltr'><strong>quam</strong></span> <span class='ocrx_word' id='word_1_114' title='bbox 397 1095 591 1135; x_wconf 87' lang='lat' dir='ltr'><strong>Metriche</strong></span> <span class='ocrx_word' id='word_1_115' title='bbox 622 1096 696 1135; x_wconf 91' lang='lat' dir='ltr'><strong>illa</strong></span> <span class='ocrx_word' id='word_1_116' title='bbox 728 1096 836 1146; x_wconf 85' lang='lat' dir='ltr'><strong>apud</strong></span> <span class='ocrx_word' id='word_1_117' title='bbox 867 1096 1110 1135; x_wconf 87' lang='lat' dir='ltr'><strong>Herondam.</strong></span> 
     </span>
    </p>

    <p class='ocr_par' dir='ltr' id='par_1_5' title="bbox 242 1151 1802 2177">
     <span class='ocr_line' id='line_1_14' title="bbox 364 1151 1799 1208; baseline 0 -13"><span class='ocrx_word' id='word_1_118' title='bbox 364 1151 476 1195; x_wconf 85' lang='grc'><strong>998.</strong></span> <span class='ocrx_word' id='word_1_119' title='bbox 501 1155 658 1195; x_wconf 85' lang='lat' dir='ltr'><strong>Nonius</strong></span> <span class='ocrx_word' id='word_1_120' title='bbox 683 1170 722 1207; x_wconf 90' lang='lat' dir='ltr'><strong>p.</strong></span> <span class='ocrx_word' id='word_1_121' title='bbox 744 1157 842 1207; x_wconf 89' lang='grc'><strong>297,</strong></span> <span class='ocrx_word' id='word_1_122' title='bbox 865 1158 921 1195; x_wconf 92' lang='grc'><strong>24</strong></span> <span class='ocrx_word' id='word_1_123' title='bbox 949 1153 1138 1207; x_wconf 77' lang='lat' dir='ltr'><strong>‘cherre,</strong></span> <span class='ocrx_word' id='word_1_124' title='bbox 1158 1157 1323 1208; x_wconf 87' lang='lat' dir='ltr'><strong>erigere,</strong></span> <span class='ocrx_word' id='word_1_125' title='bbox 1345 1157 1491 1195; x_wconf 89' lang='lat' dir='ltr'><strong>leuare.</strong></span> <span class='ocrx_word' id='word_1_126' title='bbox 1526 1187 1534 1195; x_wconf 89' lang='lat'><strong>.</strong></span> <span class='ocrx_word' id='word_1_127' title='bbox 1557 1187 1564 1194; x_wconf 93' lang='lat'><em>.</em></span> <span class='ocrx_word' id='word_1_128' title='bbox 1586 1188 1593 1195; x_wconf 89' lang='lat'>.</span> <span class='ocrx_word' id='word_1_129' title='bbox 1619 1155 1799 1195; x_wconf 82' lang='lat' dir='ltr'><strong>Lucilius</strong></span> 
     </span>
     <span class='ocr_line' id='line_1_15' title="bbox 243 1211 1797 1270; baseline 0.001 -16"><span class='ocrx_word' id='word_1_130' title='bbox 243 1216 311 1255; x_wconf 93' lang='lat' dir='ltr'><strong>lib.</strong></span> <span class='ocrx_word' id='word_1_131' title='bbox 326 1216 436 1254; x_wconf 93' lang='lat' dir='ltr'><strong>XXX</strong></span> <span class='ocrx_word' id='word_1_132' title='bbox 462 1212 684 1255; x_wconf 78' lang='lat' dir='ltr'><strong>“continuo</strong></span> <span class='ocrx_word' id='word_1_133' title='bbox 707 1248 714 1255; x_wconf 92' lang='lat'><strong>.</strong></span> <span class='ocrx_word' id='word_1_134' title='bbox 732 1248 739 1255; x_wconf 95' lang='lat'><strong><em>.</em></strong></span> <span class='ocrx_word' id='word_1_135' title='bbox 756 1248 763 1255; x_wconf 92' lang='lat'><strong><em>.</em></strong></span> <span class='ocrx_word' id='word_1_136' title='bbox 784 1218 904 1256; x_wconf 75' lang='lat' dir='ltr'><strong>erexit</strong></span> <span class='ocrx_word' id='word_1_137' title='bbox 923 1211 1107 1270; x_wconf 74' lang='lat' dir='ltr'><strong>(erexerit</strong></span> <span class='ocrx_word' id='word_1_138' title='bbox 1124 1217 1222 1256; x_wconf 92' lang='lat' dir='ltr'><strong>olim</strong></span> <span class='ocrx_word' id='word_1_139' title='bbox 1242 1211 1447 1270; x_wconf 82' lang='lat' dir='ltr'><strong>impressi)</strong></span> <span class='ocrx_word' id='word_1_140' title='bbox 1468 1212 1797 1266; x_wconf 88' lang='lat' dir='ltr'><strong>extuleritque’&#39;.&#39;</strong></span> 
     </span>
     <span class='ocr_line' id='line_1_16' title="bbox 243 1276 1800 1329; baseline 0.001 -14"><span class='ocrx_word' id='word_1_141' title='bbox 243 1276 377 1315; x_wconf 89' lang='lat' dir='ltr'><strong>Primo</strong></span> <span class='ocrx_word' id='word_1_142' title='bbox 427 1278 539 1316; x_wconf 87' lang='lat' dir='ltr'><strong>casta</strong></span> <span class='ocrx_word' id='word_1_143' title='bbox 587 1278 725 1316; x_wconf 90' lang='lat' dir='ltr'><strong>manet</strong></span> <span class='ocrx_word' id='word_1_144' title='bbox 771 1277 917 1316; x_wconf 89' lang='lat' dir='ltr'><strong>mulier</strong></span> <span class='ocrx_word' id='word_1_145' title='bbox 965 1290 1118 1316; x_wconf 90' lang='lat' dir='ltr'><strong>memor</strong></span> <span class='ocrx_word' id='word_1_146' title='bbox 1167 1278 1367 1329; x_wconf 89' lang='lat' dir='ltr'><strong>coniugis:</strong></span> <span class='ocrx_word' id='word_1_147' title='bbox 1422 1279 1546 1316; x_wconf 91' lang='lat' dir='ltr'><strong>immo</strong></span> <span class='ocrx_word' id='word_1_148' title='bbox 1597 1278 1800 1327; x_wconf 87' lang='lat' dir='ltr'><strong>continuo,</strong></span> 
     </span>
     <span class='ocr_line' id='line_1_17' title="bbox 243 1337 1800 1388; baseline -0.001 -12"><span class='ocrx_word' id='word_1_149' title='bbox 243 1337 413 1376; x_wconf 86' lang='lat' dir='ltr'><strong>simulac</strong></span> <span class='ocrx_word' id='word_1_150' title='bbox 461 1337 583 1388; x_wconf 84' lang='lat' dir='ltr'><strong>paulo</strong></span> <span class='ocrx_word' id='word_1_151' title='bbox 632 1337 908 1377; x_wconf 89' lang='lat' dir='ltr'><strong>uehementius</strong></span> <span class='ocrx_word' id='word_1_152' title='bbox 960 1351 1058 1377; x_wconf 84' lang='lat' dir='ltr'><strong>aura</strong></span> <span class='ocrx_word' id='word_1_153' title='bbox 1100 1338 1276 1388; x_wconf 89' lang='lat' dir='ltr'><strong>inflarit,</strong></span> <span class='ocrx_word' id='word_1_154' title='bbox 1324 1338 1549 1388; x_wconf 87' lang='lat' dir='ltr'><strong>fluctusque</strong></span> <span class='ocrx_word' id='word_1_155' title='bbox 1600 1338 1800 1386; x_wconf 82' lang='lat' dir='ltr'><strong>extulerit,</strong></span> 
     </span>
     <span class='ocr_line' id='line_1_18' title="bbox 242 1398 1800 1451; baseline 0 -15"><span class='ocrx_word' id='word_1_156' title='bbox 242 1398 382 1436; x_wconf 86' lang='lat' dir='ltr'><strong>tremit</strong></span> <span class='ocrx_word' id='word_1_157' title='bbox 413 1399 533 1437; x_wconf 89' lang='lat' dir='ltr'><strong>anxia</strong></span> <span class='ocrx_word' id='word_1_158' title='bbox 564 1398 605 1436; x_wconf 92' lang='lat' dir='ltr'><strong>et</strong></span> <span class='ocrx_word' id='word_1_159' title='bbox 636 1398 814 1448; x_wconf 84' lang='lat' dir='ltr'><strong>suspirat</strong></span> <span class='ocrx_word' id='word_1_160' title='bbox 845 1398 893 1437; x_wconf 88' lang='lat' dir='ltr'><strong>de</strong></span> <span class='ocrx_word' id='word_1_161' title='bbox 924 1399 1013 1437; x_wconf 91' lang='lat' dir='ltr'><strong>uiro</strong></span> <span class='ocrx_word' id='word_1_162' title='bbox 1039 1398 1215 1438; x_wconf 88' lang='lat' dir='ltr'><strong>sollicita</strong></span> <span class='ocrx_word' id='word_1_163' title='bbox 1240 1399 1472 1451; x_wconf 86' lang='lat' dir='ltr'><strong>nauigante.</strong></span> <span class='ocrx_word' id='word_1_164' title='bbox 1535 1398 1633 1437; x_wconf 92' lang='lat' dir='ltr'><strong>Post</strong></span> <span class='ocrx_word' id='word_1_165' title='bbox 1657 1399 1800 1446; x_wconf 78' lang='lat' dir='ltr'><strong>fluctus</strong></span> 
     </span>
     <span class='ocr_line' id='line_1_19' title="bbox 243 1457 1799 1510; baseline 0.001 -14"><span class='ocrx_word' id='word_1_166' title='bbox 243 1457 347 1497; x_wconf 89' lang='lat' dir='ltr'><strong>falso</strong></span> <span class='ocrx_word' id='word_1_167' title='bbox 385 1457 600 1510; x_wconf 87' lang='lat' dir='ltr'><strong>distinguit</strong></span> <span class='ocrx_word' id='word_1_168' title='bbox 636 1458 852 1498; x_wconf 88' lang='lat' dir='ltr'><strong>Muellerus</strong></span> <span class='ocrx_word' id='word_1_169' title='bbox 891 1459 964 1498; x_wconf 84' lang='lat' dir='ltr'><strong>alii</strong></span> <span class='ocrx_word' id='word_1_170' title='bbox 999 1460 1043 1498; x_wconf 88' lang='lat' dir='ltr'><strong>in</strong></span> <span class='ocrx_word' id='word_1_171' title='bbox 1075 1459 1200 1498; x_wconf 86' lang='lat' dir='ltr'><strong>Nonii</strong></span> <span class='ocrx_word' id='word_1_172' title='bbox 1237 1459 1332 1498; x_wconf 87' lang='lat' dir='ltr'><strong>edit.</strong></span> <span class='ocrx_word' id='word_1_173' title='bbox 1357 1459 1383 1497; x_wconf 93' lang='grc'><strong>1.</strong></span> <span class='ocrx_word' id='word_1_174' title='bbox 1405 1471 1433 1498; x_wconf 91' lang='lat' dir='ltr'><strong>s.</strong></span> <span class='ocrx_word' id='word_1_175' title='bbox 1455 1471 1503 1498; x_wconf 90' lang='lat' dir='ltr'><strong>s.:</strong></span> <span class='ocrx_word' id='word_1_176' title='bbox 1528 1459 1656 1507; x_wconf 75' lang='lat' dir='ltr'><strong>paulo</strong></span> <span class='ocrx_word' id='word_1_177' title='bbox 1687 1459 1799 1497; x_wconf 79' lang='lat' dir='ltr'><strong>uehe-</strong></span> 
     </span>
     <span class='ocr_line' id='line_1_20' title="bbox 242 1517 1799 1570; baseline -0.001 -13"><span class='ocrx_word' id='word_1_178' title='bbox 242 1518 410 1558; x_wconf 66' lang='lat' dir='ltr'><strong>mentius</strong></span> <span class='ocrx_word' id='word_1_179' title='bbox 452 1519 596 1567; x_wconf 74' lang='lat' dir='ltr'><strong>inflare</strong></span> <span class='ocrx_word' id='word_1_180' title='bbox 637 1519 788 1558; x_wconf 86' lang='lat' dir='ltr'><strong>locutio</strong></span> <span class='ocrx_word' id='word_1_181' title='bbox 833 1532 857 1558; x_wconf 89' lang='grc'><strong>3</strong></span> <span class='ocrx_word' id='word_1_182' title='bbox 896 1518 1057 1559; x_wconf 86' lang='lat' dir='ltr'><strong>Graecis</strong></span> <span class='ocrx_word' id='word_1_183' title='bbox 1098 1519 1260 1559; x_wconf 85' lang='lat' dir='ltr'><strong>uidetur</strong></span> <span class='ocrx_word' id='word_1_184' title='bbox 1297 1532 1380 1559; x_wconf 91' lang='lat' dir='ltr'><strong>esse</strong></span> <span class='ocrx_word' id='word_1_185' title='bbox 1419 1521 1591 1570; x_wconf 87' lang='lat' dir='ltr'><strong>sumpta.</strong></span> <span class='ocrx_word' id='word_1_186' title='bbox 1663 1517 1799 1558; x_wconf 82' lang='lat' dir='ltr'><strong>Cicero</strong></span> 
     </span>
     <span class='ocr_line' id='line_1_21' title="bbox 245 1576 1798 1630; baseline 0 -13"><span class='ocrx_word' id='word_1_187' title='bbox 245 1578 292 1617; x_wconf 89' lang='lat' dir='ltr'><strong>de</strong></span> <span class='ocrx_word' id='word_1_188' title='bbox 323 1579 428 1630; x_wconf 88' lang='lat' dir='ltr'><strong>legg.</strong></span> <span class='ocrx_word' id='word_1_189' title='bbox 453 1579 474 1617; x_wconf 96' lang='lat' dir='ltr'>I</span> <span class='ocrx_word' id='word_1_190' title='bbox 502 1580 525 1618; x_wconf 88' lang='grc'>6</span> <span class='ocrx_word' id='word_1_191' title='bbox 559 1579 608 1618; x_wconf 85' lang='grc'><strong>(16</strong></span> <span class='ocrx_word' id='word_1_192' title='bbox 647 1578 782 1618; x_wconf 80' lang='lat' dir='ltr'><strong>Caelio</strong></span> <span class='ocrx_word' id='word_1_193' title='bbox 826 1579 1017 1619; x_wconf 89' lang='lat' dir='ltr'><strong>historico</strong></span> <span class='ocrx_word' id='word_1_194' title='bbox 1057 1576 1290 1630; x_wconf 73' lang='lat' dir='ltr'><strong>‘Antipater</strong></span> <span class='ocrx_word' id='word_1_195' title='bbox 1326 1580 1448 1630; x_wconf 87' lang='lat' dir='ltr'><strong>paulo</strong></span> <span class='ocrx_word' id='word_1_196' title='bbox 1489 1579 1651 1618; x_wconf 90' lang='lat' dir='ltr'><strong>inflauit</strong></span> <span class='ocrx_word' id='word_1_197' title='bbox 1681 1579 1798 1618; x_wconf 91' lang='lat' dir='ltr'><strong>uehe-</strong></span> 
     </span>
     <span class='ocr_line' id='line_1_22' title="bbox 244 1637 1798 1692; baseline 0.001 -15"><span class='ocrx_word' id='word_1_198' title='bbox 244 1639 417 1678; x_wconf 91' lang='lat' dir='ltr'><strong>mentius</strong></span> <span class='ocrx_word' id='word_1_199' title='bbox 448 1639 669 1689; x_wconf 84' lang='lat' dir='ltr'><strong>habuitque</strong></span> <span class='ocrx_word' id='word_1_200' title='bbox 700 1640 808 1679; x_wconf 91' lang='lat' dir='ltr'><strong>uires</strong></span> <span class='ocrx_word' id='word_1_201' title='bbox 839 1641 1016 1692; x_wconf 85' lang='lat' dir='ltr'><strong>agrestes</strong></span> <span class='ocrx_word' id='word_1_202' title='bbox 1048 1640 1118 1678; x_wconf 89' lang='lat' dir='ltr'><strong>ille</strong></span> <span class='ocrx_word' id='word_1_203' title='bbox 1144 1640 1308 1690; x_wconf 87' lang='lat' dir='ltr'><strong>quidem</strong></span> <span class='ocrx_word' id='word_1_204' title='bbox 1339 1641 1380 1679; x_wconf 92' lang='lat' dir='ltr'><strong>et</strong></span> <span class='ocrx_word' id='word_1_205' title='bbox 1403 1637 1603 1679; x_wconf 92' lang='lat' dir='ltr'><strong>horridas&#39;</strong></span> <span class='ocrx_word' id='word_1_206' title='bbox 1631 1639 1798 1690; x_wconf 82' lang='lat' dir='ltr'><strong>Dionys.</strong></span> 
     </span>
     <span class='ocr_line' id='line_1_23' title="bbox 244 1697 1800 1775; baseline 0.001 -38"><span class='ocrx_word' id='word_1_207' title='bbox 244 1699 374 1738; x_wconf 91' lang='lat' dir='ltr'><strong>Halic.</strong></span> <span class='ocrx_word' id='word_1_208' title='bbox 414 1699 466 1738; x_wconf 88' lang='lat' dir='ltr'><strong>ad</strong></span> <span class='ocrx_word' id='word_1_209' title='bbox 501 1699 640 1750; x_wconf 89' lang='lat' dir='ltr'><strong>Pomp</strong></span> <span class='ocrx_word' id='word_1_210' title='bbox 667 1712 752 1750; x_wconf 84' lang='lat' dir='ltr'><strong>cap.</strong></span> <span class='ocrx_word' id='word_1_211' title='bbox 774 1701 800 1738; x_wconf 88' lang='lat'>4</span> <span class='ocrx_word' id='word_1_212' title='bbox 828 1701 924 1740; x_wconf 86' lang='lat' dir='ltr'><strong>extr.</strong></span> <span class='ocrx_word' id='word_1_213' title='bbox 966 1700 1015 1739; x_wconf 89' lang='lat' dir='ltr'><strong>de</strong></span> <span class='ocrx_word' id='word_1_214' title='bbox 1049 1700 1316 1775; x_wconf 82' lang='lat' dir='ltr'><strong>Xenophonte</strong></span> <span class='ocrx_word' id='word_1_215' title='bbox 1359 1697 1436 1739; x_wconf 76' lang='grc' dir='ltr'><strong>κᾶν</strong></span> <span class='ocrx_word' id='word_1_216' title='bbox 1479 1713 1572 1739; x_wconf 84' lang='grc' dir='ltr'><em>ποτε</em></span> <span class='ocrx_word' id='word_1_217' title='bbox 1615 1699 1800 1753; x_wconf 82' lang='grc' dir='ltr'><em>διεγεῖραι</em></span> 
     </span>
     <span class='ocr_line' id='line_1_24' title="bbox 245 1757 1800 1815; baseline 0.001 -17"><span class='ocrx_word' id='word_1_218' title='bbox 245 1759 432 1815; x_wconf 78' lang='grc' dir='ltr'><em>βουληθῇ</em></span> <span class='ocrx_word' id='word_1_219' title='bbox 458 1757 532 1811; x_wconf 84' lang='grc' dir='ltr'><strong>τὴν</strong></span> <span class='ocrx_word' id='word_1_220' title='bbox 558 1758 721 1812; x_wconf 78' lang='grc' dir='ltr'><strong>φράσιν,</strong></span> <span class='ocrx_word' id='word_1_221' title='bbox 753 1757 887 1813; x_wconf 79' lang='grc' dir='ltr'><em>ὀλίγον</em></span> <span class='ocrx_word' id='word_1_222' title='bbox 911 1758 1134 1812; x_wconf 83' lang='grc' dir='ltr'><strong><em>ἐμπνεύσας</em></strong></span> <span class='ocrx_word' id='word_1_223' title='bbox 1160 1759 1289 1814; x_wconf 78' lang='grc' dir='ltr'><strong><em>ὥσπερ</em></strong></span> <span class='ocrx_word' id='word_1_224' title='bbox 1315 1758 1501 1813; x_wconf 78' lang='grc' dir='ltr'><em>ἀπόγειος</em></span> <span class='ocrx_word' id='word_1_225' title='bbox 1526 1775 1631 1813; x_wconf 69' lang='lat' dir='ltr'><strong>avoca</strong></span> <span class='ocrx_word' id='word_1_226' title='bbox 1655 1757 1800 1812; x_wconf 81' lang='grc' dir='ltr'><strong><em>ταχέως</em></strong></span> 
     </span>
     <span class='ocr_line' id='line_1_25' title="bbox 245 1817 1801 1889; baseline 0.001 -31"><span class='ocrx_word' id='word_1_227' title='bbox 245 1817 458 1872; x_wconf 86' lang='grc' dir='ltr'><strong><em>σβέννυται</em></strong></span> <span class='ocrx_word' id='word_1_228' title='bbox 489 1821 677 1871; x_wconf 82' lang='lat' dir='ltr'><strong>antiquit.</strong></span> <span class='ocrx_word' id='word_1_229' title='bbox 704 1820 786 1859; x_wconf 86' lang='lat' dir='ltr'><strong>VII</strong></span> <span class='ocrx_word' id='word_1_230' title='bbox 812 1821 881 1870; x_wconf 86' lang='lat'><strong>35,</strong></span> <span class='ocrx_word' id='word_1_231' title='bbox 903 1821 927 1859; x_wconf 88' lang='lat'><strong>3</strong></span> <span class='ocrx_word' id='word_1_232' title='bbox 960 1819 1085 1869; x_wconf 85' lang='grc' dir='ltr'><em>πολυς</em></span> <span class='ocrx_word' id='word_1_233' title='bbox 1116 1819 1341 1872; x_wconf 76' lang='grc' dir='ltr'><strong><em>ἐμπνεύσας</em></strong></span> <span class='ocrx_word' id='word_1_234' title='bbox 1372 1826 1419 1877; x_wconf 77' lang='grc' dir='ltr'><strong>τῇ</strong></span> <span class='ocrx_word' id='word_1_235' title='bbox 1452 1820 1669 1889; x_wconf 80' lang='grc' dir='ltr'><em>κατηγορία</em></span> <span class='ocrx_word' id='word_1_236' title='bbox 1693 1818 1801 1868; x_wconf 81' lang='grc' dir='ltr'><em>τέλος</em></span> 
     </span>
     <span class='ocr_line' id='line_1_26' title="bbox 245 1877 1798 1933; baseline 0.001 -14"><span class='ocrx_word' id='word_1_237' title='bbox 245 1877 452 1933; x_wconf 79' lang='grc' dir='ltr'><strong><em>ἐξηνεγκεν</em></strong></span> <span class='ocrx_word' id='word_1_238' title='bbox 496 1879 555 1920; x_wconf 79' lang='grc' dir='ltr'><strong>ὅτι</strong></span> <span class='ocrx_word' id='word_1_239' title='bbox 591 1882 670 1919; x_wconf 84' lang='grc' dir='ltr'><em>κτλ.</em></span> <span class='ocrx_word' id='word_1_240' title='bbox 705 1877 946 1931; x_wconf 85' lang='lat' dir='ltr'><strong>inspirabat</strong></span> <span class='ocrx_word' id='word_1_241' title='bbox 990 1894 1137 1932; x_wconf 86' lang='lat' dir='ltr'><strong>magno</strong></span> <span class='ocrx_word' id='word_1_242' title='bbox 1181 1882 1311 1933; x_wconf 82' lang='lat' dir='ltr'><strong>magis</strong></span> <span class='ocrx_word' id='word_1_243' title='bbox 1355 1894 1477 1932; x_wconf 89' lang='lat' dir='ltr'><strong>quam</strong></span> <span class='ocrx_word' id='word_1_244' title='bbox 1522 1882 1605 1920; x_wconf 87' lang='lat' dir='ltr'><strong>acri</strong></span> <span class='ocrx_word' id='word_1_245' title='bbox 1648 1877 1798 1920; x_wconf 88' lang='lat' dir='ltr'><strong>animo&#39;</strong></span> 
     </span>
     <span class='ocr_line' id='line_1_27' title="bbox 247 1939 1799 1992; baseline 0.001 -13"><span class='ocrx_word' id='word_1_246' title='bbox 247 1939 383 1979; x_wconf 85' lang='lat' dir='ltr'><strong>Senec.</strong></span> <span class='ocrx_word' id='word_1_247' title='bbox 416 1942 594 1980; x_wconf 89' lang='lat' dir='ltr'><strong>controu.</strong></span> <span class='ocrx_word' id='word_1_248' title='bbox 621 1940 690 1980; x_wconf 84' lang='lat' dir='ltr'><strong>lib.</strong></span> <span class='ocrx_word' id='word_1_249' title='bbox 710 1940 753 1980; x_wconf 93' lang='lat' dir='ltr'><strong>II</strong></span> <span class='ocrx_word' id='word_1_250' title='bbox 782 1942 908 1992; x_wconf 84' lang='lat' dir='ltr'><strong>praef.</strong></span> <span class='ocrx_word' id='word_1_251' title='bbox 936 1943 974 1980; x_wconf 87' lang='lat'><strong>2.</strong></span> <span class='ocrx_word' id='word_1_252' title='bbox 1007 1963 1067 1968; x_wconf 88' lang='lat'><strong>-—</strong></span> <span class='ocrx_word' id='word_1_253' title='bbox 1097 1941 1242 1981; x_wconf 88' lang='lat' dir='ltr'><strong>fluctus</strong></span> <span class='ocrx_word' id='word_1_254' title='bbox 1274 1943 1460 1981; x_wconf 84' lang='lat' dir='ltr'><strong>erexerit:</strong></span> <span class='ocrx_word' id='word_1_255' title='bbox 1495 1939 1610 1980; x_wconf 87' lang='lat' dir='ltr'><strong>Ouid.</strong></span> <span class='ocrx_word' id='word_1_256' title='bbox 1637 1943 1799 1980; x_wconf 87' lang='lat' dir='ltr'><strong>metam.</strong></span> 
     </span>
     <span class='ocr_line' id='line_1_28' title="bbox 245 1997 1800 2053; baseline 0.001 -14"><span class='ocrx_word' id='word_1_257' title='bbox 245 2000 303 2039; x_wconf 93' lang='lat' dir='ltr'><strong>XI</strong></span> <span class='ocrx_word' id='word_1_258' title='bbox 330 2002 414 2039; x_wconf 84' lang='lat'><strong>497</strong></span> <span class='ocrx_word' id='word_1_259' title='bbox 450 1997 652 2040; x_wconf 86' lang='lat' dir='ltr'><strong>fiuctibus</strong></span> <span class='ocrx_word' id='word_1_260' title='bbox 683 2002 887 2053; x_wconf 87' lang='lat' dir='ltr'><strong>erigitur.</strong></span> <span class='ocrx_word' id='word_1_261' title='bbox 908 1999 1155 2053; x_wconf 59' lang='grc' dir='ltr'>..’«ρο11131133</span> <span class='ocrx_word' id='word_1_262' title='bbox 1188 2003 1394 2042; x_wconf 84' lang='lat' dir='ltr'><strong>extulerit:</strong></span> <span class='ocrx_word' id='word_1_263' title='bbox 1433 2002 1577 2042; x_wconf 87' lang='lat' dir='ltr'><strong>fluctus</strong></span> <span class='ocrx_word' id='word_1_264' title='bbox 1611 2001 1800 2041; x_wconf 87' lang='lat' dir='ltr'><strong>extollere</strong></span> 
     </span>
     <span class='ocr_line' id='line_1_29' title="bbox 245 2061 1802 2113; baseline 0.001 -14"><span class='ocrx_word' id='word_1_265' title='bbox 245 2061 398 2099; x_wconf 84' lang='lat' dir='ltr'><strong>Ennius</strong></span> <span class='ocrx_word' id='word_1_266' title='bbox 430 2061 676 2100; x_wconf 75' lang='grc'>3111131445</span> <span class='ocrx_word' id='word_1_267' title='bbox 703 2061 751 2100; x_wconf 94' lang='lat' dir='ltr'><strong>V.</strong></span> <span class='ocrx_word' id='word_1_268' title='bbox 771 2062 798 2100; x_wconf 94' lang='grc'><strong>1.</strong></span> <span class='ocrx_word' id='word_1_269' title='bbox 819 2075 848 2102; x_wconf 87' lang='grc'>3.</span> <span class='ocrx_word' id='word_1_270' title='bbox 869 2075 898 2102; x_wconf 89' lang='grc'>3.</span> <span class='ocrx_word' id='word_1_271' title='bbox 961 2062 1158 2102; x_wconf 86' lang='lat' dir='ltr'><strong>Narrasse</strong></span> <span class='ocrx_word' id='word_1_272' title='bbox 1195 2062 1402 2113; x_wconf 89' lang='lat' dir='ltr'><strong>probabile</strong></span> <span class='ocrx_word' id='word_1_273' title='bbox 1442 2064 1504 2102; x_wconf 90' lang='lat' dir='ltr'><strong>est</strong></span> <span class='ocrx_word' id='word_1_274' title='bbox 1533 2063 1697 2113; x_wconf 89' lang='lat' dir='ltr'><strong>poetam</strong></span> <span class='ocrx_word' id='word_1_275' title='bbox 1726 2062 1802 2101; x_wconf 90' lang='lat' dir='ltr'><strong>hoc</strong></span> 
     </span>
     <span class='ocr_line' id='line_1_30' title="bbox 244 2117 1799 2177; baseline 0.001 -17"><span class='ocrx_word' id='word_1_276' title='bbox 244 2121 333 2161; x_wconf 90' lang='lat' dir='ltr'><strong>loco</strong></span> <span class='ocrx_word' id='word_1_277' title='bbox 375 2121 556 2161; x_wconf 87' lang='lat' dir='ltr'><strong>fabulam</strong></span> <span class='ocrx_word' id='word_1_278' title='bbox 598 2122 714 2161; x_wconf 88' lang='lat' dir='ltr'><strong>illam</strong></span> <span class='ocrx_word' id='word_1_279' title='bbox 751 2122 799 2161; x_wconf 92' lang='lat' dir='ltr'><strong>de</strong></span> <span class='ocrx_word' id='word_1_280' title='bbox 838 2122 1032 2174; x_wconf 85' lang='lat' dir='ltr'><strong>Aegialea</strong></span> <span class='ocrx_word' id='word_1_281' title='bbox 1070 2123 1277 2162; x_wconf 89' lang='lat' dir='ltr'><strong>Diomedis</strong></span> <span class='ocrx_word' id='word_1_282' title='bbox 1315 2136 1437 2162; x_wconf 90' lang='lat' dir='ltr'><strong>uxore</strong></span> <span class='ocrx_word' id='word_1_283' title='bbox 1474 2122 1599 2162; x_wconf 86' lang='lat' dir='ltr'><strong>infida</strong></span> <span class='ocrx_word' id='word_1_284' title='bbox 1641 2117 1799 2177; x_wconf 87' lang='lat' dir='ltr'><strong>(incert.</strong></span> 
     </span>
    </p>
   </div>
   <div class='ocr_carea' id='block_1_5' title="bbox 245 2176 1802 3134">
    <p class='ocr_par' dir='ltr' id='par_1_6' title="bbox 245 2176 1801 2289">
     <span class='ocr_line' id='line_1_31' title="bbox 245 2176 1801 2236; baseline 0.001 -16"><span class='ocrx_word' id='word_1_285' title='bbox 245 2195 282 2220; x_wconf 94' lang='lat' dir='ltr'><strong>u.</strong></span> <span class='ocrx_word' id='word_1_286' title='bbox 307 2176 441 2236; x_wconf 85' lang='grc'>1149)</span> <span class='ocrx_word' id='word_1_287' title='bbox 469 2195 592 2232; x_wconf 88' lang='lat' dir='ltr'><strong>quam</strong></span> <span class='ocrx_word' id='word_1_288' title='bbox 615 2182 782 2221; x_wconf 89' lang='lat' dir='ltr'><strong>tradunt</strong></span> <span class='ocrx_word' id='word_1_289' title='bbox 808 2181 965 2236; x_wconf 80' lang='grc' dir='ltr'><strong><em>σφόδρα</em></strong></span> <span class='ocrx_word' id='word_1_290' title='bbox 990 2182 1114 2223; x_wconf 82' lang='grc' dir='ltr'><strong><em>αὐτὸν</em></strong></span> <span class='ocrx_word' id='word_1_291' title='bbox 1140 2181 1351 2222; x_wconf 83' lang='grc' dir='ltr'><strong>ἐπιποθεῖν</strong></span> <span class='ocrx_word' id='word_1_292' title='bbox 1376 2181 1443 2223; x_wconf 85' lang='grc' dir='ltr'><strong>καὶ</strong></span> <span class='ocrx_word' id='word_1_293' title='bbox 1467 2181 1801 2236; x_wconf 83' lang='grc' dir='ltr'><em>ἀπολοφύρεσθαι</em></span> 
     </span>
     <span class='ocr_line' id='line_1_32' title="bbox 246 2240 1252 2289; baseline 0.002 -9"><span class='ocrx_word' id='word_1_294' title='bbox 246 2240 315 2289; x_wconf 83' lang='grc' dir='ltr'><strong>τὰς</strong></span> <span class='ocrx_word' id='word_1_295' title='bbox 345 2241 493 2289; x_wconf 85' lang='grc' dir='ltr'><strong><em>νύκτας</em></strong></span> <span class='ocrx_word' id='word_1_296' title='bbox 524 2242 644 2282; x_wconf 90' lang='lat' dir='ltr'><strong>schol.</strong></span> <span class='ocrx_word' id='word_1_297' title='bbox 676 2244 712 2281; x_wconf 88' lang='lat' dir='ltr'><em>T</em></span> <span class='ocrx_word' id='word_1_298' title='bbox 737 2244 777 2281; x_wconf 93' lang='lat' dir='ltr'><strong>et</strong></span> <span class='ocrx_word' id='word_1_299' title='bbox 808 2244 840 2282; x_wconf 93' lang='lat' dir='ltr'>B</span> <span class='ocrx_word' id='word_1_300' title='bbox 872 2243 924 2282; x_wconf 87' lang='lat' dir='ltr'><strong>ad</strong></span> <span class='ocrx_word' id='word_1_301' title='bbox 954 2243 1072 2282; x_wconf 86' lang='lat' dir='ltr'><strong>Hom.</strong></span> <span class='ocrx_word' id='word_1_302' title='bbox 1090 2245 1128 2282; x_wconf 89' lang='lat' dir='ltr'><em>E</em></span> <span class='ocrx_word' id='word_1_303' title='bbox 1155 2244 1252 2284; x_wconf 89' lang='lat'>412.</span> 
     </span>
    </p>

    <p class='ocr_par' dir='ltr' id='par_1_7' title="bbox 247 2296 1802 3134">
     <span class='ocr_line' id='line_1_33' title="bbox 373 2296 1800 2354; baseline 0.002 -14"><span class='ocrx_word' id='word_1_304' title='bbox 373 2296 515 2341; x_wconf 91' lang='grc'>1000.</span> <span class='ocrx_word' id='word_1_305' title='bbox 554 2302 712 2342; x_wconf 82' lang='lat' dir='ltr'><strong>Nonius</strong></span> <span class='ocrx_word' id='word_1_306' title='bbox 749 2317 787 2353; x_wconf 89' lang='lat' dir='ltr'><strong>p.</strong></span> <span class='ocrx_word' id='word_1_307' title='bbox 809 2303 913 2353; x_wconf 86' lang='lat'>408,</span> <span class='ocrx_word' id='word_1_308' title='bbox 943 2305 966 2342; x_wconf 89' lang='lat'>9</span> <span class='ocrx_word' id='word_1_309' title='bbox 1008 2299 1259 2354; x_wconf 85' lang='lat' dir='ltr'><strong>‘Trepidare,</strong></span> <span class='ocrx_word' id='word_1_310' title='bbox 1303 2305 1491 2343; x_wconf 90' lang='lat' dir='ltr'><strong>metuere.</strong></span> <span class='ocrx_word' id='word_1_311' title='bbox 1527 2335 1533 2342; x_wconf 92' lang='lat'><strong>.</strong></span> <span class='ocrx_word' id='word_1_312' title='bbox 1558 2335 1564 2342; x_wconf 96' lang='lat'>.</span> <span class='ocrx_word' id='word_1_313' title='bbox 1588 2335 1594 2342; x_wconf 97' lang='lat'>.</span> <span class='ocrx_word' id='word_1_314' title='bbox 1620 2303 1800 2343; x_wconf 83' lang='lat' dir='ltr'><strong>Lucilius</strong></span> 
     </span>
     <span class='ocr_line' id='line_1_34' title="bbox 248 2358 1798 2415; baseline 0.001 -15"><span class='ocrx_word' id='word_1_315' title='bbox 248 2361 318 2400; x_wconf 90' lang='lat' dir='ltr'><strong>lib.</strong></span> <span class='ocrx_word' id='word_1_316' title='bbox 344 2362 455 2400; x_wconf 91' lang='lat' dir='ltr'><strong>XXX</strong></span> <span class='ocrx_word' id='word_1_317' title='bbox 488 2358 591 2401; x_wconf 78' lang='lat' dir='ltr'><strong>“sed</strong></span> <span class='ocrx_word' id='word_1_318' title='bbox 621 2362 719 2413; x_wconf 89' lang='lat' dir='ltr'><strong>quid</strong></span> <span class='ocrx_word' id='word_1_319' title='bbox 750 2375 823 2415; x_wconf 89' lang='lat' dir='ltr'><strong>ego</strong></span> <span class='ocrx_word' id='word_1_320' title='bbox 854 2363 952 2403; x_wconf 88' lang='lat' dir='ltr'><strong>haec</strong></span> <span class='ocrx_word' id='word_1_321' title='bbox 984 2365 1118 2402; x_wconf 91' lang='lat' dir='ltr'><strong>animo</strong></span> <span class='ocrx_word' id='word_1_322' title='bbox 1151 2364 1369 2413; x_wconf 73' lang='lat' dir='ltr'><strong>trepidante</strong></span> <span class='ocrx_word' id='word_1_323' title='bbox 1400 2364 1509 2403; x_wconf 88' lang='lat' dir='ltr'><strong>dicta</strong></span> <span class='ocrx_word' id='word_1_324' title='bbox 1539 2360 1798 2414; x_wconf 85' lang='lat' dir='ltr'><strong>profundo”.&#39;</strong></span> 
     </span>
     <span class='ocr_line' id='line_1_35' title="bbox 249 2420 1801 2475; baseline 0.003 -16"><span class='ocrx_word' id='word_1_325' title='bbox 249 2420 403 2460; x_wconf 85' lang='lat' dir='ltr'><strong>Ennius</strong></span> <span class='ocrx_word' id='word_1_326' title='bbox 441 2435 531 2461; x_wconf 92' lang='grc'>31111.</span> <span class='ocrx_word' id='word_1_327' title='bbox 557 2421 617 2460; x_wconf 88' lang='lat' dir='ltr'><strong>VI</strong></span> <span class='ocrx_word' id='word_1_328' title='bbox 644 2423 781 2462; x_wconf 82' lang='lat' dir='ltr'><strong>204V</strong></span> <span class='ocrx_word' id='word_1_329' title='bbox 823 2420 908 2462; x_wconf 73' lang='lat' dir='ltr'><strong>‘sed</strong></span> <span class='ocrx_word' id='word_1_330' title='bbox 944 2437 1017 2475; x_wconf 87' lang='lat' dir='ltr'><strong>ego</strong></span> <span class='ocrx_word' id='word_1_331' title='bbox 1066 2425 1133 2463; x_wconf 91' lang='lat' dir='ltr'><strong>hic</strong></span> <span class='ocrx_word' id='word_1_332' title='bbox 1176 2425 1312 2463; x_wconf 86' lang='lat' dir='ltr'><strong>animo</strong></span> <span class='ocrx_word' id='word_1_333' title='bbox 1355 2421 1569 2463; x_wconf 89' lang='lat' dir='ltr'><strong>lamentor’</strong></span> <span class='ocrx_word' id='word_1_334' title='bbox 1614 2424 1685 2462; x_wconf 91' lang='lat' dir='ltr'><strong>ubi</strong></span> <span class='ocrx_word' id='word_1_335' title='bbox 1733 2425 1801 2464; x_wconf 82' lang='lat' dir='ltr'><strong>sed</strong></span> 
     </span>
     <span class='ocr_line' id='line_1_36' title="bbox 249 2481 1798 2536; baseline 0.001 -16"><span class='ocrx_word' id='word_1_336' title='bbox 249 2481 344 2530; x_wconf 81' lang='lat' dir='ltr'><strong>quid</strong></span> <span class='ocrx_word' id='word_1_337' title='bbox 369 2494 400 2520; x_wconf 94' lang='lat' dir='ltr'><strong>e.</strong></span> <span class='ocrx_word' id='word_1_338' title='bbox 417 2494 494 2532; x_wconf 89' lang='lat' dir='ltr'><strong>q.s.</strong></span> <span class='ocrx_word' id='word_1_339' title='bbox 521 2482 735 2522; x_wconf 88' lang='lat' dir='ltr'><strong>deteriores</strong></span> <span class='ocrx_word' id='word_1_340' title='bbox 755 2482 938 2522; x_wconf 89' lang='lat' dir='ltr'><strong>codd.IX</strong></span> <span class='ocrx_word' id='word_1_341' title='bbox 959 2484 1096 2523; x_wconf 86' lang='lat' dir='ltr'><strong>314V</strong></span> <span class='ocrx_word' id='word_1_342' title='bbox 1123 2481 1206 2523; x_wconf 76' lang='lat' dir='ltr'><strong>‘sed</strong></span> <span class='ocrx_word' id='word_1_343' title='bbox 1233 2484 1330 2535; x_wconf 88' lang='lat' dir='ltr'><strong>quid</strong></span> <span class='ocrx_word' id='word_1_344' title='bbox 1355 2497 1428 2536; x_wconf 86' lang='lat' dir='ltr'><strong>ego</strong></span> <span class='ocrx_word' id='word_1_345' title='bbox 1454 2485 1554 2523; x_wconf 85' lang='lat' dir='ltr'><strong>haec</strong></span> <span class='ocrx_word' id='word_1_346' title='bbox 1578 2482 1798 2524; x_wconf 78' lang='lat' dir='ltr'><strong>memoro?’</strong></span> 
     </span>
     <span class='ocr_line' id='line_1_37' title="bbox 247 2539 1798 2596; baseline 0.002 -17"><span class='ocrx_word' id='word_1_347' title='bbox 247 2541 379 2580; x_wconf 88' lang='lat' dir='ltr'><strong>Plaut.</strong></span> <span class='ocrx_word' id='word_1_348' title='bbox 411 2541 529 2582; x_wconf 84' lang='lat' dir='ltr'><strong>Mero.</strong></span> <span class='ocrx_word' id='word_1_349' title='bbox 565 2543 650 2582; x_wconf 87' lang='lat'><strong>218</strong></span> <span class='ocrx_word' id='word_1_350' title='bbox 710 2539 794 2583; x_wconf 79' lang='lat' dir='ltr'><strong>‘sed</strong></span> <span class='ocrx_word' id='word_1_351' title='bbox 849 2543 947 2594; x_wconf 87' lang='lat' dir='ltr'><strong>quid</strong></span> <span class='ocrx_word' id='word_1_352' title='bbox 1000 2556 1072 2596; x_wconf 92' lang='lat' dir='ltr'><strong>ego</strong></span> <span class='ocrx_word' id='word_1_353' title='bbox 1122 2545 1187 2583; x_wconf 89' lang='lat' dir='ltr'><strong>hic</strong></span> <span class='ocrx_word' id='word_1_354' title='bbox 1236 2545 1279 2583; x_wconf 89' lang='lat' dir='ltr'><strong>in</strong></span> <span class='ocrx_word' id='word_1_355' title='bbox 1329 2544 1587 2584; x_wconf 89' lang='lat' dir='ltr'><strong>lamentando</strong></span> <span class='ocrx_word' id='word_1_356' title='bbox 1636 2542 1798 2595; x_wconf 70' lang='lat' dir='ltr'><strong>pereoP&#39;</strong></span> 
     </span>
     <span class='ocr_line' id='line_1_38' title="bbox 249 2599 1798 2655; baseline 0.002 -15"><span class='ocrx_word' id='word_1_357' title='bbox 249 2601 456 2641; x_wconf 59' lang='grc'>11111472</span> <span class='ocrx_word' id='word_1_358' title='bbox 504 2599 588 2642; x_wconf 79' lang='lat' dir='ltr'><strong>‘sed</strong></span> <span class='ocrx_word' id='word_1_359' title='bbox 631 2604 767 2642; x_wconf 89' lang='lat' dir='ltr'><strong>autem</strong></span> <span class='ocrx_word' id='word_1_360' title='bbox 808 2604 906 2653; x_wconf 92' lang='lat' dir='ltr'><strong>quid</strong></span> <span class='ocrx_word' id='word_1_361' title='bbox 949 2605 984 2643; x_wconf 91' lang='lat' dir='ltr'><strong>si</strong></span> <span class='ocrx_word' id='word_1_362' title='bbox 1019 2605 1122 2644; x_wconf 89' lang='lat' dir='ltr'><strong>hanc</strong></span> <span class='ocrx_word' id='word_1_363' title='bbox 1159 2605 1253 2643; x_wconf 87' lang='lat' dir='ltr'><strong>hinc</strong></span> <span class='ocrx_word' id='word_1_364' title='bbox 1296 2605 1510 2644; x_wconf 89' lang='lat' dir='ltr'><strong>abstulerit</strong></span> <span class='ocrx_word' id='word_1_365' title='bbox 1554 2602 1798 2655; x_wconf 56' lang='lat' dir='ltr'><strong>quispiam?</strong></span> 
     </span>
     <span class='ocr_line' id='line_1_39' title="bbox 250 2659 1801 2716; baseline 0.003 -16"><span class='ocrx_word' id='word_1_366' title='bbox 250 2661 471 2701; x_wconf 82' lang='grc' dir='ltr'>Τ1·116.335</span> <span class='ocrx_word' id='word_1_367' title='bbox 507 2659 602 2702; x_wconf 85' lang='lat' dir='ltr'><strong>‘Sed</strong></span> <span class='ocrx_word' id='word_1_368' title='bbox 641 2663 739 2713; x_wconf 92' lang='lat' dir='ltr'><strong>quid</strong></span> <span class='ocrx_word' id='word_1_369' title='bbox 774 2664 872 2703; x_wconf 87' lang='grc'>11366</span> <span class='ocrx_word' id='word_1_370' title='bbox 909 2664 974 2703; x_wconf 88' lang='grc'>1116</span> <span class='ocrx_word' id='word_1_371' title='bbox 1013 2666 1148 2704; x_wconf 91' lang='lat' dir='ltr'><strong>autem</strong></span> <span class='ocrx_word' id='word_1_372' title='bbox 1175 2696 1182 2704; x_wconf 95' lang='lat'>.</span> <span class='ocrx_word' id='word_1_373' title='bbox 1205 2696 1213 2704; x_wconf 84' lang='lat'><strong>.</strong></span> <span class='ocrx_word' id='word_1_374' title='bbox 1236 2697 1242 2703; x_wconf 96' lang='lat'>.</span> <span class='ocrx_word' id='word_1_375' title='bbox 1269 2662 1424 2704; x_wconf 74' lang='lat' dir='ltr'><strong>stetitP&#39;</strong></span> <span class='ocrx_word' id='word_1_376' title='bbox 1461 2665 1545 2704; x_wconf 85' lang='lat'><strong>766</strong></span> <span class='ocrx_word' id='word_1_377' title='bbox 1587 2662 1672 2704; x_wconf 82' lang='lat' dir='ltr'><strong>‘sed</strong></span> <span class='ocrx_word' id='word_1_378' title='bbox 1703 2665 1801 2716; x_wconf 90' lang='lat' dir='ltr'><strong>quid</strong></span> 
     </span>
     <span class='ocr_line' id='line_1_40' title="bbox 249 2719 1801 2776; baseline 0.002 -16"><span class='ocrx_word' id='word_1_379' title='bbox 249 2734 322 2773; x_wconf 88' lang='lat' dir='ltr'><strong>ego</strong></span> <span class='ocrx_word' id='word_1_380' title='bbox 365 2721 431 2762; x_wconf 86' lang='lat' dir='ltr'><strong>hic</strong></span> <span class='ocrx_word' id='word_1_381' title='bbox 474 2719 646 2762; x_wconf 55' lang='lat' dir='ltr'><strong>clamo?</strong></span> <span class='ocrx_word' id='word_1_382' title='bbox 717 2723 804 2762; x_wconf 84' lang='lat' dir='ltr'><strong>Ter.</strong></span> <span class='ocrx_word' id='word_1_383' title='bbox 830 2723 988 2763; x_wconf 89' lang='lat' dir='ltr'><strong>Phorm.</strong></span> <span class='ocrx_word' id='word_1_384' title='bbox 1017 2726 1099 2764; x_wconf 89' lang='grc'><strong>601</strong></span> <span class='ocrx_word' id='word_1_385' title='bbox 1155 2722 1240 2764; x_wconf 83' lang='lat' dir='ltr'><strong>‘sed</strong></span> <span class='ocrx_word' id='word_1_386' title='bbox 1290 2726 1388 2776; x_wconf 92' lang='lat' dir='ltr'><strong>quid</strong></span> <span class='ocrx_word' id='word_1_387' title='bbox 1429 2726 1622 2776; x_wconf 90' lang='lat' dir='ltr'><strong>pertimui</strong></span> <span class='ocrx_word' id='word_1_388' title='bbox 1666 2727 1801 2765; x_wconf 89' lang='lat' dir='ltr'><strong>autem</strong></span> 
     </span>
     <span class='ocr_line' id='line_1_41' title="bbox 249 2779 1800 2836; baseline 0.003 -17"><span class='ocrx_word' id='word_1_389' title='bbox 249 2779 409 2820; x_wconf 73' lang='lat' dir='ltr'><strong>beluaP’</strong></span> <span class='ocrx_word' id='word_1_390' title='bbox 467 2782 618 2834; x_wconf 89' lang='lat' dir='ltr'><strong>Vergil.</strong></span> <span class='ocrx_word' id='word_1_391' title='bbox 637 2782 736 2822; x_wconf 91' lang='lat' dir='ltr'><strong>Aen.</strong></span> <span class='ocrx_word' id='word_1_392' title='bbox 757 2783 799 2822; x_wconf 94' lang='grc' dir='ltr'>Π</span> <span class='ocrx_word' id='word_1_393' title='bbox 827 2785 908 2823; x_wconf 90' lang='grc'><strong>101</strong></span> <span class='ocrx_word' id='word_1_394' title='bbox 940 2781 1024 2824; x_wconf 79' lang='lat' dir='ltr'><strong>‘sed</strong></span> <span class='ocrx_word' id='word_1_395' title='bbox 1050 2785 1148 2835; x_wconf 88' lang='lat' dir='ltr'><strong>quid</strong></span> <span class='ocrx_word' id='word_1_396' title='bbox 1172 2798 1246 2836; x_wconf 89' lang='lat' dir='ltr'><strong>ego</strong></span> <span class='ocrx_word' id='word_1_397' title='bbox 1271 2785 1370 2827; x_wconf 88' lang='lat' dir='ltr'><strong>haec</strong></span> <span class='ocrx_word' id='word_1_398' title='bbox 1396 2787 1531 2824; x_wconf 89' lang='lat' dir='ltr'><strong>autem</strong></span> <span class='ocrx_word' id='word_1_399' title='bbox 1555 2787 1800 2835; x_wconf 86' lang='lat' dir='ltr'><strong>nequiquam</strong></span> 
     </span>
     <span class='ocr_line' id='line_1_42' title="bbox 249 2839 1798 2896; baseline 0.002 -16"><span class='ocrx_word' id='word_1_400' title='bbox 249 2842 412 2893; x_wconf 88' lang='lat' dir='ltr'><strong>ingrata</strong></span> <span class='ocrx_word' id='word_1_401' title='bbox 442 2839 651 2881; x_wconf 75' lang='lat' dir='ltr'><strong>reu01u0?&#39;</strong></span> <span class='ocrx_word' id='word_1_402' title='bbox 717 2842 795 2882; x_wconf 85' lang='lat' dir='ltr'><strong>Cic.</strong></span> <span class='ocrx_word' id='word_1_403' title='bbox 822 2843 874 2881; x_wconf 88' lang='lat' dir='ltr'><strong>ad</strong></span> <span class='ocrx_word' id='word_1_404' title='bbox 905 2843 991 2883; x_wconf 89' lang='lat' dir='ltr'><strong>Att.</strong></span> <span class='ocrx_word' id='word_1_405' title='bbox 1010 2844 1052 2883; x_wconf 95' lang='lat' dir='ltr'><strong>II</strong></span> <span class='ocrx_word' id='word_1_406' title='bbox 1079 2845 1117 2894; x_wconf 91' lang='lat'><strong>5,</strong></span> <span class='ocrx_word' id='word_1_407' title='bbox 1145 2846 1168 2883; x_wconf 92' lang='lat'>2</span> <span class='ocrx_word' id='word_1_408' title='bbox 1205 2842 1300 2884; x_wconf 82' lang='lat' dir='ltr'><strong>‘Sed</strong></span> <span class='ocrx_word' id='word_1_409' title='bbox 1331 2845 1428 2895; x_wconf 92' lang='lat' dir='ltr'><strong>quid</strong></span> <span class='ocrx_word' id='word_1_410' title='bbox 1461 2857 1534 2896; x_wconf 90' lang='lat' dir='ltr'><strong>ego</strong></span> <span class='ocrx_word' id='word_1_411' title='bbox 1566 2845 1665 2884; x_wconf 90' lang='lat' dir='ltr'><strong>haec</strong></span> <span class='ocrx_word' id='word_1_412' title='bbox 1691 2877 1699 2885; x_wconf 96' lang='lat'><strong>.</strong></span> <span class='ocrx_word' id='word_1_413' title='bbox 1722 2876 1729 2883; x_wconf 94' lang='lat'><strong>.</strong></span> <span class='ocrx_word' id='word_1_414' title='bbox 1751 2841 1798 2883; x_wconf 79' lang='lat'><strong>.?’</strong></span> 
     </span>
     <span class='ocr_line' id='line_1_43' title="bbox 251 2902 1801 2954; baseline 0.003 -15"><span class='ocrx_word' id='word_1_415' title='bbox 251 2923 309 2928; x_wconf 98' lang='lat'>—</span> <span class='ocrx_word' id='word_1_416' title='bbox 340 2902 558 2950; x_wconf 72' lang='lat' dir='ltr'><strong>trepidante</strong></span> <span class='ocrx_word' id='word_1_417' title='bbox 589 2902 691 2941; x_wconf 87' lang='lat' dir='ltr'><strong>falso</strong></span> <span class='ocrx_word' id='word_1_418' title='bbox 717 2904 912 2954; x_wconf 89' lang='lat' dir='ltr'><strong>scriptum</strong></span> <span class='ocrx_word' id='word_1_419' title='bbox 936 2905 983 2942; x_wconf 87' lang='lat' dir='ltr'><strong>ut</strong></span> <span class='ocrx_word' id='word_1_420' title='bbox 1006 2907 1177 2944; x_wconf 78' lang='lat' dir='ltr'><strong>uertente</strong></span> <span class='ocrx_word' id='word_1_421' title='bbox 1207 2904 1276 2943; x_wconf 92' lang='lat' dir='ltr'><strong>lib.</strong></span> <span class='ocrx_word' id='word_1_422' title='bbox 1296 2905 1428 2943; x_wconf 93' lang='lat' dir='ltr'>XXIX</span> <span class='ocrx_word' id='word_1_423' title='bbox 1453 2918 1490 2943; x_wconf 90' lang='lat' dir='ltr'><strong>u.</strong></span> <span class='ocrx_word' id='word_1_424' title='bbox 1515 2905 1611 2943; x_wconf 84' lang='lat'><strong>745.</strong></span> <span class='ocrx_word' id='word_1_425' title='bbox 1667 2904 1801 2944; x_wconf 88' lang='lat' dir='ltr'><strong>Verba</strong></span> 
     </span>
     <span class='ocr_line' id='line_1_44' title="bbox 250 2961 1802 3013; baseline 0.003 -13"><span class='ocrx_word' id='word_1_426' title='bbox 250 2961 440 3000; x_wconf 88' lang='lat' dir='ltr'><strong>uidentur</strong></span> <span class='ocrx_word' id='word_1_427' title='bbox 483 2974 566 3001; x_wconf 90' lang='lat' dir='ltr'><strong>esse</strong></span> <span class='ocrx_word' id='word_1_428' title='bbox 605 2963 760 3012; x_wconf 74' lang='lat' dir='ltr'><strong>mariti,</strong></span> <span class='ocrx_word' id='word_1_429' title='bbox 804 2964 875 3013; x_wconf 93' lang='lat' dir='ltr'><strong>qui</strong></span> <span class='ocrx_word' id='word_1_430' title='bbox 916 2963 1039 3003; x_wconf 89' lang='lat' dir='ltr'><strong>redux</strong></span> <span class='ocrx_word' id='word_1_431' title='bbox 1083 2965 1176 3003; x_wconf 90' lang='lat' dir='ltr'><strong>ante</strong></span> <span class='ocrx_word' id='word_1_432' title='bbox 1219 2964 1362 3003; x_wconf 86' lang='lat' dir='ltr'><strong>limina</strong></span> <span class='ocrx_word' id='word_1_433' title='bbox 1406 2965 1545 3003; x_wconf 89' lang='lat' dir='ltr'><strong>domus</strong></span> <span class='ocrx_word' id='word_1_434' title='bbox 1590 2966 1802 3004; x_wconf 83' lang='lat' dir='ltr'><strong>cunctatur</strong></span> 
     </span>
     <span class='ocr_line' id='line_1_45' title="bbox 250 3021 1800 3073; baseline 0.003 -14"><span class='ocrx_word' id='word_1_435' title='bbox 250 3021 417 3073; x_wconf 85' lang='lat' dir='ltr'><strong>ingredi.</strong></span> <span class='ocrx_word' id='word_1_436' title='bbox 446 3042 501 3048; x_wconf 87' lang='lat'><strong>-—</strong></span> <span class='ocrx_word' id='word_1_437' title='bbox 527 3022 632 3061; x_wconf 81' lang='lat' dir='ltr'><strong>dicta</strong></span> <span class='ocrx_word' id='word_1_438' title='bbox 649 3022 853 3071; x_wconf 76' lang='lat' dir='ltr'><strong>profwndo</strong></span> <span class='ocrx_word' id='word_1_439' title='bbox 878 3023 1050 3062; x_wconf 87' lang='lat' dir='ltr'><strong>fortasse</strong></span> <span class='ocrx_word' id='word_1_440' title='bbox 1073 3023 1319 3063; x_wconf 86' lang='lat' dir='ltr'><strong>Ennianum:</strong></span> <span class='ocrx_word' id='word_1_441' title='bbox 1344 3024 1501 3063; x_wconf 88' lang='lat' dir='ltr'><strong>Lucret.</strong></span> <span class='ocrx_word' id='word_1_442' title='bbox 1516 3024 1575 3062; x_wconf 90' lang='lat' dir='ltr'><strong>VI</strong></span> <span class='ocrx_word' id='word_1_443' title='bbox 1596 3025 1620 3063; x_wconf 92' lang='grc'><strong>6</strong></span> <span class='ocrx_word' id='word_1_444' title='bbox 1650 3021 1800 3064; x_wconf 79' lang='lat' dir='ltr'><strong>‘omnia</strong></span> 
     </span>
     <span class='ocr_line' id='line_1_46' title="bbox 250 3081 1178 3134; baseline 0.002 -13"><span class='ocrx_word' id='word_1_445' title='bbox 250 3081 428 3122; x_wconf 87' lang='lat' dir='ltr'><strong>ueridico</strong></span> <span class='ocrx_word' id='word_1_446' title='bbox 459 3082 531 3132; x_wconf 90' lang='lat' dir='ltr'><strong>qui</strong></span> <span class='ocrx_word' id='word_1_447' title='bbox 561 3081 763 3133; x_wconf 89' lang='lat' dir='ltr'><strong>quondam</strong></span> <span class='ocrx_word' id='word_1_448' title='bbox 794 3095 841 3122; x_wconf 90' lang='lat' dir='ltr'><strong>ex</strong></span> <span class='ocrx_word' id='word_1_449' title='bbox 872 3095 939 3122; x_wconf 89' lang='lat' dir='ltr'><strong>ore</strong></span> <span class='ocrx_word' id='word_1_450' title='bbox 969 3081 1178 3134; x_wconf 84' lang='lat' dir='ltr'><strong>profudit&#39;.</strong></span> 
     </span>
    </p>
   </div>
   <div class='ocr_carea' id='block_1_6' title="bbox 1440 3151 1513 3186">
    <p class='ocr_par' dir='ltr' id='par_1_8' title="bbox 1440 3151 1513 3186">
     <span class='ocr_line' id='line_1_47' title="bbox 1440 3151 1513 3186; baseline 0 0"><span class='ocrx_word' id='word_1_451' title='bbox 1440 3151 1513 3186; x_wconf 78' lang='lat'><strong>21*</strong></span> 
     </span>
    </p>
   </div>
  </div>
 </body>
</html>
