2060 3444
839 289 907 326 XV
931 302 966 326 u.
994 293 1194 327 496—497.
1706 290 1790 333 185

239 403 392 447 “nemo
430 407 491 446 est
521 405 763 446 halicaribus
793 405 992 457 posterior
1022 401 1094 444 te’'
1129 417 1221 444 cum
1259 404 1532 456 adspiratione
1563 400 1790 457 <dixerit>’.

244 466 416 508 Charisii
445 467 578 507 locum
609 466 670 506 ita
701 466 912 506 constituit
935 465 1090 505 Keilius
1123 466 1193 516 qui
1219 466 1262 505 in
1294 467 1482 505 contextu
1515 465 1720 516 scriptoris
1746 467 1792 505 ut

241 527 334 567 edit.
366 541 425 580 pr.
456 526 623 579 praebet
659 525 839 566 Lucilius
870 526 957 576 XV,
998 525 1041 565 111
1086 525 1219 565 adnot.
1264 527 1386 578 negat
1429 525 1508 565 sibi
1557 525 1790 577 adparuisse

241 589 377 628 utrum
402 588 476 627 XV
502 600 553 626 an
578 587 657 626 XII
682 588 875 639 scriptum
900 587 1024 627 fuerit
1047 587 1091 626 in
1116 586 1261 637 codice.
1313 586 1464 626 Tamen
1489 599 1699 626 numerum
1717 586 1792 624 XV

243 648 414 698 seruaui,
446 649 542 699 quia
567 647 704 688 Dousa
736 647 896 687 omnino
929 647 977 687 de
1004 646 1251 687 Coloniensis
1283 647 1347 686 sui
1377 647 1487 686 tacet
1511 646 1790 698 discrepantia.

244 709 459 749 halicarias
490 710 598 748 recte
630 707 724 748 edit.
756 722 816 759 pr.
866 708 936 747 Nil
961 708 1040 747 huc
1065 706 1241 758 pertinet
1265 707 1396 747 Plaut.
1422 706 1543 747 Poen.
1572 707 1655 746 266
1686 704 1791 758 ‘pro—

243 769 376 819 sedas,
408 770 605 821 pistorum
637 768 804 819 amicas,
841 769 1033 820 reliquias
1066 764 1266 808 alicarias'
1300 769 1412 808 cuius
1444 780 1582 808 uersus
1614 767 1792 807 scholion

243 831 356 870 extat
392 842 455 881 ap.
481 829 596 868 Paul.
624 842 672 868 ex
695 829 801 869 Fest.
827 843 864 880 p.
895 831 917 868 7
960 826 1165 869 ‘alicariae
1209 830 1438 868 meretrices
1482 827 1793 880 appellabantur

240 889 283 930 in
321 889 542 941 Campania
580 890 722 930 solitae
767 891 860 929 ante
899 890 1073 941 pistrina
1111 889 1367 929 alicariorum
1403 889 1558 929 uersari
1603 890 1792 940 quaestus

241 947 389 1004 gratia’
417 963 449 990 e.
469 964 506 1002 q.
527 963 555 990 s.
602 949 688 997 Quo
718 950 818 1000 loco,
850 950 969 990 sicuti
999 951 1288 1001 frwmentarius
1314 963 1337 989 a
1362 950 1576 999 frumento,
1607 950 1667 989 ita
1692 950 1790 989 hali-

220 1011 374 1051 carius
412 1010 462 1051 ab
501 1011 605 1051 alica
643 1012 704 1050 est
739 1010 902 1060 dictum,
940 1011 1047 1062 quod
1078 1010 1270 1050 frumenti
1313 1023 1437 1063 genus
1481 1011 1689 1062 proprium
1733 1011 1795 1050 est

243 1071 556 1124 Campanorum:
600 1069 702 1110 Plin.
728 1073 811 1110 nat.
838 1071 931 1111 hist.
956 1071 1095 1111 XVIII
1123 1073 1205 1111 112
1247 1067 1379 1112 ‘Alica
1416 1071 1464 1110 fit
1500 1083 1521 1111 e
1560 1083 1628 1110 zea
1672 1083 1793 1121 quam

243 1145 378 1172 semen
416 1131 710 1183 appellauimus
740 1163 747 1170 .
770 1163 776 1170 .
800 1163 807 1170 .
838 1131 1081 1172 admiscetur
1113 1133 1222 1171 creta
1254 1144 1355 1182 quae
1387 1131 1533 1171 transit
1570 1132 1613 1170 in
1650 1144 1793 1183 corpus

243 1191 494 1243 coloremque
526 1193 567 1231 et
602 1191 859 1232 teneritatem
897 1192 1038 1232 adfert.
1089 1193 1297 1231 inuenitur
1333 1192 1431 1232 haec
1467 1193 1574 1231 inter
1604 1191 1794 1231 Puteolos

243 1254 284 1292 et
314 1253 527 1303 Neapolim
555 1284 562 1291 .
586 1284 592 1291 .
615 1282 622 1291 .
650 1250 841 1303 quOniam
872 1255 1085 1305 negassent
1118 1251 1313 1303 Campani
1345 1253 1491 1292 alicam
1529 1252 1671 1292 confici
1708 1253 1792 1291 sine

242 1326 289 1352 eo
320 1313 486 1353 metallo
516 1309 659 1364 posse’.
710 1312 893 1364 Apparet
924 1312 1097 1353 Charisii
1128 1315 1331 1353 auctorem
1363 1313 1462 1353 satis
1494 1312 1686 1353 confisum
1711 1325 1794 1353 esse

241 1373 344 1413 libro
382 1385 453 1413 suo
485 1373 631 1413 Lucilii
668 1373 832 1424 eiusque
869 1374 1025 1413 librarii
1063 1374 1285 1426 diligentia.
1348 1373 1432 1413 Nec
1472 1375 1608 1413 tamen
1645 1374 1794 1413 temere

243 1434 412 1474 confisus
451 1435 528 1474 est:
569 1446 664 1472 nam
701 1434 891 1474 alictarius
929 1434 1068 1474 Plauti
1099 1434 1200 1474 codd
1218 1434 1244 1473 l.
1272 1447 1301 1473 s.
1329 1447 1371 1483 s.,
1410 1434 1481 1484 qui
1517 1433 1666 1484 ubique
1704 1447 1794 1473 con-

244 1495 423 1534 sentiunt
471 1494 515 1532 111
565 1495 665 1534 aiulo
710 1488 864 1548 (Aulul.
893 1495 990 1534 318.
1021 1496 1117 1534 727.
1147 1495 1231 1534 796
1265 1493 1379 1545 Capt.
1410 1495 1492 1534 201
1527 1494 1646 1533 Mero.
1675 1488 1794 1548 682),

243 1554 443 1594 Lucilium
463 1554 530 1593 lib.
551 1554 610 1593 VI
629 1568 666 1593 u.
689 1555 772 1593 261
800 1555 1017 1595 heiulitabit
1042 1555 1245 1606 scripsisse
1265 1555 1434 1604 constat,
1461 1554 1580 1594 sicuti
1597 1553 1793 1605 Apuleius

242 1615 369 1655 heiulo
412 1615 548 1665 posuit
592 1608 660 1668 (de
703 1614 877 1653 Vlietius
922 1615 972 1654 ad
1016 1616 1175 1655 metam.
1202 1614 1266 1654 III
1294 1616 1316 1654 1
1339 1608 1475 1669 extr),
1525 1614 1630 1654 idem
1674 1613 1795 1654 Gellii

245 1670 343 1729 (XII
357 1675 396 1724 5,
412 1668 456 1727 9)
477 1676 518 1714 et
538 1673 739 1714 Ciceronis
760 1669 893 1729 (Tusc.
913 1675 955 1714 Π
971 1669 1045 1728 19)
1066 1674 1231 1715 codices.
1263 1674 1377 1714 Nihil
1396 1675 1474 1714 huc
1492 1675 1669 1726 pertinet
1688 1675 1795 1725 quod

243 1735 355 1774 holus
386 1734 486 1774 dicit
510 1734 701 1785 Lucilius,
732 1747 813 1774 non
844 1736 941 1781 olus,
973 1736 1139 1782 Hibera,
1170 1747 1250 1775 non
1275 1735 1306 1774 I
1309 1736 1421 1774 bera:
1453 1736 1593 1775 contra
1617 1734 1795 1775 Annibal

234 1795 311 1836 111).
338 1795 470 1834 XXIX
501 1809 539 1834 u.
573 1795 658 1834 827
698 1795 831 1834 XXVI
856 1809 893 1835 u.
923 1796 1019 1835 616.
1100 1795 1285 1847 Denique
1335 1795 1479 1835 alicam
1534 1798 1575 1835 et
1626 1796 1796 1835 Italicam

245 1855 466 1907 scripturas
515 1856 652 1908 tangit
687 1854 774 1895 Vel.
813 1854 938 1908 Long.
972 1855 1040 1896 GL
1065 1856 1146 1895 VH
1176 1870 1214 1908 p.
1243 1857 1319 1905 68,
1353 1856 1406 1895 18
1435 1869 1514 1896 exc.
1565 1869 1613 1895 ex
1666 1855 1794 1907 Capro

245 1930 283 1968 p.
313 1917 416 1966 107,
440 1917 493 1955 12
506 1915 553 1955 Κ.
615 1915 817 1956 Alicarius
854 1915 1016 1956 uidetur
1053 1916 1224 1956 conuicii
1261 1917 1348 1957 loco
1387 1928 1471 1956 esse
1509 1917 1685 1968 positum
1722 1930 1794 1967 pro

244 1977 404 2016 homine
436 1975 597 2016 sordido
629 1977 670 2015 et
699 1976 849 2024 rustico
880 1977 927 2016 ut
956 1978 1191 2017 hordeariae
1223 1976 1331 2016 Suet.
1358 1977 1405 2016 de
1430 1976 1530 2016 rhet.
1560 1978 1584 2015 2
1614 1973 1795 2017 ‘hordea-

244 2037 351 2076 rium
389 2049 479 2076 eum
516 2037 717 2076 rhetorem
757 2037 945 2089 appellat·
974 2037 1154 2078 deridens
1192 2038 1239 2077 ut
1275 2036 1461 2076 inflatum
1499 2050 1545 2076 ac
1582 2038 1711 2077 leuem
1754 2039 1795 2077 et

245 2094 477 2137 sordidum'.
544 2096 794 2137 Dinarchum
830 2098 1015 2137 nonnulli
1054 2097 1241 2151 κρίθινον
1280 2095 1553 2150 Δημοσθένην
1590 2095 1795 2151 εἰρήκασιν

245 2157 432 2210 Hermog.
454 2156 524 2196 RG
544 2157 606 2196 ΠΙ
630 2172 668 2208 p.
691 2158 790 2207 384,
813 2158 930 2197 17W
949 2158 990 2197 ΙΙ
1014 2172 1051 2209 p.
1074 2159 1173 2208 413,
1196 2158 1250 2197 15
1267 2157 1346 2209 Sp„
1371 2158 1478 2197 idem
1504 2156 1657 2197 dictum
1683 2171 1793 2210 enar-

245 2218 311 2258 rat
341 2218 507 2268 Dionys.
534 2216 624 2256 Hal.
653 2217 701 2256 de
726 2218 914 2258 Dinarch.
942 2231 1027 2269 cap.
1056 2219 1080 2257 8
1096 2220 1193 2258 extr.
1226 2216 1293 2257 καὶ
1317 2215 1506 2271 ἀγροῖκόν
1530 2232 1634 2266 τινες
1659 2220 1794 2270 Δημο-

247 2275 401 2329 σθένην
432 2275 587 2329 ἔφασαν
615 2272 716 2317 εἶναι
745 2273 944 2332 (Blassius
977 2278 1024 2318 de
1057 2279 1187 2330 eloqu.
1213 2278 1337 2318 Attic.
1363 2278 1425 2318 111
1452 2280 1476 2317 2
1513 2276 1637 2329 [Lips.
1662 2277 1792 2330 1898]

246 2351 284 2389 p.
313 2330 430 2391 308).
474 2337 617 2388 Itaque
643 2337 799 2377 dixerat
822 2340 961 2390 poeta:
986 2339 1213 2378 rusticitate
1238 2351 1401 2390 superas
1428 2351 1582 2378 omnesz
1612 2339 1793 2378 doctrina

248 2399 290 2437 et
318 2398 569 2438 humanitate
599 2411 716 2437 nemo
749 2401 809 2438 est
847 2398 1064 2439 halicarius
1102 2399 1299 2450 posterior
1335 2401 1386 2440 te.
1412 2420 1471 2426 —
1497 2400 1713 2449 posterior,
1749 2400 1796 2438 ut

247 2457 388 2497 Graeci
420 2457 560 2497 dicunt
596 2456 760 2507 οὐδενὸς
797 2458 952 2512 ὕστεροι
989 2458 1128 2514 γνώμῃ
1161 2459 1338 2511 Thucyd.
1363 2458 1385 2498 I
1413 2460 1481 2509 91,
1508 2459 1532 2498 5
1568 2453 1795 2513 (Nauckius

248 2518 298 2558 ad
325 2517 444 2569 Soph.
471 2517 572 2557 Phil.
602 2513 726 2573 181),
769 2517 883 2559 ἐόντα
927 2517 1160 2575 κιθαρῳδὸν
1202 2524 1281 2558 τῶν
1323 2517 1405 2558 τότε
1443 2517 1590 2559 ἐόντων
1631 2517 1795 2567 οὐδενὸς

249 2577 431 2631 δεύτερον
463 2577 607 2618 Herod.
635 2579 655 2617 I
682 2580 756 2619 23:
789 2592 909 2630 quam
941 2580 1182 2619 locutionem
1213 2580 1383 2619 inuertit
1413 2578 1603 2619 Lucilius.

368 2632 480 2679 497.
511 2639 667 2678 Nonius
691 2653 730 2690 p.
759 2641 857 2691 397,
885 2641 938 2680 26
981 2637 1163 2680 ‘Sacrum
1200 2640 1322 2680 etiam
1360 2640 1570 2680 scelestum
1608 2640 1648 2678 et
1688 2638 1794 2679 dete·-

249 2698 403 2738 stabile.
437 2729 446 2737 .
472 2727 482 2738 .
510 2729 517 2736 .
544 2698 724 2739 Lucilius
762 2701 991 2750 satyrarum
1021 2700 1089 2740 lib.
1116 2700 1190 2739 XV
1226 2697 1306 2740 “ac
1338 2700 1386 2739 de
1417 2702 1512 2740 istos
1543 2712 1654 2739 sacer
1690 2700 1795 2739 illoto

249 2759 348 2808 colfo
379 2770 453 2798 sax
483 2759 672 2798 sirofenix
694 2790 701 2797 .
724 2790 731 2798 .
753 2790 761 2798 .
783 2757 986 2800 solitus’'.’
1039 2761 1278 2813 Tocoglyfos
1309 2762 1415 2800 recte
1444 2760 1582 2812 posuit
1606 2759 1795 2799 Rothius:

248 2817 411 2857 Lucian.
437 2820 509 2857 uit.
537 2821 640 2858 auct.
669 2820 722 2859 23
755 2819 861 2859 Plut.
888 2820 936 2859 (16
967 2820 1059 2859 aud.
1092 2822 1197 2872 poet.
1223 2834 1261 2871 p.
1292 2822 1344 2860 18
1361 2821 1393 2859 Ε
1433 2819 1542 2873 λόγοι
1570 2851 1577 2859 .
1605 2851 1612 2859 .
1642 2851 1649 2858 .
1682 2833 1793 2859 τοκο-

249 2877 388 2934 γλύφῳ
414 2877 613 2934 πρεσβύτῃ
639 2876 870 2931 πρέποντες-ι
896 2879 966 2918 AP
993 2880 1049 2918 IX
1077 2882 1175 2930 570,
1205 2882 1247 2919 7:
1279 2879 1445 2933 γλύφων
1465 2878 1605 2927 τόκους
1630 2879 1686 2917 ΧΙ
1709 2879 1792 2918 289

249 2939 506 2991 τοκογλυφεῖς
537 2937 641 2978 Plut.
667 2939 692 2979 l.
719 2951 747 2978 s.
774 2953 812 2990 p.
840 2940 896 2978 34
909 2939 958 2978 D.
985 2961 1043 2966 —
1069 2941 1323 2989 axsirof'enioe,
1355 2940 1497 2980 similis
1528 2940 1727 2990 scriptura
1753 2940 1794 2978 in

250 2997 350 3037 codd
375 2997 444 3037 lib.
469 2997 550 3037 VH
574 3012 612 3037 u.
641 3000 725 3038 284
756 3002 884 3039 mouet
914 3000 1086 3040 axlmad.
1150 3000 1424 3051 Syrophoenix
1455 3000 1529 3039 hoc
1560 3000 1647 3039 1000
1679 3013 1791 3039 τοκο-

249 3056 401 3110 γλύφος
433 3059 473 3098 et
505 3057 710 3111 ὃανειστής
741 3059 905 3111 quidam
935 3061 1120 3100 uocatur:
1158 3060 1206 3100 de
1239 3059 1351 3113 Syris
1388 3060 1479 3100 uide
1518 3072 1620 3113 quae
1658 3059 1792 3101 adnot.
