2060 3444
514 267 901 302 SUPPLEMENTUM
930 267 1113 301 CAPITIS
1139 268 1205 301 DE
1232 268 1399 303 NONIO.
1638 266 1740 302 XVII

210 373 367 469 Μὲξῗῃ
490 398 629 434 lemma

198 499 296 549 268,
347 500 371 538 5
414 495 490 553 67)
522 499 672 539 coicere
736 497 812 539 ‘est
837 501 977 540 iacere.
1034 499 1235 552 Vergilius
1261 500 1359 539 Aen.
1380 500 1447 540 lib.
1468 501 1508 540 II
1537 533 1543 540 .
1567 533 1573 540 .
1597 533 1603 540 .
1625 501 1740 541 Asi-a·

795 561 884 599 nius
930 559 1152 599 Simulante
1297 560 1474 611 Comere,
1519 561 1742 613 confligere,

795 622 956 660 certare.
1015 619 1205 659 Afranius
1233 620 1458 660 Simulante
1486 653 1493 660 .
1516 653 1523 660 .
1546 653 1553 660 .
1581 620 1742 662 Ooicere

794 693 923 732 agere.
986 680 1179 719 Afranius
1218 681 1446 720 Mater-teris
1473 713 1480 720 .
1504 713 1510 720 .
1534 713 1540 720 .
1570 681 1742 731 Coicere‚

793 742 938 790 furari,
983 740 1155 780 auferre?
1220 741 1411 781 Afranius
1455 742 1644 781 Incendio

793 800 972 840 Lucilius
999 800 1067 839 lib.
1087 800 1129 839 ΙΙ
1154 796 1252 855 (87)
1281 833 1288 840 .
1311 833 1318 840 .
1341 798 1364 840 .’
1397 802 1450 840 De
1476 801 1637 841 Afranii
1662 815 1742 842 ser-

720 870 725 876 *
792 873 908 900 mone
969 861 1132 911 scripsit
1189 860 1337 900 Paulus
1400 856 1571 916 (Charis.
1611 861 1684 901 GL
1723 862 1742 900 Ι

792 934 830 971 p.
847 921 945 974 241,
962 922 985 959 2
1001 915 1070 974 Κ),
1096 921 1199 960 unde
1219 921 1374 960 Nonius
1397 921 1496 961 haec
1515 924 1742 973 sumpserit,

267 987 294 1014 D
792 982 1002 1020 nescimus.
1064 980 1167 1020 Vide
1202 982 1268 1020 79.
1304 983 1371 1020 32.
1407 983 1473 1021 18.
1508 983 1575 1021 81.

198 1041 295 1090 281,
319 1041 371 1079 14
413 1036 488 1094 68)
521 1040 615 1079 dare
735 1038 965 1080 ‘ostendere.
1004 1041 1183 1080 Lucilius
1203 1041 1270 1080 lib.
1285 1042 1418 1080 XXVI
1431 1037 1741 1096 (638)“animo

793 1102 863 1152 qui
925 1103 1109 1153 aegrotat
1169 1101 1351 1141 uidemus
1418 1115 1582 1153 corpore
1637 1103 1742 1142 hunc

793 1163 952 1214 signum
989 1158 1129 1200 dare’'.
1192 1162 1316 1211 Dare,
1353 1164 1499 1213 petere.
1561 1162 1741 1202 Lucilius

794 1221 861 1260 lib.
882 1221 919 1259 V
952 1218 1105 1261 “sicuti
1136 1234 1225 1260 cum
1256 1223 1407 1273 primos
1448 1222 1542 1262 ficos
1574 1223 1743 1274 propola

793 1282 962 1321 recentis
1006 1282 1178 1332 protulit
1227 1284 1267 1321 et
1309 1284 1438 1334 pretio
1479 1285 1635 1335 ingenti
1672 1283 1743 1323 dat

792 1342 980 1393 primitus
1030 1339 1239 1393 paucos''.'
1321 1343 1383 1381 En
1438 1343 1560 1382 habes
1609 1345 1742 1394 ipsum

793 1402 986 1441 Nonium:
1038 1402 1135 1452 quid
1184 1403 1289 1442 enim
1334 1405 1463 1455 magis
1515 1396 1742 1453 absurdum,

793 1475 913 1512 quam
969 1463 1013 1501 in
1068 1464 1200 1513 priore
1257 1464 1436 1513 exemplo
1483 1465 1742 1515 interpretari

795 1519 922 1572 ‘dare‚
972 1520 1207 1572 ostendere'‚
1256 1524 1299 1561 in
1348 1525 1569 1573 posteriore
1620 1521 1742 1573 ‘dare,

793 1579 973 1632 petere'?
1040 1582 1147 1621 Illud
1190 1583 1345 1622 Nonius
1390 1596 1410 1622 e
1454 1583 1601 1623 Lucilii
1638 1584 1741 1622 libro

795 1643 984 1692 sumpsit,
1021 1642 1097 1681 hoc
1141 1643 1366 1693 exemplum
1407 1656 1428 1682 e
1466 1644 1741 1696 grammatico,

795 1703 865 1752 qui
903 1703 1109 1752 aptissime
1146 1704 1311 1752 propter
1349 1700 1565 1752 ‘primitus'
1599 1704 1741 1743 aduer-

793 1761 904 1800 bium
947 1774 1086 1802 uersus
1123 1763 1318 1801 attulerat
1357 1776 1394 1813 p.
1419 1765 1515 1813 154,
1544 1766 1596 1803 27
1631 1760 1740 1818 (37).

795 1821 872 1860 Sed
905 1822 1050 1862 abusus
1083 1824 1142 1862 est
1173 1822 1305 1862 uerbis
1338 1823 1484 1862 Lucilii
1517 1826 1563 1863 ut
1588 1824 1742 1863 adsolet

793 1882 928 1932 inepte
965 1894 1055 1921 cum
1093 1895 1164 1922 suo
1195 1882 1324 1922 Marte
1361 1884 1517 1923 utatur:
1556 1884 1742 1923 similiter

795 1943 891 1981 fecit
923 1943 990 1981 24.

197 2000 295 2051 286,
317 2001 371 2039 32
413 1997 488 2055 69)
522 2002 672 2040 discere
736 1999 812 2042 ‘est
842 2003 1024 2054 ignotam
1055 2015 1138 2042 rem
1171 2002 1401 2042 meditando
1434 2003 1610 2054 adsequi.
1663 2004 1741 2042 Lu-

794 2061 909 2102 cilius
940 2062 1009 2101 lib.
1029 2062 1150 2101 VIIII
1182 2057 1309 2117 (349)
1437 2063 1641 2115 Vergilius
1673 2064 1740 2102 lib.

794 2122 870 2160 XII
898 2117 1023 2176 (435)
1052 2119 1190 2162 “disce
1216 2136 1315 2174 puer
1343 2125 1535 2162 uirtutem
1562 2137 1607 2162 ex
1633 2121 1740 2163 me’'·.

795 2182 955 2221 Discere
980 2184 1188 2233 temptare.
1221 2185 1452 2231 Vergilius
1470 2179 1740 2237 lib.v(222)

796 2239 868 2280 “et
908 2243 1047 2282 fractis
1091 2242 1308 2282 discentem
1352 2255 1508 2283 ‹mn-ere
1559 2241 1739 2283 remis’'.'

794 2302 1002 2352 Expositio
1029 2304 1089 2341 est
1119 2302 1226 2342 docti
1248 2303 1420 2342 hominis
1446 2306 1486 2342 et
1505 2304 1653 2343 eruditi
1672 2306 1741 2354 qui

795 2375 874 2402 non
911 2362 1110 2401 Lucilium
1154 2364 1399 2413 interpretur
1442 2364 1510 2403 sed
1548 2364 1645 2414 quid
1683 2364 1740 2403 di-

278 2428 294 2453 1
795 2435 902 2462 scere
935 2424 987 2463 sit
1013 2423 1183 2474 explicet
1208 2423 1354 2462 Lucilii
1379 2436 1473 2463 usus
1499 2425 1739 2463 testimonio.

201 2479 298 2531 321,
320 2482 375 2520 20
416 2476 491 2535 ῖΟ)
523 2483 697 2520 inuitare
737 2480 954 2534 ‘significat
978 2483 1135 2533 repleri.
1186 2485 1382 2522 Plautus
1407 2487 1742 2532 Amphitryone

796 2537 924 2596 (283)
958 2539 1134 2581 “mirum
1167 2545 1202 2582 si
1233 2543 1428 2582 inuitauit
1459 2556 1543 2582 sese
1574 2545 1616 2582 in
1643 2556 1741 2583 cena

796 2599 1065 2652 plusculum”.
1129 2602 1307 2642 Lucilius
1343 2598 1502 2656 (1269)
1546 2601 1741 2654 “pulchre

795 2664 960 2701 inuitati
991 2664 1222 2713 acceptique
1259 2659 1473 2713 benigne''.
1536 2663 1740 2713 Turpilius

797 2721 980 2772 Epiclero
1009 2720 1118 2761 “non
1150 2724 1301 2762 inuitat
1331 2724 1554 2773 plusculum
1587 2736 1671 2762 sese
1696 2726 1742 2761 ut

797 2779 962 2821 solet?’'
1019 2782 1130 2821 Idem
1165 2783 1365 2822 Leucadia
1398 2780 1623 2822 “inuitauit
1654 2784 1739 2834 plu-

797 2842 950 2881 sculum
969 2843 1033 2881 hic
1054 2855 1136 2882 sese
1156 2844 1199 2881 in
1221 2839 1452 2892 prandio’'.'
1503 2843 1558 2882 Vt
1589 2843 1742 2882 indicat

790 2902 1017 2950 plusculum
1047 2902 1108 2942 bis
1134 2904 1321 2953 positum,
1352 2903 1431 2942 loci
1457 2903 1629 2953 Turpilii
1654 2916 1741 2953 per-

797 2963 928 3000 tinent
959 2961 1009 3000 ad
1041 2962 1176 3000 Plauti
1206 2975 1365 3001 uersum
1396 2962 1739 3012 interpretandum

798 3022 918 3059 sicuti
955 3035 991 3071 p.
1014 3022 1117 3070 334,
1145 3023 1168 3060 5
1210 3022 1259 3060 ad
1299 3035 1456 3061 uersum
1498 3022 1741 3061 Bacchidum

273 3092 387 3119 Lucilli
407 3093 471 3119 rell.
492 3093 537 3119 ed.
557 3093 667 3119 Mnnx.
695 3094 735 3120 ΙΙ.
1429 3088 1454 3123 b
