2060 3444
914 300 1000 336 XVI
1024 312 1059 336 u.
1088 304 1168 337 52⁷.
1723 298 1807 342 197

262 417 354 457 00111
384 416 657 467 Hispanorum
688 415 823 455 demas
852 410 1099 469 (Koertingii
1123 414 1345 454 Lat-Rom.
1372 413 1592 453 Woerterb.
1621 410 1806 466 [Paderb.

258 472 397 529 1901]
436 490 472 514 n.
513 469 648 529 2850)
700 475 807 526 quod
856 475 1058 527 significat
1099 476 1328 524 praeterea:
1378 475 1634 513 consentiunt
1683 473 1808 513 Lach-

261 549 430 576 mannus
462 536 504 575 L.
524 535 741 575 Muellerus
766 536 1034 575 Buechelerus
1066 547 1156 574 cum
1185 535 1359 584 demaqis
1385 533 1436 574 ad
1462 534 1660 584 posterius
1686 546 1807 573 enun-

261 598 406 638 tiatum
445 596 551 647 quod
588 597 682 636 istos
718 595 953 648 pronomine
990 594 1134 647 incipit
1177 595 1378 646 pertinere
1422 595 1619 634 statuunt.
1688 594 1808 634 Recte

261 659 419 709 opinor:
463 669 557 695 nam
601 654 736 708 neque*
772 658 928 696 nowt’sse
971 655 1161 696 aduerbio
1207 655 1390 707 adposito
1434 656 1527 707 eget
1568 667 1696 705 neque
1741 653 1809 694 ad-

261 718 442 758 uerbium
473 717 602 769 gradu
633 718 908 768 comparatiuo
939 718 1067 766 mayis
1099 728 1222 767 quare
1253 716 1435 767 posuerit
1458 716 1580 766 poeta
1605 727 1678 765 pro
1703 715 1808 765 posi-

260 779 345 818 11110
370 778 553 829 intellegi
577 778 721 829 potest.
771 777 849 817 Sed
873 777 1047 827 demaqis
1067 775 1302 816 Gerlachius
1328 775 1488 827 scripsit
1514 787 1631 826 quem
1651 776 1809 814 secutus

260 851 366 887 sum,
398 837 503 889 quod
535 838 701 877 eandem
733 838 816 876 uim
846 837 968 876 habet
1001 838 1121 888 atque
1153 838 1220 877 scd
1244 839 1406 886 praeter
1442 836 1552 881 istos,
1591 836 1809 875 formatum

260 900 323 938 est
351 898 491 951 lingua
522 898 684 950 uulgari
710 898 761 936 ad
787 897 1092 937 similitudinem
1117 898 1330 947 improuiso
1356 897 1403 935 de
1427 897 1654 946 improuisa
1683 896 1810 935 subito

261 959 434 999 desubito
466 958 657 998 similium
689 957 980 998 aduerbiorum.
1009 980 1063 984 —
1091 958 1240 1010 Agitur
1265 957 1312 996 de
1338 956 1445 996 (11010
1470 957 1576 1008 regis
1603 955 1808 996 cuiusdam

261 1020 473 1059 Thraciaez
510 1019 605 1059 licet
643 1019 748 1059 enim
785 1018 945 1071 regibus
976 1017 1284 1070 Paphlagonum
1316 1011 1514 1071 (Xenoph.
1540 1016 1657 1068 Ages.
1684 1015 1726 1055 Π
1754 1017 1807 1055 26

259 1079 323 1119 ΠΙ
350 1076 393 1130 4)
441 1079 611 1119 aliorum
655 1092 799 1119 nomen
843 1079 966 1119 fuerit
1010 1077 1151 1130 Cotys,
1200 1080 1337 1118 tamen
1381 1078 1532 1116 maiore
1575 1077 1686 1116 fama
1731 1090 1810 1127 qua

261 1140 461 1179 Thracum
490 1139 621 1192 reguli
651 1140 730 1179 isto
762 1140 922 1179 nomine
954 1139 1127 1190 praediti
1156 1138 1377 1178 utebantur
1402 1137 1510 1189 apud
1536 1138 1724 1188 antiquos
1749 1138 1808 1176 in-

260 1200 442 1240 ducimur
478 1202 524 1239 ut
564 1200 612 1240 de
649 1200 843 1239 Thraciae
886 1213 980 1252 rege
1025 1201 1263 1252 cogitemus:
1307 1211 1387 1249 quo
1432 1197 1554 1237 etiam
1597 1199 1810 1237 uentorum

260 1261 409 1300 mentio
442 1273 513 1300 nos
545 1272 688 1300 uocare
713 1260 884 1299 uidetur.
949 1258 1094 1311 Cotyes
1125 1259 1260 1310 plures
1293 1271 1383 1298 cum
1413 1259 1592 1299 norimus
1627 1258 1729 1298 tales
1761 1258 1809 1297 de

261 1320 414 1361 duobus
444 1322 607 1360 tantum
638 1320 758 1360 datur
789 1322 912 1372 optio,
945 1322 1080 1359 utrum
1105 1319 1286 1359 Lucilius
1311 1319 1393 1359 illis
1419 1319 1602 1358 uersibus
1626 1318 1810 1370 intellegi

261 1382 443 1421 uoluerit.
506 1380 622 1420 Alter
652 1380 808 1420 Lucilio
841 1381 1095 1421 adulescente
1132 1380 1238 1419 bello
1269 1378 1525 1420 Macedonico
1563 1379 1681 1418 initio
1719 1391 1810 1418 cum

261 1455 286 1480 a
317 1441 450 1482 Persei
480 1441 662 1492 partibus
695 1442 888 1492 stetisset,
926 1443 1062 1481 tamen
1093 1442 1234 1492 postea
1267 1441 1310 1479 in
1348 1439 1523 1493 gratiam
1560 1439 1700 1491 populi
1733 1440 1808 1478 Ro-

261 1502 371 1542 mani
403 1503 590 1553 acceptus
622 1505 700 1551 est,
732 1503 796 1541 uir
827 1502 1026 1541 Thracum
1057 1501 1391 1551 intemperantiae
1423 1500 1595 1549 alienus,
1633 1501 1674 1539 et
1703 1499 1808 1539 bello

262 1564 446 1602 strenuus
485 1569 525 1602 et
562 1561 738 1601 moribus
776 1563 974 1601 humanus
1013 1556 1119 1615 (Liu.
1145 1560 1259 1600 XLII
1286 1562 1354 1610 29,
1383 1562 1448 1599 12.
1477 1561 1546 1611 51,
1574 1562 1641 1600 10.
1676 1560 1744 1609 57,
1772 1561 1808 1598 6.

265 1623 340 1671 58,
368 1623 405 1661 6.
440 1623 515 1670 67,
543 1622 580 1661 5.
620 1621 749 1661 XLIV
777 1623 852 1671 42,
880 1624 904 1661 2
943 1620 1052 1660 XLV
1079 1621 1124 1670 6,
1152 1622 1188 1660 2.
1229 1622 1304 1670 42,
1331 1622 1355 1659 6
1394 1619 1534 1672 Polyb.
1560 1620 1715 1659 XXVII
1742 1621 1809 1659 10.

262 1682 372 1721 XXX
407 1684 460 1721 12
501 1682 616 1721 Diod.
652 1681 762 1721 XXX
796 1682 832 1720 3.
871 1681 1062 1720 XXXVII
1095 1682 1160 1720 5a
1209 1680 1508 1734 Dittcnbergeri
1551 1680 1649 1731 Syll.
1693 1679 1809 1719 inscr.

263 1742 328 1782 Gr.
360 1738 437 1795 [ed.
462 1738 523 1795 II]
552 1736 668 1795 303).
721 1741 824 1781 Sane
856 1742 983 1781 multo
1018 1741 1206 1782 famosior
1238 1741 1345 1792 apud
1377 1741 1590 1792 scriptores
1624 1740 1810 1791 antiquos

264 1802 385 1853 Cotys
417 1801 685 1853 Oersobleptis
716 1803 844 1853 pater,
878 1802 1095 1853 Iphicratis
1127 1813 1250 1851 socer,
1288 1801 1337 1841 ab
1370 1800 1682 1840 Atheniensibus
1714 1801 1809 1839 ciui-

262 1865 347 1902 tate
373 1862 556 1913 donatus,
581 1863 699 1902 homo
725 1862 920 1902 barbarus
947 1874 1089 1902 saeuus
1115 1862 1297 1912 crudelis,
1323 1862 1556 1901 interfectus
1582 1874 1606 1900 0
1627 1861 1811 1912 Pythone

263 1925 304 1962 et
334 1922 548 1963 Heraclide
585 1922 741 1972 Aeniis,
780 1923 827 1962 de
867 1936 944 1973 quo
982 1923 1110 1962 multa
1148 1922 1329 1962 historici
1367 1923 1544 1961 oratores
1581 1921 1810 1972 philosophi

264 1984 435 2023 comicie.
465 1983 669 2023 Demosth.
702 1982 893 2022 Aristocr.
922 1983 959 2022 8.
990 1984 1071 2022 119
1113 1983 1304 2034 Harpocr.
1337 1991 1376 2023 s:
1400 1996 1437 2021 u.
1469 1981 1602 2029 Κότυς
1639 1981 1808 2021 Aristot.

263 2044 375 2095 polit.
396 2058 413 2083 ε
439 2057 476 2094 p.
505 2037 641 2083 1311b
663 2045 715 2082 21
752 2056 884 2083 000011.
911 2043 937 2095 β
961 2057 999 2095 p.
1023 2044 1158 2083 1351*ι
1187 2044 1360 2082 18--32
1394 2042 1622 2081 Anaxandr.
1651 2041 1751 2081 GAF
1769 2042 1810 2081 H

262 2118 300 2155 p.
331 2105 428 2154 152,
455 2105 506 2142 31
524 2103 562 2142 Κ
596 2103 838 2155 Theopomp.
876 2103 1090 2143 historicus
1128 2117 1192 2155 ap.
1218 2103 1364 2143 Athen.
1390 2103 1469 2142 XII
1499 2117 1538 2154 p.
1566 2103 1649 2142 531
1666 2102 1700 2141 E
1727 2103 1808 2142 alii.

263 2164 380 2203 Hunc
422 2163 603 2215 Philippi
645 2163 874 2203 Macedonis
919 2164 1128 2215 aequalem
1171 2163 1306 2215 potius
1355 2163 1538 2215 intellegi
1587 2175 1612 2202 0
1655 2161 1810 2202 Lucilio

265 2226 385 2265 antea
414 2223 558 2276 putaui
590 2226 802 2275 propterea
834 2224 940 2275 quod
974 2224 1041 2263 uix
1080 2236 1164 2263 esse
1201 2223 1419 2264 uerisimile
1456 2223 1607 2263 iudices
1645 2223 1810 2273 alterius

264 2286 373 2324 illius
412 2284 543 2336 reguli
582 2284 682 2323 uicti
719 2286 760 2323 et
794 2285 837 2323 in
874 2285 1049 2336 gratiam
1088 2284 1241 2336 accepti
1278 2283 1387 2324 (11010
1423 2283 1614 2323 Romanis
1656 2284 1699 2322 in
1744 2296 1810 2323 ore

265 2344 404 2384 fuisse:
443 2346 486 2383 at
515 2345 655 2384 contra
685 2344 803 2383 huius
835 2344 944 2384 dicta
980 2345 1174 2384 nonnulla
1213 2344 1320 2396 apud
1351 2340 1494 2397 [Plut]
1534 2344 1697 2395 apopth.
1729 2357 1809 2395 reg.

266 2406 306 2444 et
330 2404 423 2455 imp.
449 2417 486 2454 p.
517 2405 600 2443 174
615 2403 688 2443 DE
710 2403 818 2444 Stob.
844 2404 960 2444 floril.
983 2406 1051 2454 48,
1079 2406 1133 2443 45
1166 2404 1256 2444 Val.
1282 2404 1386 2443 Max.
1411 2404 1475 2443 m
1502 2405 1540 2453 7,
1572 2405 1648 2443 ext.
1679 2405 1702 2442 7
1729 2405 1808 2443 tra-

266 2464 432 2514 duntur,
464 2463 514 2503 ad
546 2476 647 2515 quae
678 2464 752 2504 hoc
783 2466 918 2504 tamen
943 2464 1198 2505 Lucilianum
1223 2464 1386 2504 minime
1412 2463 1611 2515 pertinere
1638 2464 1811 2513 uidetur,

267 2524 463 2575 siquidem
495 2524 618 2564 uerba
649 2524 734 2564 Rex
768 2524 884 2565 Cotus
915 2526 981 2565 ille
1013 2525 1141 2564 aiebat
1177 2524 1313 2576 potius
1352 2524 1593 2576 applicanda
1630 2526 1723 2563 sunt
1760 2524 1811 2563 ad

268 2598 388 2624 unam
419 2585 460 2624 et
490 2586 639 2624 certam
671 2597 832 2624 causam
863 2598 990 2636 neque
1023 2598 1124 2636 quae
1157 2598 1295 2625 eorum
1327 2586 1388 2624 est
1417 2586 1564 2625 natura
1600 2582 1809 2637 ἀποφθεγ-

267 2650 437 2696 ματικῶς
479 2644 667 2684 111ᾶο111111·
710 2658 793 2685 esse
838 2645 956 2686 dicta.
1025 2645 1278 2697 Quamquam
1322 2658 1368 2685 ex
1406 2645 1639 2696 imperfecto
1683 2645 1811 2684 aiebat

268 2705 352 2744 solo
382 2704 458 2745 hoc
488 2705 652 2744 minime
690 2705 766 2744 erit
803 2705 1128 2746 concludendum.
1190 2705 1387 2757 Equidem
1425 2706 1506 2746 scio
1545 2705 1592 2745 de
1630 2707 1810 2756 tempore

268 2765 474 2816 scriptoris
505 2764 554 2804 (10
585 2764 834 2805 sublimitate
866 2779 912 2805 ex
944 2766 1139 2806 eiusmodi
1175 2766 1409 2817 imperfecto
1441 2778 1526 2817 cap.
1554 2766 1593 2815 3,
1621 2766 1644 2804 5
1677 2765 1810 2817 posito

269 2827 422 2864 certum
453 2825 549 2863 ferri
578 2824 784 2864 iudicium.
843 2824 991 2865 Scribit
1022 2826 1128 2865 enim
1152 2826 1178 2866 1.
1205 2838 1234 2865 s.
1261 2825 1386 2882 τούτῳ
1417 2824 1648 2878 παράκειται
1678 2824 1811 2877 τρίτον

268 2899 304 2924 τι
335 2883 474 2932 κακίας
505 2878 610 2931 εἶδος
640 2882 684 2924 ἐν
714 2887 796 2932 τοῖς
826 2887 1067 2937 παθητικοῖς
1099 2884 1193 2938 ὅπερ
1225 2882 1246 2925 ὁ
1281 2884 1487 2938 Θεόδωρος
1526 2881 1810 2938 παρένθυρσον

268 2943 405 2984 ἐκάλει.
475 2943 552 2991 Qui
589 2944 822 2995 scriptorem
858 2945 934 2985 hoc
970 2945 1199 2985 testimonio
1237 2945 1332 2984 freti
1372 2944 1613 2996 discipulum
1657 2944 1811 2984 faciunt

270 3003 485 3054 Theodori,
522 3004 592 3044 isti
623 3016 713 3044 eum
745 3004 979 3056 scriptorem
1010 3017 1166 3045 necesse
1204 3006 1264 3045 est
1296 3005 1471 3045 Socratis
1508 3005 1662 3044 faciant
1698 3004 1810 3044 audi-

270 3066 397 3105 torem
430 3065 498 3116 qui
531 3064 669 3106 scribit
700 3064 917 3118 Σωκράτης
948 3063 1014 3105 καὶ
1049 3063 1095 3105 τὰ
1132 3071 1210 3105 τῶν
1247 3067 1403 3105 πολλῶν
1441 3064 1616 3119 δόγματα
1649 3064 1809 3117 Λαμίας
