2060 3444
310 287 395 329 246
872 280 991 315 xxvi
1015 291 1050 314 u.
1079 280 1277 314 eve—677.

310 401 398 438 cula
430 410 548 449 poma
580 397 627 435 de
659 407 771 434 sacra
801 394 902 432 nulli
936 391 1080 432 dixeris
1119 404 1202 431 esse
1240 388 1335 430 uia'.
1396 391 1579 443 Languet
1617 404 1706 430 cum
1742 390 1843 430 illud

310 460 453 498 doctior
490 468 608 505 quam
644 456 755 494 ceteri
791 454 834 492 in
871 454 944 492 hac
983 453 1196 501 sententia,
1234 453 1320 490 tum
1355 452 1504 490 locutio
1541 454 1663 490 mutes
1700 451 1865 499 aliquo„

311 518 449 567 Neque
479 515 622 555 melius
653 514 867 552 Muellerus
901 509 1071 551 ‘doctior
1102 524 1222 561 quam
1253 511 1374 550 ceteri
1404 511 1456 550 sis
1489 512 1528 549 et
1552 512 1680 550 mutes
1707 510 1842 560 aliquo

310 580 440 616 tecum
472 576 600 615 sartas
631 575 757 613 tectas
789 569 924 611 ditias’
958 573 1028 622 qui
1057 572 1099 609 in
1128 571 1256 610 tribus
1282 571 1466 610 extremis
1492 570 1624 611 uerbis
1648 570 1842 609 Duentze-

310 650 399 675 rum
430 638 488 674 est
520 635 687 673 secutus.
749 633 904 671 Vellem
936 632 1158 670 accuratius
1191 631 1414 670 enarrasset
1451 643 1497 669 ea
1532 630 1664 669 uerba.
1724 629 1844 669 Adie-

310 696 460 735 ctiuum
486 695 630 733 doctior
655 693 796 732 melius
821 704 893 742 pro
919 691 1148 741 praedicato
1175 692 1361 741 ponetur:
1387 693 1539 729 mutare
1565 690 1702 729 eodem
1726 689 1843 729 modo

312 754 583 806 accipiendum
621 752 794 792 arbitror
831 754 950 801 atque
982 751 1111 790 Plaut.
1137 750 1336 800 Amphitr.
1366 751 1450 789 274
1491 747 1631 800 ‘neque
1668 762 1709 789 se
1748 750 1845 788 luna

311 827 510 865 quoquam
542 809 702 852 mutat'.
733 833 781 838 —-
812 811 965 850 doctior
1003 823 1124 860 quam
1165 811 1305 849 ceteri:
1342 811 1402 849 ita
1439 810 1570 849 doctus
1606 809 1845 849 uocabulum

310 885 591 924 saepenumero
634 872 801 911 Plautus
846 870 1028 910 adhibuit
1074 865 1277 924 (Bacchid.
1307 870 1391 909 694
1438 866 1498 908 ‘ut
1547 882 1679 909 senem
1726 868 1844 908 hodie

311 935 470 973 doctum
495 933 609 971 docte
634 925 807 984 fallas'):
840 928 904 970 ‘ab
932 930 1069 969 amicis
1094 931 1223 969 mutes
1250 930 1383 980 aliquo
1409 930 1449 968 te
1477 942 1564 968 eum
1590 930 1712 968 satias
1737 929 1846 968 facta

256 992 259 994 ’
311 990 392 1042 sit’,
429 994 550 1032 satias
582 993 690 1031 facta
721 993 767 1030 ut
798 991 886 1030 Ter.
912 990 1015 1028 Eun.
1044 991 1127 1028 973
1163 986 1247 1028 ‘ubi
1279 990 1403 1029 satias
1435 988 1566 1040 coepit
1602 989 1705 1039 fieri,
1742 1001 1845 1028 com-

309 1055 420 1092 muto
451 1048 607 1091 locum'.

430 1106 540 1152 675.
565 1111 719 1150 Nonius
745 1124 782 1161 p.
805 1110 903 1160 351,
931 1111 954 1149 2
984 1106 1166 1158 ‘mutare,
1192 1108 1473 1159 derelinquere.
1523 1108 1725 1160 Vergilius
1752 1119 1772 1144 *
1789 1119 1809 1144 *
1825 1120 1846 1144 ,σε

312 1166 514 1226 (lacunam
550 1173 697 1221 factam
733 1171 869 1209 statuit
904 1169 1122 1209 Muellerus
1161 1170 1204 1208 ui
1240 1169 1361 1217 fallor
1397 1162 1572 1222 primus)
1610 1164 1847 1220 <Lucilius>

309 1232 377 1271 lib.
397 1231 529 1270 XXVI
568 1227 698 1269 “mihi
736 1229 896 1280 quidem
926 1242 1005 1268 non
1036 1228 1298 1280 persuadetur
1335 1229 1511 1280 publices
1550 1222 1628 1281 (ita
1664 1228 1715 1278 L,
1745 1228 1847 1277 pub-

304 1293 426 1341 plices
457 1290 508 1338 G,
547 1290 755 1342 Bamberg.
789 1291 828 1329 et
859 1288 1004 1328 Geneu.
1037 1288 1136 1328 codd
1172 1288 1322 1327 habent
1350 1290 1501 1337 pulices
1534 1288 1639 1338 quod
1670 1287 1848 1327 defendit

313 1351 507 1390 Smithius
531 1350 701 1389 Americ.
727 1350 859 1389 Iourn.
886 1349 930 1388 of
957 1349 1098 1388 Philol.
1119 1348 1234 1387 XXII
1262 1349 1371 1388 1901
1400 1362 1437 1399 p.
1460 1349 1515 1386 44
1542 1342 1670 1402 seqq.)
1696 1348 1847 1387 mutem

312 1407 480 1450 meos''.’
526 1410 721 1461 Intellego
745 1420 860 1459 ayros
872 1409 1072 1459 publicos:
1097 1407 1176 1448 Cic.
1197 1408 1245 1447 de
1265 1421 1319 1447 or.
1338 1408 1380 1447 H
1401 1409 1485 1446 284
1508 1405 1643 1458 ‘quom
1663 1408 1848 1459 ageretur

316 1470 364 1510 de
396 1471 501 1522 agris
532 1470 702 1520 publicis
734 1471 774 1508 et
805 1469 852 1507 de
883 1469 971 1520 lege
996 1464 1158 1507 Thoria’
1191 1468 1239 1507 de
1270 1469 1344 1520 leg.
1372 1481 1453 1520 agr.
1478 1467 1520 1506 II
1547 1468 1585 1517 5,
1612 1469 1667 1507 10
1700 1464 1775 1506 ‘Ti
1808 1469 1848 1506 et

313 1530 352 1570 G.
375 1529 572 1569 Gracchos
604 1529 759 1580 plebem
789 1528 832 1567 in
870 1529 977 1580 agris
1013 1528 1184 1578 publicis
1222 1524 1487 1567 constituisse'
1514 1527 1535 1565 I
1561 1528 1605 1576 4,
1634 1528 1688 1566 10
1721 1524 1848 1566 ‘iubet

313 1591 417 1629 enim
443 1589 598 1629 eosdem
625 1589 868 1628 decemuiros
894 1588 1075 1628 omnibus
1102 1587 1208 1639 agris
1232 1587 1402 1638 publicis
1428 1587 1648 1639 pergrande
1672 1587 1848 1638 uectigal

312 1646 541 1700 imponere'.
608 1649 718 1688 Dicit
759 1648 936 1687 Lucilius
979 1647 1057 1687 sibi
1099 1660 1179 1687 non
1221 1647 1467 1698 persuaderi,
1510 1659 1600 1686 suos
1644 1659 1759 1699 agros
1803 1648 1848 1685 ut

312 1710 459 1749 uendat
508 1708 748 1757 triumuiris,
796 1708 976 1759 publicos
1026 1707 1219 1747 conducat
1271 1708 1516 1758 publicanus.
1596 1707 1848 1746 Deteriorum

314 1769 491 1808 codicum
529 1769 793 1819 corruptelam
824 1769 976 1817 pulices
1012 1767 1096 1806 noli
1127 1780 1282 1807 curare:
1320 1767 1456 1807 eodem
1493 1766 1610 1806 modo
1641 1767 1848 1817 peccatum

314 1830 374 1868 est
422 1841 446 1867 a
494 1828 669 1868 librariis
717 1827 848 1867 Plaut.
887 1828 994 1866 Trin.
1035 1828 1148 1867 1057
1201 1827 1290 1867 aliis
1339 1828 1436 1867 locis
1477 1826 1524 1866 de
1569 1826 1711 1877 quibus
1758 1826 1852 1866 conf

316 1888 578 1928 Ritschelium
603 1900 734 1938 opusc.
754 1887 812 1926 IV
834 1901 872 1938 p.
896 1889 990 1927 124.

435 1943 545 1987 676.
589 1947 680 1986 uide
733 1947 785 1986 ad
827 1959 986 1986 uersum
1029 1948 1268 1998 sequentem.
1322 1967 1371 1973 —
1425 1949 1603 1986 sanctum
1645 1947 1847 1997 supinum:

315 2008 415 2046 hanc
439 2011 519 2046 tum
544 2007 838 2046 Lachmannus:
864 2006 1003 2058 oppidi
1030 2019 1173 2046 nomen
1199 2007 1290 2045 aliis
1316 2007 1449 2056 potius
1474 2006 1598 2045 latere
1623 2005 1848 2054 uidebatur,

315 2067 418 2105 unde
449 2065 614 2105 Antium
650 2067 866 2106 Fruterius.
928 2067 1052 2106 Poeta
1089 2067 1216 2106 Roma
1252 2066 1408 2105 redibat
1444 2067 1490 2105 ut
1527 2065 1635 2104 domi
1670 2066 1846 2116 aliquam

315 2139 399 2165 rem
429 2126 470 2164 in
501 2125 674 2176 praediis
707 2126 787 2166 suis
819 2127 990 2166 sanciret
1020 2138 1216 2177 praesens.
1243 2147 1301 2152 —
1326 2125 1429 2164 Item
1461 2139 1486 2164 α
1510 2126 1666 2164 Metello
1690 2137 1848 2164 munere

316 2186 428 2224 nolui
476 2187 647 2224 mutare:
702 2188 877 2237 positum
933 2187 993 2226 est
1041 2199 1113 2237 pro
1163 2185 1367 2225 Metellino
1417 2186 1462 2224 ut
1510 2185 1680 2224 Romula
1728 2185 1847 2224 tellus

315 2245 515 2296 Vergilius
553 2245 649 2284 Aen.
670 2245 728 2284 VI
755 2247 838 2284 876
878 2246 1041 2286 similia:
1083 2245 1303 2295 Tappulam
1340 2246 1457 2294 leycm
1492 2244 1669 2284 Lucilius
1710 2245 1846 2283 incert.

316 2318 352 2342 u.
377 2305 501 2343 1307.
580 2303 678 2343 Cum
720 2306 924 2344 Metellum
964 2305 1265 2345 Macedonicum
1307 2304 1349 2344 in
1391 2304 1504 2344 libris
1547 2304 1848 2343 XXVI—XXX

318 2365 509 2413 carpsisse
540 2366 699 2415 poetam
731 2367 901 2415 constet,
938 2366 1280 2416 promptissimum
1312 2366 1389 2404 erit
1419 2365 1592 2404 statuere
1623 2363 1742 2403 huius
1773 2364 1848 2403 hoc

316 2435 433 2461 uersu
475 2426 714 2463 memoratos
759 2425 912 2475 aliquos
956 2426 1077 2465 fuisse
1117 2425 1232 2464 ludos
1275 2425 1465 2475 priuatos.
1538 2424 1688 2463 Narrat
1730 2425 1848 2474 poeta

318 2482 443 2521 Roma
482 2495 571 2521 cum
607 2483 769 2523 redierit
807 2484 903 2534 quid
939 2484 981 2522 in
1018 2486 1088 2524 uia
1125 2484 1201 2523 sibi
1238 2484 1442 2523 acciderit:
1481 2483 1684 2522 exordium
1723 2484 1848 2535 igitur

316 2542 432 2581 huius
464 2544 621 2581 saturae
652 2543 745 2581 libri
769 2544 900 2582 XXVI
927 2544 1092 2583 ultimae
1117 2544 1244 2584 simile
1270 2546 1390 2594 atque
1414 2543 1616 2582 quenalis
1640 2543 1703 2582 III
1728 2542 1847 2582 fuisse

318 2601 487 2639 uidetur.
563 2601 665 2650 Gonf
705 2602 844 2653 Obseq.
879 2604 932 2642 37
974 2601 1031 2642 Ῥ.
1058 2603 1197 2643 Eluius
1249 2616 1367 2654 eques
1417 2603 1618 2642 Romanus
1669 2615 1693 2641 a
1743 2601 1847 2642 ludis

318 2660 506 2699 Romanis
545 2673 635 2699 cum
674 2663 716 2700 in
752 2662 941 2712 Apuliam
977 2659 1259 2702 reuerteretur'
1297 2676 1326 2702 e.
1350 2676 1385 2713 q.
1406 2675 1434 2702 s.
1471 2662 1647 2701 Lucilius
1687 2661 1848 2701 uidetur

322 2720 363 2757 in
396 2718 573 2758 Siciliam
603 2720 783 2760 rediisse:
814 2721 905 2760 uide
937 2722 987 2762 ad
1018 2736 1056 2761 u.
1079 2724 1175 2762 667.

437 2774 547 2820 677.
589 2780 744 2819 Nonius
793 2794 830 2830 p.
860 2782 961 2831 165,
995 2783 1048 2821 13
1102 2779 1329 2832 ‘Repedare
1402 2782 1580 2820 Lucilius
1622 2781 1689 2820 lib.
1715 2780 1847 2819 XXVI

321 2834 496 2878 “redisse
532 2851 577 2878 ac
604 2870 610 2876 .
633 2871 640 2878 .
663 2870 669 2876 .
695 2851 806 2879 roma
832 2870 840 2878 .
862 2871 869 2878 .
891 2871 897 2878 .
925 2841 1222 2892 gladiatoribus.
1284 2841 1466 2892 idemque
1503 2843 1681 2880 sauctwm
1718 2852 1782 2890 eqo
1821 2853 1847 2879 a

318 2898 462 2936 metello
492 2909 643 2937 romam
673 2900 906 2947 repedabant
936 2897 1157 2940 munere''.'
1189 2923 1238 2927 —
1270 2901 1442 2949 idemque
1471 2902 1646 2951 positum
1672 2901 1720 2939 ut
1743 2900 1845 2940 Non.

321 2969 357 3004 p.
380 2956 447 3005 88,
468 2957 521 2995 33
545 2952 629 3010 (lib.
649 2958 780 2996 XXVI
798 2972 834 2997 u.
858 2954 974 3013 625),
995 2960 1090 2999 conf
1111 2960 1160 3000 ad
1179 2960 1246 2999 lib.
1261 2960 1362 2999 VIII
1379 2975 1416 2999 u.
1439 2961 1523 2999 314
1543 2960 1600 2998 ΙΧ
1619 2973 1656 2998 u.
1678 2960 1774 2998 341.
1794 2980 1843 2986 —

321 3015 480 3054 rediisse
500 3028 545 3054 ac
563 3017 776 3065 repedasse,
802 3017 894 3056 uide
920 3018 1037 3057 indie.
1059 3033 1222 3070 gramm.
1244 3032 1271 3058 s.
1292 3034 1329 3058 u.
1355 3019 1620 3070 hendiadyoin
1641 3014 1711 3072 (ad
1729 3018 1795 3058 lib.
1809 3017 1847 3055 V
