2060 3444
305 270 388 313 186
890 271 957 306 XV
981 282 1015 306 u.
1044 272 1244 311 497—501.

301 384 353 423 ad
375 384 437 422 III
463 397 498 421 u.
529 385 611 423 128
639 383 770 423 XXVI
796 398 832 422 u.
861 385 957 423 669.
1025 384 1296 436 Distinguitur
1332 386 1466 424 autem
1504 385 1776 437 Syrophoenix
1807 400 1832 426 a

299 443 603 493 Libyphoenioe.
655 444 850 483 Zenonem
880 445 927 483 ut
958 444 1155 484 danistam
1185 444 1529 484 calumniabantur
1554 445 1832 496 philosophum

301 501 435 555 (Diog.
461 503 591 542 Laert.
618 503 697 542 VII
725 498 818 557 13),
854 504 950 542 item
988 503 1219 555 Menippum
1252 504 1467 544 Phoenices
1499 499 1633 558 (Diog.
1660 505 1717 544 VI
1744 500 1830 559 99).

302 562 548 615 Συροφοίνιξ
581 561 750 615 ἔμπορος
781 563 873 603 Luc.
900 577 1005 603 conc.
1032 564 1136 603 deor.
1164 565 1203 613 4,
1235 564 1507 615 Syrophoenix
1544 578 1669 615 caupo
1695 565 1831 606 quen.

300 623 399 662 VIII
421 623 516 662 159.
541 624 625 662 160
650 623 721 662 ubi
746 624 837 662 uide
859 623 1154 663 Friedlaenderi
1174 624 1318 673 adnot,
1339 624 1574 675 Syrocilices
1592 625 1699 665 Mela
1717 625 1736 664 I
1764 626 1832 675 13,

300 682 507 733 Syromedi
545 682 743 722 Ammian.
769 683 903 722 ΧΧΠΙ
930 685 968 732 6,
995 685 1048 723 39
1082 683 1249 723 Ptolem.
1275 684 1332 722 VI
1361 687 1398 734 2,
1425 685 1461 723 6.
1493 706 1542 711 -
1570 697 1679 724 sacer
1719 685 1833 725 audit

299 744 524 782 faenerator
555 743 671 782 sicuti
697 743 786 782 leno
813 756 875 794 ap.
901 743 1031 782 Plaut.
1058 743 1174 782 Poen.
1204 745 1259 783 90
1285 744 1384 782 Rud.
1413 745 1509 783 158.
1535 766 1594 771 —
1619 757 1664 784 ac
1689 746 1735 784 de
1759 747 1831 784 isto

274 802 594 851 >Lachmannus,
626 803 727 842 adde
756 805 828 842 isto
860 803 1063 843 Turnebus
1096 803 1183 842 alii:
1221 804 1288 843 sed
1320 805 1367 843 de
1396 806 1469 843 isto
1499 805 1662 844 rectius:
1700 804 1829 844 Plaut.

299 863 437 902 Pseud.
468 864 549 902 123
585 860 647 902 ‘de
679 864 780 902 istac
816 876 858 902 re
889 864 931 902 in
969 864 1126 902 oculum
1162 864 1359 903 utrumuis
1398 861 1692 914 conquiescito’.
1743 865 1830 904 Ter.

299 922 398 961 Eun.
428 923 510 961 456
547 920 701 973 ‘ecquid
740 935 810 962 nos
849 935 958 962 amas
996 923 1043 962 de
1080 923 1240 963 fidicina
1280 920 1387 963 ista'.
1448 923 1578 962 Plaut.
1606 924 1686 962 Mil.
1717 925 1829 963 1094

300 979 420 1027 ‘Quid
450 995 553 1021 nunc
591 983 688 1021 mihi
726 995 766 1022 es
804 985 943 1022 auctor
979 984 1025 1022 ut
1061 983 1206 1022 faciam
1244 982 1464 1023 Palaestrio
1502 983 1548 1022 de
1586 981 1829 1023 concubina’.

299 1041 377 1081 Oic.
404 1042 442 1080 in
471 1042 581 1080 Verr.
607 1043 670 1081 III
699 1044 765 1092 18,
792 1043 846 1081 45
881 1039 1005 1093 ‘quod
1037 1042 1194 1093 quidem
1315 1044 1425 1083 nullo
1458 1057 1647 1094 umquam
1677 1043 1724 1083 de
1762 1044 1830 1083 ho-

297 1101 403 1140 mine
446 1102 595 1141 factum
639 1099 725 1142 est’.
794 1104 888 1141 conf
921 1102 1214 1142 Friedlaenderi
1258 1102 1390 1142 adnot.
1433 1103 1483 1142 ad
1521 1103 1682 1142 Mart.1
1711 1104 1777 1153 18,
1804 1104 1828 1142 5

297 1161 538 1201 Rothsteinii
582 1162 632 1200 ad
669 1162 846 1213 Propert.
872 1163 914 1202 H
942 1163 994 1201 18
1015 1162 1040 1201 b
1062 1164 1116 1202 29
1156 1162 1356 1202 Giussanii
1400 1163 1452 1202 ad
1488 1162 1642 1202 Lucret.
1669 1163 1705 1200 V
1734 1163 1829 1203 154.

418 1215 529 1261 499.
561 1221 713 1261 Nonius
739 1235 776 1272 p.
806 1223 902 1271 213,
931 1223 984 1261 18
1019 1219 1276 1261 ‘Medimnum
1308 1222 1460 1274 generis
1487 1224 1627 1262 neutri.
1677 1235 1829 1263 mascu-

296 1281 369 1320 lini
395 1281 571 1320 Lucilius
597 1283 822 1332 satyrarum
847 1282 914 1320 lib.
941 1281 1013 1320 XV
1042 1279 1232 1332 “praeter
1252 1313 1258 1320 .
1281 1313 1288 1320 .
1310 1315 1317 1322 .
1339 1283 1537 1321 seminisse
1563 1277 1640 1336 (ita
1664 1282 1828 1322 Leiden-

297 1340 368 1380 sis:
405 1342 564 1380 seminis
596 1341 945 1392 Guelferbytanus:
982 1343 1138 1381 semisse
1174 1336 1376 1395 impressi)
1405 1373 1411 1380 .
1441 1373 1447 1380 .
1476 1373 1483 1380 .
1503 1343 1642 1391 plures
1680 1338 1830 1395 (pluris

297 1396 500 1454 impressi)
522 1431 528 1439 .
550 1432 557 1438 .
581 1431 588 1439 .
608 1398 888 1441 medimnus’'.'
951 1401 1153 1440 Leidensis
1185 1401 1329 1441 codicis
1360 1401 1517 1441 bonitas
1548 1402 1622 1440 hoc
1653 1403 1739 1441 loco
1770 1403 1829 1440 in-

296 1460 436 1511 primis
456 1461 720 1512 intellegitur:
753 1462 991 1512 archetypus
1013 1461 1155 1500 habuit
1179 1462 1378 1500 seminisse
1403 1475 1474 1512 pro
1498 1462 1654 1501 semisse
1679 1474 1756 1511 quo
1782 1461 1829 1500 de

296 1533 437 1572 genere
475 1520 665 1560 uitiorum
704 1520 786 1572 egit
816 1521 866 1559 H.
886 1521 1084 1560 Vsenerus
1115 1521 1214 1560 Mus.
1246 1521 1369 1560 Rhen.
1396 1521 1487 1560 LVI
1515 1522 1625 1561 1901
1661 1535 1697 1572 p.
1726 1522 1828 1561 305:

295 1581 389 1619 conf
416 1580 591 1632 prolegg.
619 1594 655 1631 p.
684 1580 819 1619 CXIV.
883 1580 968 1627 Quo
1000 1582 1179 1631 spectent
1209 1581 1344 1631 uerba,
1378 1581 1445 1619 uix
1476 1580 1612 1620 licebit
1643 1582 1827 1620 statuere.

295 1639 464 1679 Videtur
495 1640 559 1692 agi
593 1640 640 1679 de
673 1653 851 1680 annonae
883 1641 1068 1690 caritate,
1107 1653 1186 1691 qua
1221 1654 1292 1691 per
1329 1641 1505 1692 singulos
1542 1641 1624 1680 dies
1662 1642 1830 1692 augetur

295 1699 417 1739 modii
454 1701 571 1739 unius
608 1701 799 1751 pretium,
842 1701 902 1739 ita
938 1702 984 1739 ut
1021 1700 1163 1739 tertius
1207 1700 1275 1750 qui
1319 1700 1463 1739 emitur
1505 1699 1658 1739 modius
1702 1701 1828 1750 pluris

295 1762 439 1799 ueneat
483 1772 603 1810 quam
645 1761 754 1799 totus
798 1761 917 1799 antea
959 1760 1198 1809 medimnus,
1236 1762 1260 1798 i.
1295 1774 1325 1800 e.
1361 1759 1484 1798 modii
1529 1773 1604 1799 sex.
1673 1759 1828 1800 Primus

294 1819 448 1858 modius
481 1821 652 1869 semisse,
685 1820 878 1858 secundus
911 1820 1154 1870 quincuplici
1184 1821 1297 1859 uenit
1327 1821 1468 1871 pretio,
1505 1820 1546 1858 id
1578 1821 1638 1859 est
1668 1833 1827 1859 nummo

295 1879 478 1918 sestertio
511 1879 594 1918 siue
626 1879 778 1919 assibus
810 1879 962 1919 duobus
994 1881 1034 1918 et
1064 1880 1241 1929 semisse3
1272 1881 1380 1919 totus
1405 1879 1625 1919 medimnus
1651 1880 1685 1919 si
1711 1880 1829 1918 antea

293 1938 458 1978 uenibat
488 1940 640 1978 sexiens
672 1939 843 1988 semisse,
875 1939 898 1977 i.
926 1952 957 1978 e.
988 1939 1115 1978 tribus
1146 1939 1311 1989 assibus,
1344 1941 1511 1990 apparet
1542 1940 1669 1990 pretio
1700 1939 1827 1978 denuo

294 2000 410 2037 aucto
442 1998 605 2037 tertium
642 1998 820 2037 modium
855 1997 936 2036 iam
967 1999 1093 2048 pluris
1129 2011 1211 2038 esse
1249 2012 1366 2049 quam
1406 2000 1536 2038 totum
1573 1999 1826 2038 medimnum.

293 2058 435 2108 Itaque
467 2057 522 2096 sic
553 2059 634 2096 fere
665 2059 902 2097 sententiam
933 2058 1135 2108 suppleas:
1167 2059 1295 2097 carior
1325 2059 1366 2096 in
1399 2058 1481 2097 dies
1501 2058 1633 2099 >fiebat
1658 2071 1826 2107 annona,

294 2119 373 2156 tres
399 2113 526 2156 tribus
553 2117 690 2156 diebus
717 2118 948 2156 emebantur
971 2117 1108 2166 modii,
1134 2119 1202 2168 qui
1228 2118 1326 2155 nihil
1351 2119 1456 2156 inter
1482 2130 1521 2156 se
1548 2117 1695 2156 diuersi
1714 2119 1827 2156 erant

293 2178 573 2227 praeterquam
605 2177 645 2215 in
677 2177 822 2228 pretio:
858 2178 1009 2227 primus
1041 2178 1219 2227 semisse,
1250 2177 1443 2217 secundus
1476 2190 1653 2225 nummo,
1684 2178 1825 2216 tertius

294 2237 419 2287 pluris
452 2238 538 2275 erat
569 2249 689 2287 quam
721 2238 827 2276 totus
859 2237 1090 2276 medimnus.
1153 2237 1212 2275 De
1243 2237 1376 2276 tritico
1409 2237 1476 2288 agi
1506 2236 1711 2287 probabile
1747 2249 1826 2275 non

294 2298 354 2335 est
385 2297 480 2346 quia
510 2297 664 2336 modius
704 2297 831 2336 tritici
867 2310 945 2335 non
982 2299 1141 2347 poterat
1177 2297 1312 2335 uenire
1350 2296 1509 2336 semisse
1541 2290 1826 2350 (Marquardtii

293 2356 525 2396 Mommseni
575 2356 761 2395 enchirid.
794 2357 944 2406 antiqu.
977 2357 1088 2395 Rom.
1115 2356 1151 2393 V
1178 2352 1334 2409 [1884]
1374 2371 1411 2407 p.
1441 2358 1541 2406 111,
1575 2350 1640 2409 8):
1692 2356 1826 2407 agitur

292 2415 426 2466 potius
458 2416 505 2455 de
537 2416 641 2455 farre
675 2416 740 2455 uel
776 2416 935 2455 hordeo.
997 2416 1127 2455 Aliter
1164 2417 1417 2467 comparatus
1455 2417 1515 2455 est
1545 2415 1679 2454 Plauti
1716 2415 1824 2454 locus

292 2475 410 2514 Poen.
438 2477 524 2515 330
538 2482 663 2526 seqq.':
698 2473 819 2526 ‘quod
849 2476 928 2515 fuit
957 2477 999 2514 in
1030 2473 1174 2526 pretio'
1207 2475 1319 2514 Lucr.
1346 2475 1383 2512 V
1411 2477 1536 2514 1277.
1565 2475 1689 2513 1273.

413 2529 522 2575 501.
554 2536 709 2575 Nonius
739 2549 777 2586 p.
806 2536 904 2584 445,
933 2537 985 2574 18
1019 2548 1065 2574 ex
1096 2535 1355 2587 grammatico
1388 2532 1617 2574 ‘Acerosum
1653 2547 1824 2584 namque

292 2608 436 2644 panem
472 2595 574 2634 ferre
612 2590 757 2648 (farre)
798 2596 927 2634 minus
964 2594 1150 2646 purgatio
1194 2588 1422 2647 (purgato),
1465 2607 1535 2633 nec
1578 2593 1757 2633 sordibus
1801 2607 1824 2631 a

211 2679 216 2683 -
294 2654 460 2693 candido
492 2656 677 2705 separato
709 2649 920 2707 (separatis
945 2654 988 2693 L.
1014 2648 1246 2707 Muellerus)
1279 2653 1487 2693 dicendum
1518 2655 1670 2692 ueteres
1707 2654 1823 2704 puta-

292 2715 446 2753 uerunt.
497 2714 675 2753 Lucilius
706 2714 773 2753 lib.
800 2714 873 2752 XV
906 2711 1039 2764 “quae
1071 2714 1219 2766 gallam
1250 2715 1385 2753 uiuere
1405 2744 1412 2751 .
1435 2744 1441 2752 .
1464 2744 1471 2751 .
1492 2713 1642 2752 uentris
1664 2742 1670 2750 .
1692 2742 1700 2750 .
1723 2743 1730 2750 .
1750 2713 1824 2751 olei

293 2772 509 2813 decumano
539 2786 643 2823 pane
674 2785 838 2813 cumano
876 2770 1048 2825 coegit”.
1110 2775 1205 2812 tunc
1242 2767 1380 2826 (hunc)
1420 2772 1561 2812 Graeci
1597 2770 1823 2823 αὐτόπυρον

292 2830 462 2872 uocant'.
524 2833 673 2872 Paulus
705 2846 751 2871 ex
781 2833 899 2872 Festo
924 2846 962 2883 p.
991 2834 1058 2884 96,
1085 2834 1109 2872 3
1144 2830 1318 2871 ‘Gallam
1347 2832 1480 2871 bibere
1512 2845 1557 2871 ac
1587 2843 1707 2883 rugas
1731 2843 1821 2870 con-

293 2891 432 2930 ducere
463 2894 593 2931 uentri
623 2905 712 2931 cum
743 2892 801 2931 ait
830 2891 1025 2942 Lucilius,
1061 2893 1293 2943 praemonet
1322 2891 1564 2941 parsimonia
1596 2903 1678 2930 esse
1709 2891 1821 2928 uten-

293 2950 385 2988 dum
417 2964 543 3000 neque
580 2952 697 3002 gulae
732 2951 1017 3002 indulgendum
1054 2953 1311 3000 uentremque
1348 2947 1632 2990 coartandum'.
1695 2949 1821 2999 Galla,

294 3006 426 3060 ὀξίνης
459 3005 579 3061 οἶνος,
610 3010 714 3050 unde
746 3010 895 3050 dictum
927 3012 991 3060 sit,
1022 3024 1101 3049 non
1131 3011 1267 3060 liquet.
1330 3010 1539 3049 Probabile
1572 3011 1632 3048 est
1668 3009 1821 3048 acidam
