2060 3444
712 299 842 337 incert.
869 300 946 337 sed.
973 312 1010 338 u.
1038 302 1286 337 1207—1210.
1681 299 1769 343 333

233 415 384 454 tionem
415 413 522 465 apud
547 413 760 453 Horatium
792 416 861 465 qui
895 414 1017 454 habet
1053 415 1203 454 lumbos
1239 427 1312 465 pro
1349 417 1490 464 costas,
1527 415 1668 454 ulceret
1703 427 1777 465 pro

230 477 431 524 premeret,
462 485 576 513 onere
606 487 679 525 pro
710 476 926 523 yrauitate:
957 474 1064 525 quod
1089 474 1267 514 Lucilius
1298 476 1487 525 posuerat
1511 488 1582 525 pro
1601 475 1777 523 pondere

234 534 355 574 sicuti
385 534 433 573 de
466 533 628 573 muliere
661 534 829 585 grauida
862 532 1029 573 Ouidius
1061 537 1220 573 metam.
1246 534 1304 572 IX
1332 535 1415 573 288
1449 531 1655 573 ‘tendebat
1685 548 1773 586 gra-

231 594 338 634 uitas
369 596 526 633 uterum
558 591 670 632 mihi'
693 594 810 634 ,idem
835 594 871 632 X
899 595 982 633 506
1017 590 1163 633 ‘tendit
1194 607 1294 634 onus
1319 590 1516 633 matrem'.
1567 594 1687 633 Libro
1712 595 1775 634 m

232 653 528 705 adscripserunt
558 654 650 693 inde
682 667 706 692 a
739 654 876 693 Dousa
906 656 1039 705 patre:
1070 654 1225 694 tardius
1256 655 1412 694 ibamus
1444 653 1550 705 quod
1581 656 1659 694 iter
1690 659 1777 694 erat

232 714 375 753 durum
425 708 536 766 (uide
579 714 630 753 ad
673 714 740 753 lib.
766 714 829 753 III
859 728 896 754 u.
933 715 1016 754 110
1031 708 1160 768 seqq.)
1210 716 1251 753 et
1299 715 1476 754 mantica
1525 715 1775 754 cantherium

231 774 438 826 premebat
469 775 567 814 satis
599 774 744 825 ampla.

355 829 497 875 1208.
529 833 677 873 Paulus
716 847 762 873 ex
796 834 914 874 Festo
946 848 984 886 p.
1014 835 1111 884 132,
1140 836 1194 874 10
1228 831 1419 874 ‘Mantisa
1456 834 1775 874 additamentum

232 894 380 934 dicitur
408 895 550 946 lingua
581 894 722 944 Tusca,
753 894 859 945 quod
889 895 1058 945 ponderi
1085 894 1270 944 adicitur,
1302 895 1371 934 sed
1402 895 1576 934 deterius
1603 897 1643 934 et
1669 896 1776 945 quod

231 955 316 995 sine
355 954 439 994 ullo
476 967 552 994 usu
588 956 659 994 est.
726 954 905 994 Lucilius
951 952 1156 994 “mantisa
1199 955 1364 994 obsonia
1405 952 1590 994 uincit''.’
1661 954 1774 994 Com-

230 1015 393 1066 parauit
423 1013 467 1053 L.
487 1014 702 1054 Muellerus
744 1015 1000 1065 prouerbium
1045 1012 1100 1054 ‘la
1143 1027 1259 1055 sauce
1303 1017 1402 1055 vaut
1441 1015 1574 1054 mieux
1617 1028 1693 1066 que
1736 1016 1774 1054 le

230 1072 406 1125 poisson'
434 1074 628 1125 probante
653 1075 886 1127 Plasbergio
911 1075 1011 1115 Mus.
1038 1075 1162 1116 Rhen.
1187 1075 1280 1114 LIV
1309 1075 1421 1115 1899
1449 1089 1487 1126 p.
1516 1076 1600 1114 639
1632 1076 1700 1126 qui
1726 1075 1774 1114 de

230 1134 406 1174 mantisa
445 1134 641 1174 uocabulo
685 1136 768 1187 egit
810 1135 1002 1186 pluribus.
1079 1134 1311 1186 Comparari
1354 1137 1488 1186 potest
1532 1135 1774 1175 Graecorum

232 1208 334 1246 quae
364 1195 457 1234 inde
489 1209 512 1234 a
537 1195 804 1234 Demosthene
830 1189 1015 1249 (Olynth.
1040 1195 1082 1234 Π
1111 1196 1165 1234 14
1191 1195 1254 1234 ΙΠ
1281 1190 1356 1250 31)
1388 1196 1593 1234 inuenitur
1624 1196 1773 1235 locutio

230 1253 274 1295 ἐν
304 1253 542 1307 προσθήκης
573 1253 791 1307 μέρειιᾳιιιι
821 1255 869 1294 de
901 1255 1016 1295 docte
1055 1258 1095 1294 et
1131 1257 1288 1306 copiose
1326 1256 1411 1307 egit
1441 1255 1774 1306 Wyttenbachius

231 1315 282 1354 ad
308 1315 411 1354 Plut.
437 1315 535 1354 Mor.
561 1329 599 1366 p.
624 1316 677 1355 21
694 1315 749 1354 D:
779 1315 1034 1367 prouerbium
1066 1315 1112 1355 αἱ
1139 1315 1320 1368 λαχάνων
1350 1319 1580 1369 προσθῆκαι
1612 1318 1774 1355 enarrat

231 1375 398 1427 Diogen.
424 1375 466 1414 II
492 1376 545 1414 52
590 1373 655 1414 ἐπὶ
696 1380 775 1415 τῶν
819 1373 944 1427 μηδὲν
987 1373 1264 1427 ὠφελούντων,
1308 1374 1447 1427 ὅμοιον
1490 1374 1534 1415 τὸ
1568 1375 1773 1416 Δαιδάλου

230 1434 350 1488 πτερά
383 1447 461 1486 quo
493 1435 540 1474 de
571 1435 783 1486 prouerbio
811 1435 961 1475 ibidem
987 1437 1124 1488 agitur
1148 1436 1206 1474 IV
1234 1436 1288 1475 25
1321 1434 1385 1475 ἐπὶ
1415 1441 1494 1475 τῶν
1527 1431 1573 1475 δι’
1602 1434 1774 1490 ἀπορίαν

229 1493 440 1548 χρωμένων
482 1494 697 1552 προσθήκῃ
740 1495 1001 1552 παρελκούσῃ.
1074 1496 1214 1535 Alexis
1244 1495 1346 1535 OAF
1370 1496 1412 1535 Π
1443 1510 1480 1547 p.
1510 1497 1607 1546 397,
1636 1498 1718 1535 271
1735 1496 1772 1535 Κ

230 1558 332 1608 τρεῖς
357 1550 394 1595 δ’
430 1550 612 1610 (ἡδοναὶ)
651 1554 751 1595 εἰσὶν
787 1555 873 1596 αἵδε
910 1554 985 1608 τὴν
1022 1555 1196 1608 δύναμιν
1231 1554 1464 1608 κεκτημέναι
1586 1555 1628 1596 τὸ
1666 1559 1773 1596 πιεῖν

230 1613 274 1655 τὸ
312 1618 457 1668 φαγεῖν
494 1614 537 1655 τὸ
573 1620 644 1667 τῆς
676 1611 916 1668 Ἀφροδίτης
958 1615 1181 1668 τυγχάνειν
1225 1614 1272 1655 τὰ
1313 1612 1350 1655 δ’
1396 1614 1494 1655 ἄλλα
1536 1616 1774 1669 προσθήκας

229 1674 386 1714 ἅπαντα
416 1673 488 1728 χρὴ
520 1677 666 1716 καλεῖν.
723 1672 964 1730 (Antiphan.
992 1675 1106 1715 GAF
1131 1676 1173 1715 II
1202 1690 1240 1726 p.
1271 1676 1406 1716 1001(
1436 1676 1548 1716 Paul.
1582 1690 1629 1715 ex
1666 1677 1772 1716 Fest.

230 1749 268 1786 p.
298 1737 366 1785 14,
394 1737 446 1774 17
482 1732 722 1775 ‘auctarium
752 1736 939 1776 dicebant
969 1737 1139 1786 antiqui,
1171 1736 1277 1787 quod
1308 1749 1428 1787 super
1454 1749 1683 1776 mensuram
1707 1737 1773 1776 uel

230 1795 385 1845 pondus
415 1797 568 1835 iustum
599 1795 848 1836 adiciebatur
877 1798 924 1836 ut
954 1798 1135 1836 cumulus
1167 1798 1334 1835 uocatur
1363 1797 1406 1835 in
1431 1791 1613 1850 modio').
1658 1797 1773 1835 Dixit

230 1855 408 1895 Lucilius
451 1858 523 1894 aut
566 1856 774 1896 edentibus
818 1858 891 1895 aut
933 1856 1155 1896 ementibus
1199 1856 1366 1896 obsonia
1407 1870 1469 1896 res
1513 1857 1613 1896 uiles
1657 1857 1772 1897 datas

230 1916 352 1955 fuisse
382 1928 455 1966 pro
487 1915 788 1955 additamentis:
825 1929 892 1956 eas
922 1929 984 1956 res
1016 1918 1102 1956 siue
1135 1916 1186 1956 ad
1217 1919 1458 1968 apparatum
1495 1918 1613 1968 coqui
1650 1918 1772 1968 perti-

230 1977 327 2015 nent
351 1977 436 2015 siue
462 1976 513 2015 ad
538 1989 678 2015 ueram
703 1976 905 2027 quandam
931 1977 1086 2016 olitoris
1110 1977 1283 2027 improbi
1305 1976 1546 2030 προσθήκην
1565 1990 1771 2028 superasse

230 2037 360 2086 pretio
398 2035 564 2075 obsonia
599 2037 700 2088 ipsa.
761 2037 864 2075 Vide
903 2037 955 2076 ad
990 2037 1128 2076 incert.
1154 2051 1192 2076 u.
1221 2038 1347 2077 1200.
1410 2037 1670 2076 Prouerbium
1708 2051 1771 2088 ap.

231 2095 379 2136 Arnob.
405 2096 495 2135 adu.
520 2098 603 2136 nat.
627 2097 666 2135 V
692 2098 748 2135 44
782 2090 1025 2147 ‘addidistis,
1063 2099 1109 2136 ut
1139 2097 1304 2147 dicitur,
1342 2110 1438 2149 garo
1477 2095 1626 2149 gerem’
1667 2110 1771 2137 com-

230 2155 393 2207 parauit
423 2155 519 2196 Otto
551 2156 599 2195 de
630 2156 853 2207 prouerbiis
877 2171 916 2208 p.
941 2157 988 2196 R.
1013 2171 1051 2208 p.
1081 2158 1178 2197 153.

354 2210 496 2256 1209.
533 2216 683 2256 Lucilii
717 2230 862 2256 nomen
899 2217 933 2257 si
971 2220 1077 2257 recte
1122 2218 1182 2257 est
1223 2217 1434 2267 traditum,
1478 2217 1526 2256 de
1569 2219 1772 2257 structura

230 2276 342 2315 heroi
371 2278 491 2326 poeta
521 2276 704 2327 pluribus
736 2279 889 2329 egerat,
928 2290 973 2316 eo
1011 2278 1054 2316 ni
1090 2277 1211 2317 fallor
1247 2278 1334 2317 loco
1372 2277 1441 2316 ubi
1472 2278 1594 2316 Ennii
1631 2291 1771 2318 uersus

230 2335 399 2388 frigidos
431 2337 718 2388 castigauerat:
749 2336 841 2375 uide
867 2336 919 2375 ad
942 2337 1080 2377 incert.
1105 2351 1143 2376 u.
1173 2338 1300 2376 1190.
1344 2336 1510 2383 Quintil.
1530 2338 1631 2376 Vm
1655 2339 1693 2388 3,
1714 2340 1770 2378 20

231 2392 292 2435 ‘at
309 2395 480 2448 Vergilii
505 2397 699 2435 miramur
716 2396 818 2436 illud
838 2393 989 2448 “saepe
1009 2398 1173 2449 exiguus
1191 2393 1323 2436 mus''.
1374 2410 1467 2436 nam
1493 2398 1721 2448 epitheton.
1738 2430 1745 2437 .
1762 2429 1770 2438 .

231 2457 437 2507 proprium
468 2456 597 2496 effecit
627 2470 676 2495 ne
707 2457 799 2507 plus
832 2459 1144 2507 expectaremus,
1177 2459 1218 2496 et
1248 2469 1362 2497 casus
1394 2458 1609 2509 singularis
1641 2459 1771 2510 magis

231 2516 375 2566 decuit,
401 2518 441 2556 et
465 2517 646 2556 clausula
670 2517 759 2567 ipsa
783 2518 901 2556 unius
926 2517 1106 2568 syllabae
1125 2529 1205 2557 ιιοιι
1223 2517 1375 2557 usitata
1394 2517 1550 2557 addidit
1568 2516 1770 2570 gratiam’.

230 2575 351 2615 Libro
376 2575 434 2615 IX
463 2578 610 2616 temere
640 2577 842 2616 tribuitur.

354 2630 496 2677 1210.
522 2632 664 2689 [Acro]
693 2637 746 2676 ad
763 2637 923 2677 Horatii
947 2650 1062 2677 serm.
1087 2637 1130 2676 ΙΙ
1155 2639 1195 2687 4,
1222 2638 1276 2675 32
1305 2634 1461 2676 ‘Murex
1486 2639 1621 2677 autem
1646 2650 1771 2690 genus

231 2697 293 2734 est
327 2695 457 2746 piscis.
524 2694 751 2736 Lucilius‘
757 2693 987 2748 ‘murexque
1027 2694 1219 2737 marinus’
1224 2693 1265 2735 ’.'
1334 2697 1473 2737 Murex
1517 2699 1578 2738 est
1620 2699 1771 2738 concha

231 2755 374 2794 similis
403 2768 605 2806 purpurae
637 2769 717 2807 qua
748 2760 796 2796 de
827 2759 979 2809 egimus
1004 2757 1055 2796 ad
1079 2757 1148 2796 lib.
1173 2728 1299 2796 111'u.
1328 2758 1424 2797 132.
1474 2757 1617 2797 Latine
1647 2760 1770 2797 etiam

233 2815 416 2854 bucinum
450 2818 635 2866 uocatur,
680 2815 828 2856 Graece
871 2816 995 2870 κήρυξ
1035 2812 1156 2871 (Plin.
1182 2819 1264 2857 nat.
1289 2818 1381 2857 hist.
1407 2817 1463 2856 IX
1492 2812 1596 2872 130)
1639 2831 1769 2868 neque

231 2875 367 2913 tamen
398 2874 624 2915 distinxisse
655 2875 827 2915 diximus
852 2876 1018 2916 Latinos
1048 2877 1171 2927 uulgo
1201 2877 1307 2916 inter
1336 2890 1556 2927 purpuram
1582 2879 1624 2916 et
1647 2879 1770 2916 muri-

233 2946 318 2972 cem
348 2934 374 2972 l.
401 2947 429 2973 s.
456 2947 485 2973 s.
547 2935 607 2974 De
638 2936 856 2974 muricibus
886 2936 1061 2975 Martial.
1086 2936 1186 2974 XIII
1212 2937 1266 2974 87
1301 2933 1520 2987 ‘Sanguine
1552 2936 1601 2975 de
1632 2939 1768 2976 nostro

232 2993 380 3032 tinctas
410 2994 567 3045 ingrate
597 2994 777 3034 lacernas
808 2995 954 3043 induis,
984 2998 1025 3034 et
1055 3008 1133 3034 non
1165 2997 1225 3035 est
1249 2996 1324 3034 hoc
1349 2996 1458 3045 satis,
1491 3008 1580 3035 esca
1603 2994 1769 3036 sumus’.

231 3052 370 3092 Murex
401 3053 581 3096 marinus
612 3054 718 3104 quod
749 3055 909 3106 scripsit
935 3054 1126 3106 Lucilius,
1156 3055 1362 3106 epitheton
1391 3054 1481 3094 ideo
1513 3055 1607 3095 addi
1636 3056 1770 3096 uoluit
