2060 3444
718 322 820 359 xxv
846 335 880 359 u.
908 325 988 359 586.
1039 321 1157 358 XXVI
1182 333 1219 357 u.
1246 324 1328 357 587.
1710 318 1798 362 219

252 438 369 478 cilius
394 436 505 477 XXV
544 434 733 478 “Arabus
770 433 997 477 Artemo”.’
1066 437 1157 476 Non
1196 437 1257 476 est
1294 434 1402 486 quod
1440 434 1596 474 dubites
1635 433 1683 473 de
1722 433 1798 473 fide

252 498 407 537 numeri
431 496 555 547 XXV,
586 498 683 548 quia
711 499 804 547 apte
831 498 982 549 cogites
1007 496 1056 535 de
1083 509 1197 536 seruo
1223 495 1388 535 Lucilii:
1420 507 1563 534 nomen
1590 494 1797 545 proprium

252 557 411 598 Artemo
448 558 602 608 primus
639 558 683 597 ni
723 557 843 597 fallor
879 557 1146 596 Baehrensius
1188 555 1443 608 significauit.
1512 553 1717 600 Quomodo
1735 554 1797 611 ‘in

252 620 380 658 metro
412 617 610 669 dactylico
642 618 775 668 posita
807 618 957 657 fuerint
987 617 1085 656 haec
1116 615 1251 664 uerba,
1287 615 1498 655 obscurum
1529 616 1599 654 est.
1652 613 1696 653 Si
1727 627 1799 652 nu-

253 691 404 719 merum
436 678 531 717 libri
568 679 799 728 corruptum
837 690 921 717 esse
960 678 1136 716 statuere
1174 677 1322 716 rectius
1360 675 1539 724 uidetur,
1575 674 1798 714 trochaicus

253 750 437 778 numeros
483 738 611 778 ueluti
651 738 746 777 libri
771 737 903 777 XXVI
947 737 1064 777 facile
1109 748 1320 788 agnoscas:
1364 736 1430 776 cui
1472 735 1622 774 rationi
1665 733 1800 774 obstat

255 799 362 839 serui
393 811 554 849 nomen,
592 798 707 850 quod.
730 798 924 838 librorum
955 796 1242 836 XXH—-XXV
1273 808 1357 836 esse
1394 795 1467 834 illa
1498 794 1624 834 uerba
1660 794 1801 833 confir*

253 860 346 899 met.
408 858 566 899 Arabus
597 858 779 898 Lucilius
810 859 930 898 sicuti
960 857 1185 908 Aethiopus
1217 857 1284 896 lib.
1310 855 1369 895 IV
1394 869 1430 895 u.
1461 855 1557 894 159.

923 1174 1119 1231 XXVI.

373 1280 554 1320 Primum
609 1282 651 1320 et
704 1281 1024 1320 uetustissimum
1080 1280 1202 1319 fuisse
1258 1280 1436 1318 omnium
1491 1278 1598 1317 hunc
1654 1277 1801 1316 librum

256 1342 509 1392 exposuimus
547 1341 724 1393 prolegg.
750 1355 790 1391 p.
816 1341 926 1380 XXX
940 1352 1049 1391 seqq.
1087 1342 1128 1380 et
1165 1339 1215 1379 ad
1253 1353 1318 1379 uu.
1347 1339 1602 1387 592—596,
1646 1337 1716 1377 ubi
1752 1338 1801 1377 de

254 1403 433 1452 tempore
478 1414 556 1452 quo
601 1402 846 1452 compositus
890 1400 1013 1440 fuerit
1056 1401 1192 1440 actum
1238 1402 1315 1440 est:
1362 1399 1454 1438 uide
1499 1400 1707 1449 praeterea
1750 1398 1802 1437 ad

255 1475 322 1501 uu.
350 1462 435 1500 678
451 1474 559 1512 seqq.
609 1461 706 1501 Tres
738 1463 896 1501 saturas
923 1460 1200 1513 discripsimus
1226 1461 1404 1512 prolegg.
1431 1474 1468 1511 p.
1496 1458 1606 1498 CXII
1632 1471 1802 1509 quarum

255 1523 385 1573 prima
415 1535 481 1561 uu.
509 1522 745 1561 587—634
783 1522 832 1561 de
868 1534 975 1562 noua
1012 1534 1084 1560 sua
1120 1522 1234 1572 poesi
1275 1522 1412 1572 egerat
1447 1521 1585 1570 poeta,
1629 1518 1802 1558 secunda

258 1583 462 1622 635—67
468 1583 492 1621 5
526 1583 623 1622 item
655 1581 703 1621 de
734 1583 847 1633 poesi
878 1594 951 1621 sua
981 1583 1023 1620 et
1053 1581 1101 1620 de
1133 1582 1243 1620 uitae
1274 1593 1369 1620 suae
1402 1579 1645 1629 condicione,
1680 1579 1802 1618 tertia

257 1642 490 1681 676—687
519 1642 568 1681 de
592 1642 825 1682 mulieribus
852 1643 893 1682 et
917 1642 965 1681 de
990 1642 1259 1681 matrimonio.
1302 1640 1473 1691 Scripsit
1497 1640 1645 1679 librum
1670 1638 1803 1678 XXVI

256 1704 328 1741 aut
357 1703 490 1742 totum
521 1703 593 1741 aut
622 1704 780 1753 partem
811 1703 896 1741 eius
931 1701 982 1740 ad
1020 1701 1332 1751 adulescentem,
1370 1702 1441 1752 qui
1476 1699 1670 1740 historiae
1707 1711 1800 1738 con-

255 1762 485 1802 scribendae
517 1775 679 1814 operam
710 1762 850 1802 dabat:
881 1761 974 1801 uide
1004 1762 1055 1801 ad
1079 1775 1116 1801 u.
1146 1762 1244 1801 612.
1295 1760 1484 1800 Saturam
1514 1761 1687 1812 primam
1711 1760 1803 1799 imi-

257 1824 367 1863 tatus
399 1824 461 1862 est
491 1822 686 1862 Horatius
712 1835 826 1862 serm.
851 1822 894 1861 Π
921 1825 956 1861 1.

379 1877 489 1923 587.
522 1882 677 1922 Nonius
702 1897 740 1935 p.
770 1884 867 1933 191,
896 1884 949 1922 19
985 1879 1163 1934 ‘Angues
1195 1881 1418 1922 masculino
1451 1893 1595 1933 genere
1633 1880 1802 1920 dici...

256 1943 434 1982 Lucilius
460 1942 528 1982 lib.
554 1942 687 1982 XXVI
713 1939 824 1983 “nisi
844 1973 852 1981 .
875 1974 882 1981 .
905 1974 911 1981 .
933 1938 1169 1982 scribitis''.’
1213 1941 1325 1981 Idem
1350 1955 1387 1992 p.
1409 1942 1508 1991 436,
1531 1943 1554 1980 7
1582 1937 1803 1989 ‘Por-tenta,

257 2004 415 2043 ostenta
459 2016 560 2054 quae
605 2003 761 2054 aliquid
803 2003 997 2042 inminere
1041 2002 1281 2054 significant.
1358 2001 1538 2041 Lucilius
1576 2001 1644 2040 lib.
1670 2001 1804 2039 XXVI

258 2059 369 2103 “nisi
395 2095 402 2102 .
431 2095 438 2102 .
467 2094 474 2101 .
500 2063 677 2103 uolucres
705 2094 710 2102 .
740 2095 747 2102 .
776 2095 783 2102 .
810 2059 1046 2104 scribitis’'.'
1109 2062 1272 2115 Angues
1314 2062 1496 2102 uolucres
1535 2062 1576 2100 et
1612 2062 1802 2112 pinnatos

256 2123 434 2164 scribunt
465 2124 502 2163 ei
534 2124 603 2174 qui
634 2123 683 2163 de
714 2123 888 2163 Arabiae
921 2125 963 2163 et
987 2122 1167 2175 Aegypti
1192 2124 1389 2174 portentis
1416 2122 1650 2162 fabulantur
1675 2121 1803 2160 ueluti

257 2182 413 2224 Aelian.
445 2183 537 2223 hist.
565 2185 683 2223 anim.
709 2183 751 2223 II
778 2185 832 2224 38
871 2181 938 2223 καὶ
968 2182 1120 2223 τούτων
1157 2183 1202 2222 αἱ
1235 2181 1416 2235 μέλαιναι
1452 2181 1546 2230 τοὺς
1582 2179 1805 2235 πτερωτοὺς

258 2241 371 2295 ὄφεις
402 2242 441 2292 ἐξ
469 2239 654 2296 Ἀραβίας
686 2241 725 2292 ἐς
750 2243 958 2297 Αἴγυπτον
990 2245 1204 2297 παρελθεῖν
1236 2241 1311 2283 οὐκ
1339 2240 1604 2296 ἐπιτρέπουσι,
1635 2247 1704 2293 τῆς
1729 2246 1803 2294 γῆς

257 2309 326 2356 τῆς
358 2303 479 2355 φίλης
509 2305 845 2356 προπολεμοῦσαιε
876 2305 1012 2343 tamen
1043 2303 1118 2343 hoc
1149 2303 1236 2343 loco
1266 2303 1541 2342 aduersarium
1571 2303 1734 2355 hortari,
1758 2303 1804 2340 ut

257 2364 439 2403 Lucilius
470 2365 648 2416 tragicae
678 2365 814 2414 potius
845 2376 1010 2415 poeseos
1041 2363 1236 2403 miracula
1266 2365 1392 2414 ponat
1423 2364 1557 2412 cartis,
1589 2364 1630 2402 et
1660 2363 1804 2410 anquis

258 2423 496 2463 uocabulum
534 2424 640 2474 quod
676 2423 908 2476 tragoediae
946 2425 1007 2463 est
1042 2425 1250 2475 proprium
1289 2425 1330 2463 et
1365 2423 1512 2474 probat
1550 2422 1677 2462 Persii
1713 2423 1802 2460 imi·

258 2485 361 2523 tatio
385 2483 406 2523 I
435 2484 487 2523 76
523 2480 599 2523 ‘est
629 2497 734 2523 nunc
764 2484 921 2524 Brisaei
952 2497 1070 2535 quem
1101 2495 1272 2524 uenosus
1303 2483 1405 2522 liber
1436 2482 1545 2533 Acci,
1579 2484 1673 2522 sunt
1703 2494 1802 2533 quos

258 2543 535 2595 Pacuuiusque
567 2545 607 2583 et
638 2557 852 2585 uerrucosa
882 2546 1059 2584 moretur
1089 2543 1287 2595 Antiopa,
1326 2544 1525 2583 aerumnis
1558 2555 1624 2581 cor
1657 2542 1802 2581 luctifi-

260 2603 387 2643 cabile
419 2603 524 2644 fulta
533 2599 568 2643 ‘?’
620 2603 785 2655 Spectat
815 2604 983 2645 Pacuuii
1014 2604 1175 2644 Medum
1210 2605 1321 2644 cuius
1359 2603 1574 2654 descriptio
1612 2601 1804 2654 anguium

260 2664 483 2704 uolantium
514 2665 602 2704 erat
632 2664 872 2705 clarissima:
904 2666 1087 2705 seruatus
1119 2666 1180 2704 est
1209 2676 1349 2704 uersus
1377 2665 1461 2703 397
1477 2663 1513 2702 R
1546 2659 1711 2715 ‘angues
1743 2663 1803 2701 in-

260 2724 397 2776 gentes
429 2724 545 2764 alites
579 2725 706 2764 iuncti
742 2722 851 2778 iugo'
892 2738 1010 2776 quem
1047 2737 1120 2776 pro
1158 2724 1319 2764 fabulae
1357 2724 1537 2774 exemplo
1575 2724 1691 2774 ponit
1724 2721 1802 2761 Cic.

259 2783 308 2822 de
338 2783 419 2822 inu.
444 2784 466 2824 I
492 2785 546 2823 27
573 2785 770 2835 multique
794 2787 1004 2836 praeterea
1028 2786 1213 2836 spectant
1237 2785 1463 2835 scriptores,
1495 2796 1666 2834 quorum
1690 2782 1803 2822 testi-

260 2844 395 2883 monia
428 2844 595 2884 collecta
632 2846 726 2884 sunt
762 2844 870 2896 apud
902 2844 1164 2884 Ribbeckium
1188 2845 1214 2883 l.
1242 2857 1271 2884 s.
1305 2843 1579 2895 Supplendum
1617 2844 1678 2881 est
1716 2839 1803 2882 ‘uos

259 2906 402 2954 poetae
432 2905 573 2955 populi
605 2904 782 2943 animum
813 2917 893 2944 non
924 2904 1067 2955 capitis
1099 2905 1178 2944 nisi
1208 2904 1404 2943 miracula
1435 2903 1609 2942 scribitis
1642 2903 1682 2942 et
1713 2914 1802 2953 por-

259 2959 388 3003 tenta’
428 2963 572 3014 quibus
609 2964 741 3003 uerbis
780 2964 1049 3014 aduersarius,
1088 2977 1206 3015 quem
1243 2963 1396 3003 inducit
1432 2964 1554 3014 poeta
1589 2962 1802 3002 interlocu-

260 3022 664 3123 toremhortatur
689 3036 738 3063 ne
763 3025 865 3064 tales
891 3036 1029 3064 uersus
1061 3023 1130 3063 ille
1162 3023 1352 3063 scriberet
1383 3023 1521 3074 quales
1548 3035 1689 3063 reuera
1717 3023 1805 3062 erat

259 3096 362 3135 scrip
482 3113 490 3121 .
