2060 3444
303 257 358 302 18
935 255 953 295 I
975 270 1012 296 u.
1039 258 1190 296 32-36.

421 367 499 414 32.
530 372 685 413 Nonius
715 385 752 424 p.
781 374 820 423 5,
846 373 902 413 30
935 370 1116 413 ‘Cinaedi
1146 373 1244 413 dieti
1273 375 1367 414 sunt
1391 371 1503 425 >apud
1532 374 1687 414 ueteres
1712 373 1832 415 salta-

300 435 405 473 tores
450 434 515 472 uel
557 433 804 484 pantomimi.
838 463 846 472 .
868 464 876 473 .
897 464 906 472 .
938 433 1115 473 Lucilius
1159 435 1385 484 satyrarum
1422 434 1488 472 lib.
1514 434 1535 473 I
1577 431 1732 474 “stulte
1763 465 1771 474 .
1792 465 1802 475 .
1822 465 1833 476 .

300 490 518 532 cinedos”.'
581 493 657 532 Dei
687 494 908 533 orationem
938 494 1013 532 hoc
1043 494 1252 543 prouerbio
1284 496 1465 533 ornatam
1497 506 1580 533 esse
1611 507 1659 533 ex
1688 507 1832 545 prono-

299 553 405 591 mine
449 556 483 591 te
526 554 695 604 apparet
738 554 856 592 sicuti
898 553 1152 603 prouerbium
1195 555 1256 593 est
1292 567 1329 592 u.
1357 554 1411 592 36
1455 553 1507 592 ad
1553 553 1617 592 dei
1665 554 1833 593 alicuius

301 613 494 651 orationis
527 612 633 662 quod
668 613 877 663 pertineat.
939 613 1083 663 Itaque
1112 612 1220 652 idem
1251 612 1451 664 significat
1480 613 1544 652 hic
1580 614 1693 652 stulte
1726 613 1834 664 quod

298 672 384 711 illic
415 674 456 711 et
485 673 529 711 in
559 673 650 711 aliis
681 671 902 723 prouerbiis
926 674 1066 711 &resume
1091 671 1424 723 prouerbiumque
1448 672 1554 711 idem
1578 673 1688 712 ualet
1712 674 1834 723 atque

298 732 372 770 illa
400 726 533 785 γλαῦκ’
567 730 624 779 εἰς
651 726 847 783 Ἀθήνας,
883 734 927 771 in
957 732 1103 772 siluam
1133 732 1245 783 ligna
1276 733 1413 771 insane
1444 732 1546 771 ferre
1577 726 1691 786 (Hor.
1717 745 1831 772 serm.

298 791 318 830 I
348 794 416 842 10,
442 786 537 846 35):
574 793 674 831 inter
704 793 858 831 uenisse
889 793 1068 832 cinaedos
1099 792 1338 831 collocatum
1368 794 1414 830 ut
1446 794 1548 831 inter
1583 792 1715 830 budere-
1750 793 1832 832 uir-

296 853 407 901 9ines
438 851 531 890 Hor.
559 864 677 890 carm.
703 851 765 890 ΙΠ
793 852 860 902 15,
887 852 925 890 5.

420 905 499 951 33.
524 911 652 950 Iulius
671 911 907 951 Rufinianus
927 911 975 950 de
999 911 1111 964 figur.
1133 912 1231 950 sent.
1252 913 1292 950 et
1311 911 1408 951 eloe.
1430 911 1486 950 30
1506 909 1574 949 RL
1593 924 1630 961 p.
1646 911 1716 960 45,
1731 910 1834 950 27H

301 968 583 1021 ‘Enthymema
619 970 665 1009 fit
701 983 790 1009 cum
827 971 1010 1021 periodos
1050 971 1243 1010 orationis
1286 984 1331 1009 ex
1375 970 1585 1010 contrariis
1627 971 1835 1010 sententiis

299 1030 548 1083 astringitur.
600 1031 707 1081 apud
738 1030 937 1069 Lucilium
970 1028 1034 1069 “si
1066 1044 1129 1069 me
1158 1032 1307 1069 nescire
1333 1031 1407 1069 hoc
1431 1031 1559 1070 nescis
1584 1029 1691 1080 quod
1716 1042 1833 1080 quae-

278 1085 384 1129 >rere
416 1090 504 1129 dico
537 1102 658 1141 quare
689 1090 847 1129 diuinas
879 1091 1091 1140 quicquam
1123 1093 1193 1128 aut
1223 1101 1345 1139 quare
1374 1089 1492 1128 debes
1522 1089 1608 1140 ipse
1634 1090 1675 1128 et
1698 1091 1735 1128 si
1758 1090 1834 1129 scis

300 1163 336 1199 q.
356 1150 391 1189 b.
414 1164 444 1189 e.
477 1151 577 1189 scire
607 1150 682 1189 hoc
713 1150 749 1190 d.
769 1147 859 1188 t.''.’
911 1150 1040 1188 Deum
1071 1150 1271 1200 Apollinis
1302 1148 1512 1188 diuinandi
1543 1150 1668 1188 artem
1698 1148 1834 1188 ludere

298 1210 361 1249 his
394 1223 457 1248 uu.
490 1223 578 1249 cum
610 1209 817 1259 probabile
847 1210 913 1261 sit,
943 1209 1206 1259 probabiliter
1235 1208 1337 1248 libro
1362 1209 1382 1247 I
1408 1221 1473 1248 eos
1499 1208 1718 1258 adscriptos
1751 1220 1835 1248 esse

299 1283 324 1308 a
354 1270 384 1308 I.
406 1270 580 1308 Beckero
612 1269 868 1308 manifestum
900 1272 961 1308 est
988 1264 1150 1323 (Philol.
1178 1268 1214 1306 V
1243 1269 1357 1308 1850
1388 1282 1424 1318 p.
1454 1263 1571 1322 728).
1620 1267 1745 1307 Poeta
1774 1268 1833 1307 in·

299 1329 408 1368 ducit
444 1329 561 1368 deum
601 1329 899 1379 enthymemata
942 1341 1138 1367 nouorum
1181 1331 1383 1367 oratorum
1426 1329 1497 1378 qui
1539 1328 1719 1367 oratione
1762 1339 1835 1367 sua

299 1389 532 1439 aemuletur,
557 1388 685 1428 ueluti
713 1387 752 1427 C.
773 1387 939 1428 Gracchi
965 1382 1109 1442 (ΟΕΕΞΒ
1139 1401 1176 1438 p.
1205 1389 1286 1427 231
1297 1383 1375 1441 M):
1410 1384 1573 1426 ‘Abesse
1598 1400 1675 1426 non
1702 1389 1835 1437 potest

298 1450 395 1499 quin
427 1448 603 1487 eiusdem
634 1448 806 1487 hominis
838 1449 891 1487 sit
921 1447 1065 1498 probos
1095 1448 1320 1498 improbare
1347 1448 1415 1497 qui
1438 1446 1640 1498 improbos
1665 1444 1834 1498 probet',

298 1511 339 1547 et
370 1504 414 1562 (1.
441 1521 469 1547 s.
502 1522 539 1558 p.
568 1504 692 1562 238):
730 1505 858 1554 ‘Quae
893 1520 966 1547 uos
1005 1507 1147 1558 cupide
1184 1521 1255 1558 per
1291 1507 1407 1546 hosce
1445 1518 1569 1546 annos
1607 1507 1834 1558 appetiistis

298 1570 418 1619 atque
449 1568 648 1617 uoluistis,
680 1580 726 1607 ea
757 1568 791 1606 si
821 1570 969 1606 temere
1000 1567 1267 1618 repudiaritis,
1299 1566 1433 1606 abesse
1464 1579 1544 1606 non
1575 1567 1707 1617 potest
1737 1565 1834 1617 quin

298 1630 371 1667 aut
402 1628 498 1667 olim
529 1628 670 1678 cupide
702 1629 916 1678 appetiisse
947 1629 1019 1666 aut
1049 1640 1153 1666 nunc
1183 1629 1332 1666 temere
1362 1626 1590 1678 repudiasse
1616 1622 1831 1665 dicamini'.

297 1687 404 1726 Deus
436 1688 562 1739 igitur
591 1689 652 1726 ita
682 1688 763 1726 fere
801 1688 922 1727 struit
958 1687 1212 1738 enthymema
1248 1699 1381 1725 suum:
1419 1683 1497 1724 ‘Tu
1534 1686 1567 1724 si
1604 1686 1731 1724 nescis
1769 1697 1833 1724 me

297 1748 370 1786 hoc
402 1747 564 1797 nescire,
596 1746 702 1797 quod
733 1746 821 1786 dico
852 1746 1070 1786 identidem
1100 1759 1162 1784 me
1195 1757 1395 1796 quaerere,
1427 1745 1524 1795 quid
1555 1747 1626 1783 tua
1656 1743 1732 1783 tibi
1762 1758 1834 1783 un-

298 1820 417 1857 quam
449 1807 603 1858 profuit
633 1805 856 1846 diuinatio?
906 1819 957 1845 an
988 1809 1033 1845 tu
1064 1808 1162 1857 ipse,
1193 1805 1300 1856 quod
1331 1818 1403 1857 ego
1434 1819 1496 1844 me
1528 1816 1718 1855 quaerere
1743 1817 1832 1855 pro-

297 1867 428 1916 fiteor,
468 1867 508 1905 id
546 1866 663 1906 debes
704 1879 892 1917 quaerere
929 1879 1001 1905 nec
1038 1867 1251 1916 quicquam
1288 1867 1401 1915 potes
1438 1862 1646 1903 diuinare?
1707 1863 1763 1903 Et
1797 1864 1834 1903 si

297 1927 372 1966 scis
403 1940 465 1965 me
497 1927 571 1966 hoc
602 1927 769 1975 nescire,
806 1928 894 1965 tum
923 1926 965 1964 id
997 1925 1102 1976 quod
1132 1925 1282 1965 bellum
1313 1926 1389 1963 erit
1419 1924 1518 1964 scire
1550 1923 1645 1963 dare
1680 1925 1834 1974 tempta

298 1988 383 2025 siue
414 1984 592 2036 profari'.
645 1985 822 2025 Similem
854 1986 985 2025 lusum
1016 1987 1057 2024 in
1089 1985 1201 2025 uerbi
1231 1985 1330 2024 scire
1361 1985 1572 2023 iteratione
1604 1983 1832 2023 adhibuisse

296 2048 456 2096 poetam
489 2046 656 2085 adnotat
687 2046 805 2084 schol.
838 2045 890 2084 ad
919 2045 1027 2086 Pers.
1053 2045 1074 2083 I
1101 2046 1173 2084 27:
1213 2041 1352 2095 ‘usque
1392 2044 1540 2082 adeone
1572 2042 1680 2082 Scire
1717 2044 1832 2082 tuum

297 2106 398 2144 nihil
435 2107 512 2155 est,
555 2106 632 2144 nisi
670 2107 709 2144 te
748 2106 847 2144 scire
884 2105 958 2144 1100
995 2105 1096 2144 sciat
1133 2101 1248 2143 alter'
1294 2099 1450 2157 (incert.
1482 2116 1519 2141 u.
1555 2103 1680 2142 1345.
1716 2102 1829 2141 1346

297 2165 365 2204 lib.
385 2165 493 2204 XXX
512 2179 550 2204 u.
575 2160 719 2219 1033).
766 2165 948 2204 Eundem
973 2177 1090 2215 quem
1113 2163 1208 2203 deus
1233 2163 1463 2203 Lucilianus
1488 2175 1560 2213 per
1579 2163 1711 2201 iocum
1730 2163 1831 2201 serio

297 2225 520 2264 aemulatus
552 2227 612 2263 est
641 2227 839 2264 oratorem
865 2223 1015 2264 Caluus
1046 2226 1181 2263 orator
1205 2217 1350 2277 (ORF8
1378 2237 1416 2273 p.
1443 2216 1615 2276 477M):
1648 2218 1831 2260 ‘Factum

297 2284 492 2324 ambitum
523 2284 633 2324 scitis
665 2297 800 2324 omnes
831 2286 872 2323 et
902 2285 976 2324 hoc
1006 2296 1078 2323 uos
1109 2283 1207 2323 scire
1239 2295 1374 2322 omnes
1405 2278 1563 2322 sciunt':
1594 2281 1690 2321 conf
1712 2280 1830 2332 Soph.

296 2345 399 2383 Phil.
429 2345 512 2383 253
546 2342 599 2392 ὡς
631 2341 755 2396 μηδὲν
786 2339 898 2384 εἰδότ’
927 2343 1014 2383 ἴσθι
1039 2338 1074 2396 μ’
1103 2336 1160 2382 ὧν
1185 2340 1414 2395 ἀνιστορεῖς.
1434 2363 1492 2369 -
1511 2341 1618 2392 00οᾱ
1643 2353 1832 2391 quaerere

297 2400 404 2456 dico]
458 2417 522 2443 me
571 2405 778 2454 omissum,
834 2404 930 2442 conf
979 2403 1172 2442 Dziatzko
1228 2401 1279 2441 ad
1329 2401 1416 2440 Ter.
1460 2400 1628 2451 Adelph.
1670 2401 1736 2439 77.
1774 2421 1830 2432 -ι-

298 2465 365 2503 34.
411 2476 532 2514 quare
585 2463 742 2502 diuinas
798 2461 1041 2514 quicquam?
1102 2469 1155 2502 an
1204 2465 1246 2500 tu
1295 2473 1484 2511 quaerere
1533 2459 1650 2499 debes
1698 2460 1784 2510 ipse
1792 2457 1829 2510 P]

297 2523 407 2563 Seru.
433 2524 531 2563 Aen.
556 2523 577 2562 Ι
604 2524 677 2563 20:
711 2519 927 2575 ‘audierat]
960 2535 984 2561 a
1014 2522 1110 2561 Ioue
1142 2524 1213 2560 aut
1243 2535 1266 2560 a
1290 2520 1412 2560 Fatis.
1462 2532 1542 2559 non
1567 2520 1673 2558 enim
1697 2519 1831 2558 omnia

296 2584 461 2622 numina
503 2582 651 2622 habent
694 2582 901 2621 diuinandi
943 2582 1194 2622 facultatem:
1243 2580 1411 2630 denique
1452 2593 1500 2618 ne
1541 2580 1626 2629 ipse
1669 2578 1830 2629 quidem

295 2643 443 2694 Apollo
476 2655 550 2682 sua
580 2644 720 2692 sponte
753 2642 920 2691 diuinat,
951 2644 998 2680 ut
1028 2643 1088 2680 est
1116 2637 1232 2695 (Aen.
1257 2640 1321 2679 ΠΙ
1347 2635 1471 2694 251):
1505 2635 1639 2689 “quae
1670 2637 1830 2682 Phoebo

295 2705 411 2753 pater
441 2703 703 2752 omnipotens,
734 2701 832 2740 mihi
863 2701 1044 2740 Phoebus
1074 2700 1222 2750 Apollo
1252 2695 1512 2750 praedixit''.'
1569 2697 1664 2737 conf
1687 2697 1828 2737 Horat.

296 2775 410 2802 serm.
428 2762 471 2801 H
492 2764 529 2811 5,
557 2762 623 2800 60.
643 2783 702 2788 —
723 2762 790 2800 35.
817 2761 923 2811 quod
946 2760 1095 2799 bellum
1120 2762 1181 2799 est
1205 2757 1321 2809 scire]
1348 2759 1449 2808 quod
1473 2758 1614 2796 bonwm
1638 2759 1711 2796 erit
1732 2758 1831 2797 sobre

296 2822 584 2861 Lachmannus.
603 2843 652 2847 —
668 2821 743 2860 hoc
762 2816 876 2872 dare]
898 2820 923 2859 i.
944 2833 975 2858 e.
1000 2820 1075 2858 hoc
1100 2819 1240 2868 dicere,
1265 2819 1361 2857 conf
1380 2818 1482 2856 Non.
1504 2817 1601 2868 278,
1623 2817 1677 2855 33
1703 2815 1830 2856 Lucil.

296 2881 363 2920 lib.
383 2881 557 2920 XXVII]
581 2895 618 2919 u.
648 2881 742 2920 758.
803 2881 872 2918 hoc
900 2881 997 2919 dame
1027 2882 1104 2918 tute
1133 2878 1422 2918 Lachmannus.

220 2945 226 2949 ’
418 2936 495 2991 36.
527 2940 709 2979 Donatus
740 2940 791 2978 ad
816 2939 992 2978 Terentii
1016 2938 1210 2978 Andriam
1229 2937 1266 2975 V
1286 2939 1325 2987 4,
1352 2937 1406 2976 38
1435 2934 1607 2975 ‘Nodum
1631 2936 1674 2975 in
1699 2935 1828 2986 scirpo

298 3001 464 3050 quaeris.
528 3000 690 3050 Scirpus
720 2999 909 3050 palustris
941 3011 1003 3038 res
1040 3000 1101 3037 est
1136 2998 1348 3037 leuissima.
1411 2996 1587 3035 Lucilius
1621 2996 1663 3034 in
1698 2995 1828 3045 primo
