2060 3444
825 307 911 344 XVI
936 319 972 343 u.
1000 310 1199 345 531—536.
1710 305 1793 350 201

251 426 447 466 colax-um:
484 425 576 464 illos
613 423 792 476 singulas
830 423 990 474 plantas
1028 435 1170 474 parum
1208 434 1364 471 curare,
1408 421 1593 462 olitorem
1630 422 1799 474 singulis

239 477 424 526 'oleribus
455 497 570 536 posse
601 483 794 535 opitulari
826 484 1043 534 aquatione
1076 485 1118 522 et
1148 483 1350 523 saritione.

372 539 485 586 532.
529 544 757 584 Priscianus
801 542 875 583 GL
906 543 948 583 II
985 557 1023 595 p.
1051 544 1125 593 87,
1160 543 1213 583 15
1234 542 1272 582 Κ
1326 539 1616 583 ‘Vetustissimi
1664 545 1799 582 tamen

253 605 540 657 comparatiuis
578 606 716 651 etiam*
738 603 1012 644 huiuscemodi
1049 605 1143 643 sunt
1173 600 1204 655 †
1235 605 1297 643 est
1329 603 1488 654 quando
1520 603 1593 643 usi.
1627 634 1635 642 .
1658 635 1664 642 .
1686 634 1694 642 .
1721 603 1798 642 Lu-

252 666 368 707 cilius
407 667 450 705 in
494 665 589 705 XVI
633 661 704 718 [ad
746 661 993 717 Fundidum]
1039 661 1186 703 “fundi
1235 663 1408 704 delectat
1446 694 1453 703 .
1481 694 1489 702 .
1517 695 1525 702 .
1564 660 1797 703 euaserit”.’

253 726 506 778 Archetypus
536 726 730 765 librorum
761 725 960 765 Prisciani
990 738 1070 764 non
1107 723 1297 775 praebuit
1327 725 1380 764 ad
1410 724 1619 764 Fundiwm
1649 724 1718 764 sed
1750 724 1800 764 ad

252 787 487 827 Fumdidum
525 785 630 837 quod
666 785 861 836 praebent
897 785 998 825 codd
1028 785 1198 824 RBDH
1227 784 1400 834 Hertzii‚
1442 785 1495 824 ad
1524 784 1733 824 Fwndium
1764 785 1799 823 D

254 849 296 887 et
325 847 365 886 H
395 861 446 887 m.
469 849 492 886 2
505 878 515 897 ‚
554 849 595 886 et
624 845 782 897 reliqui.
844 846 950 886 Nam
990 846 1116 886 lector
1147 845 1293 896 aliquis
1331 858 1474 897 parum
1512 846 1721 885 accuratus
1758 846 1801 884 in

252 907 400 948 Luci-lii
452 920 569 947 uersu
617 907 1062 956 fumdideleetatwirmste
1114 919 1145 945 e.
1179 919 1215 957 q.
1248 919 1277 945 s,
1331 906 1563 946 uocatiuum
1615 906 1802 945 Fundide

254 969 438 1020 agnouit,
481 968 586 1008 unde
623 967 821 1007 Prisciani
863 967 986 1007 uerba
1028 966 1302 1018 interpolauit.
1364 966 1510 1006 Postea
1547 967 1802 1018 grammatici

255 1029 325 1079 qui
360 1029 442 1068 illis
479 1029 542 1068 usi
579 1030 673 1068 sunt
709 1027 910 1067 codicibus
949 1040 1122 1067 errorem
1159 1039 1249 1067 cum
1279 1027 1552 1066 intellexerint
1582 1028 1803 1077 posuerunt

253 1090 451 1129 recentius
494 1088 601 1128 istud
645 1089 699 1128 ad
738 1088 954 1128 Fundium.
1023 1088 1130 1128 Nam
1166 1088 1284 1127 facile
1320 1087 1380 1126 ita
1418 1087 1668 1140 intellegitur
1705 1101 1802 1139 quo-

253 1149 371 1189 modo
397 1150 451 1189 acl
474 1150 708 1189 Fundidum
732 1148 844 1189 nasci
868 1150 1057 1200 potuerit,
1088 1148 1220 1188 minus
1246 1148 1376 1197 facile,
1409 1149 1443 1187 si
1473 1148 1803 1198 interpolatorem

253 1210 366 1249 illum
401 1209 604 1260 scripsisse
636 1210 690 1249 ad
717 1209 924 1248 Fundium
955 1209 1156 1249 statueris.
1214 1209 1429 1248 Eiecerunt
1454 1209 1653 1260 glossema
1677 1207 1803 1248 Lach-

253 1283 441 1320 mamms,
479 1269 523 1309 L.
543 1269 759 1309 Muellerus
797 1269 845 1309 de
882 1283 924 1309 re
961 1264 1095 1309 metr.1
1127 1284 1164 1321 p.
1187 1270 1261 1309 41:
1299 1282 1427 1320 neque
1459 1270 1566 1309 enim
1597 1269 1803 1308 Fundium

255 1344 397 1370 nomen
431 1343 514 1370 esse
544 1330 736 1369 Latinum
768 1324 873 1383 (CIL
899 1330 935 1369 X
963 1323 1098 1384 8272)
1133 1331 1272 1369 contra
1304 1329 1451 1380 aliquis
1482 1329 1569 1368 iu're
1604 1330 1802 1380 proferat:

255 1391 346 1430 uide
385 1391 436 1430 ad
467 1391 536 1430 lib.
562 1390 679 1430 XVII
703 1405 741 1430 u.
770 1391 866 1430 538.
935 1391 1127 1440 delectat,
1177 1403 1249 1441 pro
1293 1390 1429 1430 futuro
1473 1391 1649 1441 positum
1693 1383 1809 1443 (conf

254 1451 322 1490 lib.
351 1451 393 1490 11
418 1465 455 1490 u.
484 1452 538 1491 69
572 1451 671 1490 XIII
697 1445 822 1505 452):
854 1451 983 1490 utitur
1014 1452 1134 1502 poeta
1164 1451 1240 1491 hoc
1270 1450 1392 1490 uerbo
1423 1450 1572 1501 ubique
1599 1453 1632 1490 te
1660 1464 1803 1502 prono-

255 1513 362 1551 mine
401 1511 548 1551 addito.
581 1533 628 1538 —
659 1511 803 1550 uilicus
841 1512 963 1562 paulo
1001 1508 1215 1562 strenuior]
1256 1509 1409 1550 Colum.
1435 1511 1493 1550 XI
1522 1514 1542 1550 1
1579 1510 1626 1550 de
1664 1510 1804 1550 uilico:

257 1569 400 1623 ‘igitur
424 1573 577 1622 primus
603 1572 781 1611 omnium
806 1571 961 1623 uigilet,
986 1572 1262 1622 familiamque
1289 1584 1444 1622 semper
1476 1571 1527 1611 ad
1559 1584 1681 1622 opera
1711 1585 1804 1611 cun-

256 1634 431 1672 ctantem
462 1645 535 1682 pro
567 1631 814 1682 temporibus
847 1633 942 1671 anni
967 1632 1205 1671 festinanter
1229 1631 1437 1682 producat,
1469 1633 1510 1672 et
1535 1634 1693 1671 strenue
1719 1632 1804 1682 ipse

257 1689 498 1743 praecedat'.
561 1692 707 1732 Totam
737 1693 979 1731 sententiam
1011 1694 1162 1731 certum
1195 1692 1394 1742 quendam
1424 1693 1605 1743 spectare
1640 1692 1804 1731 uilicum

257 1753 389 1803 qualis
415 1753 502 1792 erat
527 1751 793 1792 Aristocrates
818 1751 888 1791 ille
913 1752 980 1792 lib.
1001 1752 1075 1791 XV
1094 1766 1131 1791 u.
1158 1753 1241 1792 512
1270 1754 1454 1803 apertum
1479 1752 1525 1791 fit
1550 1765 1650 1793 uoce
1668 1754 1803 1803 paulo.

378 1807 489 1853 534.
529 1813 685 1853 Nonius
722 1827 759 1863 p.
783 1813 887 1863 235,
914 1814 940 1851 4
981 1809 1150 1864 ‘Aptum
1192 1825 1351 1852 rursum
1394 1825 1586 1853 conexum
1630 1814 1671 1853 et
1714 1826 1805 1853 con-

257 1873 427 1925 ligatum
459 1873 669 1924 significat.
703 1902 712 1912 .
733 1903 741 1911 .
763 1903 771 1911 .
797 1873 903 1912 idem
933 1873 1037 1913 libro
1061 1873 1159 1912 XVI
1185 1870 1304 1912 “ibat
1330 1904 1338 1912 .
1359 1904 1367 1912 .
1390 1905 1398 1912 .
1423 1873 1492 1913 filo
1517 1874 1587 1913 hoc
1610 1885 1651 1913 se
1675 1874 1807 1914 here-re

289 1964 325 1971 ..
358 1930 559 1985 ingens’'.'
631 1931 848 1984 Comparat
884 1933 1099 1973 Muellerus
1136 1934 1299 1973 initium
1337 1936 1497 1974 saturae
1533 1933 1697 1974 Horatii
1726 1934 1747 1974 I
1780 1936 1804 1974 9

259 1990 382 2033 ‘ibam
416 1994 535 2034 -forte
585 1994 652 2033 via
702 1990 849 2033 sacra':
899 1995 994 2034 conf
1039 1995 1177 2034 incert.
1210 2008 1250 2033 u.
1280 1995 1406 2034 1142.
1481 1994 1610 2035 Versu
1662 1999 1806 2045 quarto

258 2054 429 2104 demum,
465 2053 533 2093 ubi
565 2054 658 2094 ierit
688 2055 807 2094 notus
837 2054 907 2094 ille
939 2054 1123 2094 dominus
1155 2055 1300 2107 gregis,
1332 2055 1403 2105 qui
1435 2055 1560 2095 secuti
1595 2056 1693 2104 sint,
1726 2055 1808 2095 alia

258 2114 412 2154 dixerat
448 2114 637 2154 Lucilius.
708 2112 974 2166 Interrumpit
1012 2115 1212 2155 enuntiati
1248 2116 1493 2155 structuram
1529 2115 1807 2155 testiculorum

258 2175 489 2224 descriptio:
530 2175 736 2214 testiculos
781 2175 972 2216 arietinos
1009 2177 1294 2215 commemorat
1331 2175 1502 2226 scriptor
1542 2176 1593 2215 ad
1623 2175 1716 2216 Her.
1743 2177 1806 2216 ΠΙ

261 2236 335 2284 20,
369 2236 423 2275 33
464 2234 565 2274 Fest.
599 2247 628 2275 s.
661 2249 698 2274 u.
731 2235 912 2275 suffiscus
950 2250 988 2286 p.
1017 2237 1113 2275 309.
1160 2258 1215 2263 —-
1263 2236 1361 2276 536.
1393 2236 1588 2276 Pellicula
1626 2237 1723 2287 quid
1747 2238 1808 2276 sit

259 2295 397 2334 edocet
426 2295 650 2346 Porphyrio
681 2295 733 2334 ad
757 2294 853 2335 Hor.
880 2309 994 2336 serm.
1019 2296 1040 2335 I
1067 2297 1106 2346 9,
1133 2293 1197 2335 69‘
1217 2292 1365 2336 ‘curtos
1389 2296 1559 2336 Iudaeos
1584 2296 1687 2336 dixit
1711 2298 1808 2348 quia

259 2355 376 2394 uirile
414 2355 634 2394 membrum
670 2355 785 2395 uelut
822 2355 1072 2396 decurtatum
1108 2355 1284 2396 habeant
1319 2357 1446 2396 recisa
1476 2356 1569 2396 inde
1600 2355 1805 2408 pellicula’

260 2416 300 2454 et
324 2414 445 2455 schol.
469 2415 607 2454 quen.
627 2415 722 2454 XIV
750 2417 831 2455 104
863 2413 1047 2456 ‘Iudaeos
1073 2417 1143 2467 qui
1168 2418 1252 2456 sine
1277 2417 1467 2467 pellicula
1493 2414 1614 2456 sunt'.
1672 2414 1807 2457 ‘Pelli-

259 2475 349 2514 cula
387 2476 563 2515 extrema
601 2489 646 2515 ex
685 2473 839 2527 aptum'
878 2476 1016 2517 Dousa
1054 2478 1094 2516 et
1131 2476 1428 2516 Lachmannus:
1470 2477 1542 2516 alii
1572 2477 1704 2516 Nonio
1737 2478 1808 2528 qui

260 2538 395 2584 aptum
421 2535 605 2586 explicat,
630 2535 752 2576 diffisi
772 2538 1020 2589 coniungunt
1040 2540 1226 2586 emptum
1245 2539 1291 2576 ut
1309 2537 1538 2576 Muellerus.
1590 2536 1808 2588 Comparat

260 2595 397 2635 Dousa
428 2596 549 2635 Ennii
580 2609 617 2635 u.
639 2590 750 2650 (ann.
778 2598 862 2636 379
877 2591 935 2650 V)
968 2594 1224 2649 ‘contempsit
1253 2598 1384 2637 fontes
1420 2597 1563 2648 quibus
1597 2611 1643 2636 ex
1676 2599 1809 2650 erugit

261 2668 388 2705 aquae
427 2653 502 2695 uis’
536 2655 650 2695 Lucr.
676 2656 736 2696 IV
762 2658 847 2697 829
894 2654 1096 2698 ‘bracchia
1137 2659 1225 2697 tum
1269 2670 1387 2709 porro
1431 2658 1577 2697 ualidis
1622 2671 1670 2697 ex
1713 2660 1809 2709 apta

261 2715 422 2755 lacertis
448 2728 531 2756 esse
556 2729 776 2767 manusque
802 2715 946 2757 datas'.
1002 2718 1151 2758 Parum
1176 2719 1294 2768 recte,
1319 2719 1478 2769 opinor:
1504 2731 1598 2758 nam
1623 2718 1809 2758 uocabuli

262 2778 424 2824 cataplus
473 2777 624 2816 certum
674 2790 797 2816 unum
841 2777 1001 2818 uidetur
1050 2780 1185 2818 extare
1229 2779 1453 2829 exemplum
1498 2792 1560 2829 ap.
1586 2778 1808 2818 Varronem

262 2834 363 2874 Plin.
389 2835 558 2874 XXXVI
585 2838 639 2876 92
679 2833 742 2875 ‘ex
780 2850 858 2887 quo
896 2838 1097 2888 pendeant
1134 2840 1280 2889 exapta
1323 2839 1474 2878 catenis
1516 2836 1806 2879 tintinnabula’

263 2895 304 2935 et
339 2894 547 2934 Lucretius
585 2895 680 2935 licet
704 2895 743 2934 V
770 2898 855 2936 770
891 2898 1071 2947 posuerit
1112 2894 1224 2937 ‘dum
1262 2898 1350 2937 loca
1387 2897 1604 2937 luminibus
1635 2899 1808 2950 propriis

262 2954 426 2994 inimica
463 2952 661 3015 penexit’
694 2956 719 2995 1.
740 2969 769 2996 s.
790 2969 818 2996 s.
851 2969 931 2996 non
971 2959 1106 3008 potest
1136 2959 1183 2996 ut
1213 2957 1327 2998 testis
1360 2958 1557 3007 adhiberi3
1589 2971 1683 2998 nam
1714 2971 1809 3001 casu

264 3015 416 3054 factum
448 3027 548 3054 esse*
562 3028 642 3055 non
672 3017 816 3067 potest,
847 3018 896 3055 ut
926 3018 967 3056 et
998 3016 1104 3068 apud
1134 3016 1336 3057 Lucilium
1368 3020 1409 3058 et
1439 3018 1547 3068 apud
1577 3017 1810 3065 Lucretium

263 3074 386 3116 uerba
417 3086 463 3116 ex
493 3078 630 3127 aptwm
660 3075 772 3119 iuxta
802 3077 1062 3121 inueniautur
1086 3078 1230 3133 posita.
1292 3078 1445 3122 Attulit
1478 3078 1694 3125 Muellerus
1727 3078 1807 3133 Cio,
