2060 3444
0 3160 17 3444 νημῇωψ..
0 3114 2 3116 .
0 3008 18 3070 (Γ

643 286 756 337 ΙΧζιι.
785 290 984 323 381—382.
1035 285 1067 322 Χ
1092 298 1128 323 u.
1157 287 1357 322 ass-385.
1685 282 1770 328 145

225 404 288 444 est
316 398 567 455 inducen<do
589 433 596 442 .
618 433 625 441 .
647 398 686 441 .'.
735 401 933 442 Neutrum
964 400 1067 451 quod
1096 401 1273 452 positum
1305 402 1366 441 e'st
1396 402 1443 439 ut
1467 413 1504 439 u.
1533 400 1616 439 346
1636 396 1770 451 '‘quod

226 463 310 504 dixi
341 465 434 503 ante
465 459 619 514 poesin’
653 461 720 501 lib.
746 461 877 501 XXIX
902 476 940 500 u.
968 462 1052 502 886
1087 458 1178 501 ‘hoc
1209 463 1270 501 est
1299 458 1434 500 ratio'.

240 520 243 523 ’
347 518 459 564 382.
491 523 711 575 Vulgarem
748 535 850 572 quae
887 523 929 560 in
967 521 1072 561 ludis
1109 521 1345 561 tradebatur
1381 522 1623 572 scripturam
1665 533 1770 560 com-

225 583 389 623 mendat
418 585 549 634 poeta.
601 582 705 629 Quid
736 581 882 621 Accius
913 581 961 621 de
988 582 1063 621 hac
1087 581 1225 621 littera
1251 581 1442 631 docuerit,
1473 593 1551 620 non
1576 580 1771 620 traditur:

225 645 450 695 suspicatus
492 645 553 683 est
588 642 807 696 Ritscblius
847 654 949 692 quae
985 643 1029 681 in
1065 641 1393 692 inscriptionibus
1437 640 1642 679 inuenitur
1675 643 1771 680 scri-

224 705 387 756 pturam
412 716 513 753 qura
530 705 708 753 pequm'a
733 715 806 752 qur
830 701 944 741 Accii
969 702 1209 741 auctoritate
1239 702 1318 740 niti
1349 696 1502 755 (opusc.
1527 700 1585 740 IV
1611 714 1649 751 p.
1672 702 1769 740 687.

227 765 312 804 492
329 758 481 819 adnot.)
515 775 636 815 quam
666 762 855 802 Ritschh'i
886 763 1127 802 sententiam
1157 762 1205 801 de
1236 762 1312 801 hac
1343 762 1481 800 littera
1515 762 1641 801 secuti
1678 764 1771 800 sunt

226 824 344 864 multi
363 819 670 879 (Brambachius
695 822 759 863 die
777 823 1099 874 Neugestaltung
1124 822 1160 861 d.
1186 822 1257 861 lat.
1277 820 1463 873 Orthogr.
1489 835 1528 872 p.
1556 823 1624 860 21.
1651 816 1770 876 221).

964 1141 1034 1198 Χ.

347 1240 459 1287 383.
492 1244 600 1292 Quae
631 1246 673 1285 in
704 1247 814 1286 uitae
845 1246 973 1287 Persii
1004 1246 1112 1286 exitu
1144 1245 1192 1285 de
1222 1245 1352 1285 Persii
1381 1245 1525 1286 studiis
1550 1245 1771 1286 Lucilianis

224 1306 457 1356 traduntur,
491 1319 538 1346 ea
569 1319 616 1346 ex
648 1307 856 1359 deperdita
887 1307 1062 1358 quadam
1092 1306 1220 1346 Persii
1250 1307 1339 1345 uita
1370 1306 1527 1346 saeculo
1557 1306 1618 1352 ,IV
1642 1307 1709 1345 uel
1733 1305 1770 1343 V

225 1366 413 1418 decerpta
444 1379 527 1407 esse
559 1369 747 1418 apparet:
779 1369 856 1407 seri
887 1368 1080 1418 temporis
1112 1367 1219 1406 enim
1249 1379 1333 1406 esse
1363 1367 1584 1417 particulas
1614 1378 1704 1406 mox
1727 1370 1773 1405 ut

225 1428 456 1467 coniunctas
506 1427 644 1466 edocet
686 1427 892 1467 Bonnetus
943 1428 991 1467 de
1042 1426 1204 1480 Gregor.
1237 1427 1329 1466 Tur.
1361 1426 1495 1466 Latin.
1526 1440 1565 1477 p.
1594 1428 1698 1477 320,
1732 1428 1769 1465 2.

224 1486 365 1538 Neque
395 1487 661 1527 dubitandum
691 1490 753 1528 est
783 1489 882 1539 quin
912 1501 1009 1527 uera
1033 1487 1170 1527 tradat
1195 1488 1368 1538 scriptor
1390 1488 1554 1539 ignotus
1579 1487 1627 1526 de
1654 1500 1769 1539 argu-

224 1549 360 1586 mento
402 1547 497 1587 libri
527 1548 564 1586 X
594 1547 754 1588 Lucilii.
826 1549 933 1587 Nam
975 1547 1099 1587 uerba
1142 1544 1236 1587 ‘sibi
1277 1548 1407 1598 primo
1451 1560 1542 1586 mox
1587 1547 1769 1587 omnibus

226 1604 533 1652 detrectaturus’
573 1609 723 1648 similia
759 1608 939 1648 referunt
982 1610 1103 1658 atque
1145 1620 1284 1646 uersus
1322 1607 1485 1646 Horatii
1528 1607 1576 1646 de
1614 1607 1769 1646 Lucilio

226 1667 370 1718 quibus
408 1669 544 1720 agitur
574 1680 690 1707 serm.
715 1668 736 1707 I
764 1670 831 1719 10,
858 1669 912 1707 53
953 1665 1039 1706 ‘Nil
1076 1669 1199 1707 comis
1236 1668 1384 1720 tragici
1422 1669 1555 1706 mutat
1591 1666 1769 1706 Lucilius

226 1727 336 1777 Acci,
366 1727 459 1766 Non
483 1728 589 1767 ridet
612 1740 750 1768 uersus
782 1729 889 1767 Enni
914 1728 1116 1780 grauitate
1140 1728 1326 1778 minores,
1358 1726 1458 1767 Cum
1489 1728 1537 1766 de
1570 1741 1610 1767 se
1641 1728 1769 1779 loqui·

225 1789 293 1826 tur
328 1800 410 1827 non
450 1790 498 1827 ut
539 1789 691 1828 maiore
732 1784 976 1839 reprensisP’
1018 1788 1089 1827 ubi
1125 1788 1349 1839 Porphyrio
1393 1788 1564 1827 adnotat
1606 1788 1709 1827 libro
1733 1788 1770 1826 X

226 1846 394 1888 Accium
435 1844 711 1899 uituperatum
750 1861 835 1888 esse
876 1862 901 1889 a
943 1848 1136 1887 Lucilio:
1169 1849 1266 1888 conf
1289 1848 1386 1887 384.
1450 1846 1666 1887 Oratorum
1708 1849 1770 1886 in-

226 1908 488 1947 sectationem
506 1908 672 1959 prodere
691 1908 852 1948 uidetur
871 1908 1002 1948 u.386
1013 1921 1093 1960 seq.
1125 1906 1272 1947 Omnia
1290 1908 1408 1948 huius
1427 1908 1524 1947 libri
1542 1909 1770 1960 fragmenta

225 1969 421 2007 tractauit
449 1968 713 2008 Buechelerus
744 1969 846 2009 Mus.
870 1969 994 2008 Rhen.
1021 1968 1190 2008 XXXIX
1217 1969 1331 2008 1884
1357 1982 1396 2020 p.
1418 1969 1516 2008 288.
1565 1968 1622 2007 At
1646 1968 1770 2008 uerba

226 2028 300 2068 illa
338 2025 466 2068 ‘cuius
502 2028 598 2068 libri
632 2030 876 2080 principium
912 2030 1096 2068 imitatus
1134 2026 1208 2068 est’
1248 2030 1387 2079 spuria
1424 2030 1518 2068 sunt
1554 2029 1604 2068 ab
1646 2041 1769 2080 eoque

227 2088 400 2139 adiecta,
438 2090 509 2139 qui
544 2101 688 2140 parum
725 2089 940 2141 diligenter
977 2089 1280 2129 adnotationem
1318 2089 1370 2128 ad
1399 2089 1528 2129 Persii
1565 2090 1724 2129 saturae
1749 2088 1770 2127 I

226 2163 264 2188 u.
293 2151 324 2188 1·
349 2149 521 2201 legerat:
559 2162 677 2200 quem
707 2162 876 2189 -uersum
912 2154 959 2189 ex
991 2149 1092 2193 libri
1128 2150 1251 2200 primi
1286 2149 1435 2188 Lucilii
1471 2162 1589 2189 uersu
1632 2150 1769 2200 aliquo

225 2209 468 2248 translatum
511 2222 594 2249 esse
638 2209 766 2249 Persii
809 2209 1004 2250 docebant
1051 2211 1289 2260 interpretes
1334 2205 1479 2263 (Lucil.
1506 2209 1575 2248 lib.
1600 2208 1621 2248 I
1646 2224 1684 2248 u.
1713 2204 1768 2263 9).

226 2269 365 2319 Neque
395 2269 642 2319 reliquorum
666 2269 796 2309 Persii
827 2271 1049 2309 carminum
1079 2271 1199 2308 initia
1230 2271 1400 2320 spectes:
1432 2283 1527 2308 nam
1557 2271 1768 2322 insectatio

226 2330 436 2380 poetarum
467 2331 508 2368 et
538 2331 760 2380 oratorum,
798 2342 919 2380 quam
949 2331 1122 2380 scriptor
1158 2330 1227 2368 ille
1265 2332 1565 2379 commemorat,
1602 2331 1646 2369 in
1683 2329 1769 2369 sola

227 2390 365 2428 satura
394 2390 527 2439 prima
556 2391 690 2440 potest
720 2391 895 2442 agnosci.
944 2390 1086 2441 Itaque
1111 2390 1214 2430 hanc
1239 2391 1413 2440 primam
1437 2391 1616 2429 saturam
1642 2389 1769 2429 Persii

226 2450 356 2488 totam
393 2449 444 2488 ad
481 2449 629 2488 Lucilii
658 2449 753 2490 libri
776 2450 813 2489 X
845 2450 1070 2501 exemplum
1101 2451 1366 2500 compositam
1397 2463 1481 2490 esse
1512 2450 1667 2489 ueteres
1686 2444 1767 2488 ‘do-

228 2508 372 2548 cebant
407 2511 678 2561 grammatici:
715 2512 851 2550 tamen
887 2524 1047 2550 uersum
1078 2511 1253 2561 primum
1284 2523 1331 2549 ex
1362 2510 1510 2549 Lucilii
1539 2511 1672 2560 prima
1708 2522 1768 2549 sa-

227 2570 320 2608 tura
350 2571 555 2620 sumptum
585 2582 669 2610 esse
698 2570 821 2610 iidem
851 2572 1040 2621 poterant
1070 2571 1261 2610 adnotare
1292 2582 1364 2609 suo
1395 2571 1494 2609 iure.

349 2622 461 2671 385.
492 2629 647 2670 Nonius
678 2643 716 2681 p.
745 2631 842 2680 262,
871 2633 922 2670 11
959 2628 1226 2670 ‘Confidentia
1256 2643 1415 2670 rursum
1445 2631 1664 2679 temeritas,
1700 2641 1768 2667 au-

229 2689 355 2728 dacia.
387 2688 585 2729 Pacuuius
612 2720 620 2728 .
649 2721 657 2728 .
686 2720 693 2728 .
717 2691 821 2729 idem
851 2690 919 2729 lib.
943 2691 980 2730 X
1013 2687 1236 2741 “inprobus
1264 2722 1272 2729 .
1294 2722 1300 2729 .
1323 2721 1331 2729 .
1356 2691 1486 2730 malus
1520 2685 1766 2729 uideatur”.’

229 2748 376 2787 Lucilii
401 2762 559 2789 uersum
579 2762 661 2789 esse
681 2749 776 2789 libri
794 2750 830 2788 X
849 2751 1049 2790 intellexit
1073 2750 1104 2790 I.
1123 2750 1260 2790 Dousa
1286 2745 1397 2805 (uide
1417 2749 1469 2788 ad
1487 2750 1554 2788 lib.
1575 2750 1595 2788 I
1615 2763 1652 2788 u.
1674 2744 1768 2803 45):

229 2811 272 2848 ut
296 2808 452 2847 addidit
475 2808 765 2849 Lachmannus.
816 2809 1065 2849 Sententiam
1088 2812 1149 2850 ita
1172 2811 1352 2850 restituit
1365 2810 1635 2849 Buechelerus
1655 2810 1679 2847 l.
1694 2822 1723 2848 s.
1738 2822 1768 2847 s.

231 2865 383 2908 ‘orator
412 2870 495 2908 iam
525 2882 605 2908 non
635 2869 682 2908 fit
711 2871 758 2908 ut
788 2871 958 2909 maiores
984 2871 1200 2910 uoluerunt
1224 2871 1288 2909 uir
1310 2869 1438 2909 bonus
1463 2869 1532 2909 sed
1556 2871 1615 2908 ita
1639 2881 1768 2908 mora-

229 2931 295 2967 tus
337 2928 542 2979 improbus
567 2941 600 2968 e.
626 2942 663 2979 q.
689 2942 718 2969 s.
755 2931 802 2968 ut
844 2927 1058 2969 uideatur'.
1132 2929 1302 2969 Luciani
1343 2927 1475 2983 ῥητόρ.
1520 2928 1671 2969 διδάσκ.
1712 2930 1767 2967 24

230 2989 427 3040 gloriatur
451 2988 648 3029 similibus
667 2988 816 3028 uerbis:
842 2987 991 3043 ὑπῆρχε
1010 2989 1083 3043 γάρ
1103 3004 1184 3042 μοι,
1210 2984 1241 3028 ὦ
1261 2988 1359 3041 φίλη
1376 2984 1614 3043 Ἀδράστεια,
1640 2987 1769 3028 πάντα

229 3046 358 3088 ἐκεῖνα
383 3045 408 3087 ἃ
433 3051 624 3102 προεῖπον
655 3043 752 3103 (15)
778 3047 935 3102 ἐφόδια,
959 3047 1003 3089 τὸ
1022 3048 1189 3103 θράσος,
1214 3045 1240 3100 ἡ
1260 3047 1430 3101 ἀμαθία,
1455 3046 1769 3101 ἡάναισχυντία.

301 3121 416 3148 Lucilii
434 3122 500 3148 rell.
519 3122 565 3149 ed.
584 3123 695 3149 max.
723 3123 763 3148 11.
1438 3119 1497 3151 10'
