2060 3444
283 258 365 301 126
824 258 874 293 IX
900 270 937 294 u.
963 262 1163 295 328—333.

279 384 444 410 caenum
475 369 634 421 ipsum?
685 370 920 410 Contemnet
957 371 1120 410 diuitias
1157 382 1351 422 cenasque
1388 374 1591 424 pretiosas.
1652 374 1811 412 Limum

279 444 324 470 ac
356 443 532 480 caenum,
564 433 610 469 ut
642 427 743 469 ‘loco
775 443 821 470 ac
851 428 1027 482 regione'
1060 431 1127 470 lib.
1154 431 1191 468 V
1215 445 1252 470 u.
1283 433 1364 470 189
1399 435 1438 471 et
1469 433 1616 471 similia
1649 434 1810 484 passim.

399 485 509 531 330.
553 491 707 529 Nonius
737 504 775 540 p.
805 492 871 540 19,
899 491 952 529 36
1006 488 1254 530 ‘Euannetur
1287 523 1293 529 .
1329 523 1335 529 .
1370 523 1376 530 .
1413 488 1562 547 (cetera
1618 493 1812 544 adscripsi

277 551 380 589 libro
407 550 485 588 VII
515 564 552 588 ιι.
581 545 685 603 278)
711 550 816 588 idem
841 550 908 589 lib.
929 547 1283 589 Vlffl‘wursauit
1305 553 1351 589 ut
1378 582 1384 589 .
1407 583 1414 590 .
1437 583 1443 590 .
1469 549 1681 590 uannat''.'
1729 551 1811 591 Ori-

278 609 394 650 sandi
424 610 590 648 uerbum
620 612 727 648 recte
759 611 927 660 agnouit
957 610 1106 660 Iunius,
1137 611 1315 648 futurum
1341 612 1519 650 restituit
1551 611 1813 661 probabiliter

278 670 308 708 Ι.
328 669 476 718 Dousa,
508 682 597 708 cum
628 671 819 719 sequatur
849 672 1021 708 uamwt:
1052 669 1147 708 conf
1167 670 1302 708 incert.
1329 683 1365 708 u.
1395 672 1507 709 1234
1536 668 1596 710 ‘ut
1621 673 1655 709 si
1679 671 1812 710 hostes

278 731 360 768 sint
398 729 580 768 omnibus
618 726 767 767 omnes'
801 729 888 767 Ter.
915 730 1014 768 Eun.
1044 730 1126 768 117
1166 729 1322 778 docere,
1365 730 1546 780 educere,
1585 731 1644 769 ita
1680 732 1742 769 uti
1778 732 1813 770 si

278 791 382 827 esset
433 788 517 827 filia
569 785 784 842 (Draegeri
833 790 986 839 syntax.
1025 789 1116 827 hist.
1148 789 1173 827 1.
1205 784 1269 827 L.²
1302 789 1343 827 II
1375 788 1400 839 ἓ
1428 790 1530 840 518,
1564 792 1587 828 2
1628 803 1665 840 p.
1694 785 1810 844 642).

280 848 378 887 CGL
405 848 445 886 Π
470 862 507 898 p.
537 850 634 897 117,
661 849 714 886 66
758 849 894 887 crisat
915 847 1111 899 κελητίζει.
1179 848 1435 899 Decrepitum
1472 862 1604 888 senem
1638 862 1717 888 non
1749 862 1811 888 ex-

279 907 421 947 citabit
456 908 589 958 puella
627 920 699 946 nec
736 909 770 946 si
810 907 974 946 crisabit
998 921 1030 947 e.
1051 920 1086 958 q.
1108 919 1136 946 s.
1205 907 1455 959 Crisabitque
1495 909 1646 948 Dousa:
1690 909 1811 948 simili

277 968 395 1007 modo
420 970 555 1006 tamen
580 968 768 1018 produxit
793 967 953 1006 breuem
979 967 1175 1018 syllabam
1194 969 1237 1006 in
1255 968 1534 1007 trithemimeri
1546 982 1583 1007 ιι.
1601 970 1682 1008 361
1703 968 1811 1008 alibi.

279 1027 379 1066 Vide
411 1028 529 1066 indic.
556 1039 721 1078 gramm.
747 1039 775 1066 s.
802 1041 839 1067 u.
865 1027 1083 1077 productio.

401 1082 511 1127 331.
543 1087 698 1125 Nonius
728 1100 765 1136 p.
796 1088 898 1136 166,
927 1089 979 1126 12
1020 1083 1216 1126 ‘Ramices
1255 1086 1440 1126 dicuntur
1476 1088 1705 1139 pulmones,
1747 1088 1812 1127 uel

278 1147 428 1185 hirnea.
457 1178 463 1184 .
486 1178 493 1185 .
515 1177 523 1185 .
549 1146 726 1186 Lucilius
759 1148 984 1197 satyrarum
1014 1147 1082 1185 lib.
1108 1147 1227 1185 VHII
1259 1144 1396 1197 “quod
1423 1179 1430 1187 .
1453 1178 1460 1185 .
1483 1178 1490 1186 .
1516 1148 1730 1196 apOpititus
1765 1159 1813 1187 as

271 1210 507 1256 potayrosus
540 1238 547 1246 .
583 1238 589 1244 .
625 1237 631 1244 .
664 1203 870 1257 magno’'.'
947 1205 1029 1245 Ood
1055 1205 1089 1245 G
1131 1208 1379 1256 praestantia
1421 1208 1532 1246 cuius
1575 1209 1812 1257 scripturam

278 1266 506 1305 exhibemus
531 1266 605 1305 hoc
630 1266 717 1304 loco
744 1265 859 1304 facile
878 1267 1005 1305 cuiuis
1026 1268 1209 1316 apparet:
1236 1267 1443 1317 archetypi
1466 1267 1652 1306 librarius
1671 1267 1812 1305 arthri—

278 1328 375 1364 {icus
407 1324 601 1364 Graecum
638 1337 721 1364 esse
757 1325 995 1364 uocabulum
1034 1338 1122 1364 cum
1159 1325 1411 1378 intellegeret
1448 1325 1617 1365 Graecas
1654 1326 1810 1366 litteras

279 1387 414 1436 inepte
442 1385 600 1423 intulit:
642 1385 744 1423 unde
776 1386 926 1423 factum
958 1387 1019 1423 est
1048 1387 1094 1424 ut
1124 1398 1196 1435 pro
1226 1384 1305 1424 AG
1332 1386 1516 1424 tradatur
1546 1398 1601 1425 as.
1664 1386 1810 1425 Versus

280 1458 369 1484 cum
402 1444 650 1483 antecedenti
679 1444 868 1483 uidentur
899 1444 1188 1494 quodammodo
1220 1445 1444 1484 cohaerere:
1476 1446 1571 1484 conf
1591 1446 1726 1484 quen.
1753 1445 1811 1484 VI

280 1506 364 1543 322
379 1517 487 1554 seqq.
516 1501 620 1554 ‘ipsa
644 1504 885 1543 Medullinae
910 1504 1074 1543 fluctum
1099 1505 1283 1543 crisantis
1310 1504 1451 1544 adorat
1471 1536 1478 1543 .
1501 1536 1507 1543 .
1529 1535 1537 1543 .
1559 1507 1691 1544 omnia
1715 1505 1811 1544 fient

279 1564 329 1602 ad
360 1577 516 1613 uerum,
554 1564 698 1614 quibus
729 1563 887 1602 incendi
920 1565 1001 1602 iam
1038 1563 1209 1615 frigidus
1247 1577 1345 1603 aeuo
1376 1564 1733 1604 Laomedontiades
1771 1566 1811 1603 et

278 1624 458 1663 Nestoris
484 1624 624 1662 hirnea
648 1620 803 1674 possit':
829 1622 1000 1675 κηλήτας
1025 1623 1123 1662 dicit
1147 1635 1257 1662 senes
1282 1623 1458 1663 Lucillus
1481 1623 1550 1662 ΑΡ
1570 1624 1627 1662 XI
1648 1626 1745 1674 132,
1765 1625 1810 1663 6:

278 1684 378 1722 conf.
405 1684 441 1722 X
470 1684 567 1732 100,
593 1684 617 1721 5
651 1681 794 1735 χειμὼν
824 1682 1064 1722 τούντεῦθεν
1093 1682 1225 1736 γήρως
1260 1682 1401 1736 βαρύς·
1439 1681 1532 1722 οὐδὲ
1569 1681 1663 1722 δέκα
1701 1689 1811 1735 μνῶν

278 1742 446 1790 στύσεις·
491 1741 652 1794 τοιαύτη
697 1738 732 1781 σ’
785 1737 948 1794 ἐκδέχετ’
1001 1740 1186 1795 ὀρχιπέδη
1228 1742 1347 1793 Apul.
1378 1745 1538 1782 metam.
1563 1742 1601 1780 V
1629 1744 1683 1782 10
1722 1740 1810 1795 ‘ego

278 1815 372 1842 uero
403 1804 593 1841 maritum
625 1802 830 1841 articulari
870 1804 990 1841 etiam
1028 1802 1166 1841 morbo
1203 1803 1485 1853 complicatum
1522 1804 1810 1853 curuatumque

279 1875 325 1901 ac
349 1875 420 1912 per
444 1862 518 1902 hoc
542 1863 746 1901 rarissimo
771 1875 955 1901 uenerem
979 1874 1109 1900 meam
1133 1863 1371 1901 recolentem
1397 1858 1571 1916 (Lucret.
1590 1862 1647 1901 IV
1676 1857 1809 1916 1200)

279 1924 473 1971 sustineo,
509 1923 742 1972 plerumque
774 1922 950 1961 detortos
983 1923 1023 1961 et
1054 1922 1215 1961 duratos
1247 1922 1287 1960 in
1325 1922 1500 1973 lapidem
1537 1922 1686 1974 digitos
1724 1923 1809 1961 eius

278 1979 510 2031 perfricans'
533 1994 564 2020 e.
586 1995 621 2031 q.
642 1994 671 2020 s.

398 2036 509 2080 333.
535 2041 762 2080 Priscianus
782 2040 848 2080 GL
867 2041 908 2079 II
927 2054 963 2091 p.
981 2042 1079 2090 507,
1100 2041 1168 2080 1Κ
1190 2038 1399 2080 ‘Similiter
1418 2041 1534 2080 scabo
1555 2041 1671 2080 scabi.
1703 2041 1809 2080 idem

278 2101 455 2139 Lucilius
485 2101 528 2138 in
553 2099 672 2139 VIJH
704 2097 918 2140 “scaberat
938 2131 945 2138 .
968 2131 974 2138 .
997 2130 1005 2138 .
1025 2097 1207 2140 costis''.'
1269 2101 1329 2139 De
1360 2113 1569 2151 porcorum
1601 2103 1809 2140 consuetu-

278 2160 370 2198 dine
402 2172 521 2209 quam
552 2160 626 2198 hoc
657 2160 743 2199 loco
775 2162 1057 2199 commemorat
1087 2159 1266 2200 Lucilius
1296 2161 1394 2199 haec
1424 2160 1549 2199 tradit
1572 2159 1808 2199 Aristoteles

278 2220 368 2258 hist.
396 2221 513 2257 anim.
539 2219 597 2258 VI
623 2231 707 2270 cap.
737 2221 790 2258 18
823 2234 859 2271 p.
889 2221 969 2259 571
987 2219 1012 2258 b
1040 2221 1092 2259 13
1109 2232 1215 2270 seqq.
1247 2218 1314 2259 καὶ
1345 2219 1387 2259 οἰ
1407 2219 1474 2267 ὕες
1505 2219 1547 2271 οἱ
1574 2217 1702 2273 ἄγριοι
1729 2251 1735 2258 .
1764 2251 1770 2258 .
1798 2250 1807 2260 .

277 2278 376 2331 πρὸς
406 2277 598 2330 ἀλλήλους
629 2276 700 2330 μὲν
730 2285 938 2318 ποιοῦνται
969 2279 1093 2332 μάχας
1123 2279 1371 2332 θαυμαστάς,
1404 2279 1688 2332 θωρακίζοντες
1717 2278 1808 2319 ἔαυ-

278 2337 370 2386 τοὺς
400 2336 466 2377 καὶ
497 2343 704 2386 ποιοῦντες
734 2338 777 2378 τὸ
815 2337 938 2391 δέρμα
975 2336 1028 2386 ὥς
1064 2339 1286 2391 παχύτατον
1322 2337 1366 2379 ἐκ
1401 2345 1672 2391 παρασκευῆς,
1709 2338 1808 2392 πρὸς

277 2397 323 2436 τὰ
355 2396 498 2451 δένδρα
528 2397 726 2450 τρίβοντες
756 2396 822 2437 καὶ
852 2401 905 2453 τῷ
930 2401 1040 2454 πηλῷ
1078 2398 1313 2450 μολύνοντες
1349 2398 1535 2446 πολλάκις
1571 2396 1637 2437 καὶ
1673 2398 1807 2451 ξηραί-

277 2472 412 2505 νοντες
443 2456 607 2504 ἑαυτούς
638 2453 746 2512 (Rer.
767 2460 847 2497 nat.
867 2459 1000 2508 script.
1021 2472 1059 2508 p.
1081 2459 1148 2511 25,
1170 2459 1224 2497 23
1239 2471 1348 2508 seqq.
1367 2453 1554 2513 Kelleri):
1575 2458 1670 2497 conf
1685 2458 1804 2496 schol.

278 2517 392 2556 Hom.
413 2517 458 2555 Il.
479 2517 535 2555 IX
557 2518 640 2556 539
666 2516 861 2569 κνώμενοι
891 2516 965 2570 γὰρ
996 2516 1096 2571 πρὸς
1125 2516 1171 2557 τὰ
1203 2516 1310 2568 φυτὰ
1339 2517 1539 2571 τρίβονται
1569 2516 1636 2556 καὶ
1665 2515 1807 2570 ἀγριώ-

277 2591 379 2629 τεροι
416 2576 591 2629 γίνονται
627 2577 804 2627 Xenoph.
830 2590 944 2616 mem.
970 2577 991 2616 I
1018 2579 1061 2626 2,
1089 2579 1145 2616 30
1181 2575 1327 2630 λέγεται
1370 2575 1439 2616 τὸν
1475 2576 1694 2629 Σωκράτην
1725 2608 1732 2615 .

278 2636 402 2675 εἰπεῖν
433 2635 492 2675 ὅτι
521 2634 637 2676 ὑικὸν
661 2635 772 2691 ἀὐτῷ
799 2636 937 2687 δοκοίη
967 2636 1130 2689 πάσχειν
1161 2633 1182 2675 ὃ
1212 2636 1376 2690 Κριτίας
1407 2635 1616 2687 ἐπιθυμῶν
1647 2639 1698 2691 τῷ
1726 2634 1804 2675 Εὐ-

277 2695 451 2750 θυδήμῳ
469 2699 748 2748 προσκνῆσθαι
768 2695 895 2748 ὥσπερ
913 2694 960 2734 τὰ
978 2695 1073 2735 ὕδια
1090 2699 1172 2743 τοῖς
1189 2696 1321 2743 λίθοις
1339 2696 1469 2746 Priap.
1489 2695 1694 2734 LXXXIII
1710 2694 1805 2734 1513

281 2752 385 2793 ‘nale
415 2755 560 2805 Priape
587 2786 594 2793 .
617 2787 623 2793 .
646 2786 654 2793 .
680 2756 867 2805 canisque
899 2767 1019 2794 saeua
1050 2768 1195 2806 susque
1226 2756 1358 2807 ligneo
1398 2755 1474 2794 tibi
1509 2755 1662 2795 lutosus
1700 2755 1805 2793 affri-

227 2860 233 2864 ‘
279 2814 386 2852 cabit
429 2814 597 2853 oblitum
639 2811 774 2854 latus'.
847 2815 1060 2854 Ablatiuus
1104 2816 1242 2854 arbore
1283 2815 1437 2865 positus
1486 2816 1546 2853 est
1593 2816 1639 2853 ut
1680 2814 1805 2852 Rutil.

278 2874 436 2913 Namat.
462 2874 483 2912 Ι
509 2875 611 2912 257:
646 2871 798 2913 ‘taurus
825 2905 832 2912 .
861 2906 868 2912 .
896 2905 904 2912 .
930 2876 978 2912 ut
1011 2875 1113 2913 solet
1150 2876 1324 2913 excussis
1362 2886 1536 2925 pugnam
1573 2873 1804 2924 praeludere

279 2933 403 2983 glebis
435 2934 572 2983 stipite
603 2946 691 2972 cum
717 2933 845 2984 rigido
872 2946 1019 2973 cornua
1043 2946 1169 2983 prona
1193 2931 1314 2973 terit'.
1366 2933 1558 2972 Contritis
1583 2946 1655 2983 pro
1680 2933 1805 2983 parti-

279 2992 383 3042 cipio
431 2995 632 3042 praesenti
680 2995 854 3042 positum
904 2996 964 3031 est
1012 2995 1057 3031 ut
1094 2994 1188 3031 Hor.
1216 3006 1328 3031 serm.
1354 2994 1395 3031 Π
1419 2994 1464 3043 4,
1498 2994 1551 3031 82
1599 2990 1803 3043 ‘neglectis
