2060 3444
296 308 384 353 324
841 305 942 342 xxx
967 319 1003 342 u.
1032 306 1278 342 1001—1005.

420 416 563 461 1001.
615 421 768 460 Nonius
818 434 854 471 p.
884 421 987 469 273,
1021 421 1074 459 27
1127 416 1362 470 ‘Colligere,
1412 419 1579 458 auferre.
1658 418 1837 459 Lucilius

298 482 364 521 lib.
385 482 493 520 XXX
532 478 647 519 “ruis
684 481 758 519 hoc
795 482 836 518 et
872 474 953 534 (est
989 474 1047 533 L)
1086 479 1240 531 colligis
1285 479 1419 518 omnia
1456 475 1658 518 furtim'’.'
1726 478 1838 518 Idem

297 557 334 593 p.
357 543 454 590 380,
476 542 506 579 6·
541 537 702 590 ε1111010,
744 541 893 578 irruere
937 540 1022 579 sine
1066 539 1234 579 cautela.
1301 539 1503 591 Vergilius
1546 538 1613 577 lib.
1634 538 1670 576 X
1711 532 1838 592 (811)

299 599 423 652 “quo,
448 601 651 650 moriture,
675 601 757 639 ruis
783 601 1014 650 maioraque
1034 599 1186 638 uiribus
1207 595 1386 638 audes?'’
1437 598 1616 638 Lucilius
1641 598 1709 637 lib.
1728 597 1838 637 XXX

299 658 414 701 “ruis
535 656 735 699 furtim”.'
797 660 895 704 Hoc,
928 672 1000 710 pro
1031 660 1117 704 huc,
1148 660 1193 697 ut
1225 669 1298 707 quo
1329 659 1415 697 ruis
1445 659 1488 697 in
1513 670 1630 697 uersu
1654 658 1837 710 Vergilii.

298 721 429 759 Verba
461 721 553 759 sunt
584 719 737 759 domini
768 719 819 758 ad
850 731 1009 759 seruum
1033 718 1219 757 infidum:
1253 715 1436 768 ‘cumque
1461 718 1554 768 abii,
1585 719 1668 757 ruis
1699 718 1774 757 hoc
1799 719 1840 756 et

260 805 262 807 -
299 781 455 832 colligis
488 781 622 818 omnia
653 776 821 818 furtim’.
885 778 1080 830 Colligere
1111 778 1352 817 uocabulum
1382 778 1549 829 uulgare
1581 779 1622 816 et
1646 777 1839 817 militare:

299 841 437 892 Veget.
470 840 518 879 de
556 853 599 878 re
637 840 752 878 milit.
779 838 841 878 111
868 839 921 878 25
963 836 1088 889 ‘prior
1125 851 1217 890 ergo
1256 838 1303 876 de
1344 838 1467 877 caesis
1501 838 1680 877 hostibus
1712 837 1841 888 spolia

300 902 453 951 capiat,
499 899 603 949 quod
646 899 724 949 ipsi
767 898 906 938 dicunt
945 895 1143 950 “colligat
1186 894 1431 948 campum’'.’
1488 897 1590 936 Non.
1617 911 1655 948 p.
1683 898 1758 947 87,
1785 898 1838 936 29

300 957 533 999 ‘conuasare
564 959 711 998 dicitur
741 959 848 998 furto
874 959 1009 997 omnia
1040 954 1254 1008 colligere':
1286 957 1379 996 uide
1409 958 1547 997 incert.
1574 970 1611 995 11.
1634 957 1760 996 1256.

422 1014 564 1059 1002.
596 1019 748 1058 Nonius
779 1032 816 1069 p.
839 1019 908 1068 35,
934 1019 989 1057 23
1024 1014 1221 1070 ‘Nugator
1259 1018 1377 1070 nugis
1407 1016 1600 1056 turbator.
1662 1016 1840 1056 Lucilius

299 1080 367 1118 lib.
388 1079 497 1117 XXX
523 1074 673 1127 “quam
700 1110 707 1117 .
730 1109 737 1117 .
760 1109 766 1116 .
793 1074 916 1118 uis''.’
972 1077 1136 1117 Domini
1167 1077 1288 1116 uerba
1314 1078 1406 1117 sunt
1431 1078 1502 1127 qui
1526 1089 1684 1116 seruum
1709 1075 1840 1115 uerbis

300 1140 481 1190 increpat
512 1132 637 1192 (Pers.
656 1138 693 1175 V
722 1133 826 1191 127)
864 1139 1075 1190 negantem
1112 1150 1194 1177 sese
1232 1136 1439 1176 dominum
1470 1148 1702 1188 agnoscere:
1736 1133 1842 1175 ‘mox

303 1200 398 1238 loris
429 1200 566 1247 ureris,
599 1211 718 1248 quom
750 1210 811 1236 me
843 1199 1015 1249 nugator
1045 1209 1149 1236 nunc
1181 1209 1415 1249 cognoscere
1446 1209 1526 1236 non
1556 1192 1645 1235 uis'.

424 1252 564 1298 1003.
605 1258 759 1296 Nonius
802 1271 839 1307 p.
869 1257 973 1307 283,
1005 1258 1059 1296 23
1118 1253 1304 1306 ‘Ducere,
1360 1256 1605 1305 existimare,
1654 1255 1840 1294 iudicare.

398 1318 574 1356 Lucilius
618 1317 685 1356 lib.
705 1317 814 1355 XXX
853 1313 963 1356 “non
1001 1317 1129 1355 datur.
1198 1316 1380 1355 admittit
1421 1329 1559 1365 nemo,
1596 1328 1667 1354 nec
1706 1316 1842 1354 uiuere

302 1373 511 1417 ducunt''.'
593 1375 676 1423 Quo
726 1377 927 1428 pertineat
978 1389 1134 1426 uersus,
1192 1376 1440 1427 intellegitur
1490 1376 1635 1415 collato
1686 1375 1841 1414 Terent.

302 1437 444 1488 Hecyr.
482 1437 564 1475 185
591 1449 698 1487 seqq.
751 1433 914 1476 ‘accersi
962 1436 1075 1475 iubet
1108 1467 1115 1474 .
1142 1467 1150 1474 .
1177 1466 1186 1474 .
1220 1447 1336 1475 nemo
1385 1435 1549 1475 remisit.
1628 1436 1842 1485 postquam

303 1498 509 1537 accersunt
539 1498 714 1548 saepius,
752 1509 914 1547 aegram
951 1508 1035 1535 esse
1073 1495 1265 1535 simulant
1301 1496 1519 1534 mulierem.
1581 1496 1719 1534 nostra
1747 1494 1842 1533 ilico

302 1557 336 1596 it
371 1558 499 1596 uisere
543 1556 595 1595 ad
637 1569 743 1595 eam:
788 1555 951 1594 admisit
993 1552 1125 1594 nemo'
1181 1555 1260 1595 Cic.
1292 1555 1334 1593 in
1371 1555 1482 1594 Verr.
1502 1555 1541 1592 V
1567 1555 1642 1604 35,
1670 1554 1724 1593 93
1769 1551 1843 1593 ‘ita

303 1619 390 1656 erat
420 1629 558 1656 seuera
590 1616 698 1655 domi
729 1615 952 1666 disciplina,
983 1617 1030 1654 ut
1059 1615 1101 1654 in
1132 1627 1173 1653 re
1211 1616 1328 1654 tanta
1366 1617 1408 1653 et
1437 1616 1522 1653 tam
1554 1614 1670 1666 graui
1700 1614 1843 1653 nuntio

304 1689 417 1716 nemo
462 1672 767 1715 admitteretur'.
834 1675 977 1726 Itaque
1020 1675 1117 1715 haec
1160 1675 1242 1714 fere
1286 1674 1573 1714 antecedebant
1617 1670 1843 1724 ‘aditusque

302 1737 464 1788 roganti
487 1749 567 1775 non
594 1735 721 1775 datur.
771 1734 963 1774 Admittit
984 1748 1112 1784 nemo,
1138 1747 1209 1774 nec
1229 1735 1364 1774 uiuere
1383 1730 1560 1774 ducunt'.
1612 1733 1843 1773 Subiectum

304 1809 390 1836 eum
427 1795 690 1846 supplendum
730 1797 816 1834 erat
857 1807 904 1833 ex
941 1794 1263 1835 antecedentibus
1295 1789 1540 1848 (Draegerus
1570 1795 1725 1845 syntax
1750 1793 1843 1833 hist.

303 1857 329 1895 l.
354 1855 442 1895 Lat.
469 1855 510 1894 Π
542 1855 589 1894 ed
626 1855 667 1894 11
697 1868 735 1905 p.
758 1849 875 1908 440).
938 1854 1203 1897 ,Arbitrantur
1238 1855 1428 1893 maritum
1469 1855 1618 1904 perisse
1655 1855 1698 1892 in
1727 1853 1842 1892 mari.

427 1909 567 1955 1004.
599 1915 754 1954 Nonius
784 1927 822 1964 p.
845 1915 942 1963 278,
966 1915 988 1952 7
1023 1911 1263 1964 ‘Delenitus,
1305 1914 1536 1953 delectatus.
1569 1943 1578 1952 .
1599 1943 1608 1952 .
1631 1944 1638 1951 .
1663 1913 1842 1952 Lucilius

304 1975 373 2014 lib.
393 1975 502 2013 XXX
550 1971 806 2024 “praeseruit
850 1973 963 2012 labra
1000 1974 1128 2012 delicit
1163 1973 1313 2012 delenit
1356 1969 1552 2018 amore''.’
1621 1973 1847 2022 praeseribit

305 2034 545 2073 uocabulum
575 2033 825 2072 Plautinum:
856 2032 1056 2083 Amphitr.
1086 2033 1168 2071 126
1204 2030 1264 2071 ‘ut
1294 2034 1541 2083 praeseruire
1572 2033 1725 2072 amanti
1754 2044 1843 2071 meo

306 2106 462 2144 possem
493 2089 634 2142 patri':
666 2092 779 2131 labra
804 2092 964 2141 delinyit
988 2091 1205 2131 Turnebus.
1261 2091 1490 2131 Athenaeus
1519 2091 1620 2130 VIII
1650 2106 1688 2142 p.
1711 2092 1794 2130 363
1812 2090 1841 2130 C

308 2184 316 2192 .
338 2184 346 2191 .
367 2183 375 2191 .
395 2149 596 2202 Ἔφιππος
633 2150 675 2190 ἐν
711 2154 764 2206 τῷ
802 2149 1103 2206 ἐπιγραφομένῳ
1141 2150 1307 2204 δράματι
1336 2146 1529 2202 Ἐμπολή·
1569 2149 1658 2204 περὶ
1687 2149 1842 2202 ἑταίρας

308 2210 350 2251 δέ
381 2226 487 2259 τινος
519 2209 618 2264 λέγει
644 2206 776 2265 (CAF
802 2211 843 2250 Π
867 2225 904 2261 p.
928 2212 1025 2260 254,
1053 2212 1076 2250 6
1092 2206 1160 2264 Κ)·
1192 2209 1321 2250 ἔπειτά
1346 2206 1376 2264 γ’
1399 2206 1569 2262 εἰσιόντ’,
1600 2208 1669 2249 ἐὰν
1694 2209 1837 2250 λυπού·

307 2286 424 2323 μενος
454 2270 550 2326 τύχῃ
580 2286 638 2318 τις
668 2267 795 2322 ἡμῶν,
825 2269 1079 2310 ἐκολάκευσεν
1103 2267 1242 2322 ἡδέως,
1273 2268 1459 2322 ἐφίλησεν
1485 2268 1572 2323 οὐχὶ
1596 2267 1842 2322 συμπιέσασα

307 2330 349 2370 τὸ
394 2329 517 2381 στόμα
550 2329 678 2383 ὥσπερ
715 2328 922 2382 πολέμιον,
959 2328 1055 2370 ἀλλὰ
1086 2333 1185 2371 τοῖσι
1223 2330 1450 2383 στρουθίοις
1488 2326 1652 2383 χανοῦσ’
1673 2327 1844 2382 ’ὃμοίως,

311 2384 394 2442 ἧσε,
414 2389 739 2442 παρεμυθήσατο,
758 2387 917 2441 ἐποίησέ
936 2384 979 2428 θ’
997 2389 1132 2442 ἱλαρόν
1152 2392 1229 2429 κτλ.
1250 2390 1399 2429 delenit
1419 2402 1551 2429 amore
1570 2387 1702 2443 θέλγει
1720 2387 1842 2442 ἔρωτι.

432 2444 572 2489 1005.
616 2450 770 2489 Nonius
819 2464 856 2500 p.
879 2451 982 2498 330,
1005 2450 1057 2488 16
1111 2446 1266 2489 ‘Induci
1315 2451 1374 2488 est
1423 2449 1623 2500 aliquibus
1673 2449 1842 2488 fallaciis

310 2510 449 2560 decipi.
510 2509 687 2548 Lucilius
718 2509 786 2548 lib.
806 2509 915 2547 XXX
948 2506 1077 2559 “quid
1109 2510 1336 2559 quaerimus
1368 2521 1457 2548 acre
1486 2509 1693 2548 inductum
1724 2510 1844 2548 cantu

310 2568 551 2608 custoditum
584 2563 796 2622 (stoditum
823 2569 862 2607 L
885 2581 935 2607 m.
958 2564 1064 2622 1)”.'
1120 2569 1259 2619 Neque
1285 2571 1402 2607 cantu
1426 2569 1556 2608 delere
1580 2568 1693 2608 uolui
1716 2580 1844 2618 neque

311 2641 399 2668 acre
428 2621 667 2667 uocabulum
697 2641 891 2678 spernere.
947 2627 1060 2673 Quod
1084 2627 1225 2667 Horat.
1251 2641 1371 2667 carm.
1396 2628 1417 2667 I
1444 2630 1510 2678 12,
1539 2631 1560 2667 1
1598 2625 1696 2667 ‘acri
1725 2624 1841 2667 tibia’

311 2688 428 2737 dixit,
470 2700 709 2739 magnopere
741 2688 846 2738 quod
882 2687 1024 2726 laudat
1059 2687 1224 2733 Quintil.
1250 2687 1350 2726 VIII
1377 2690 1419 2738 2,
1449 2689 1491 2738 9,
1533 2688 1646 2741 λιγύς
1687 2686 1845 2740 λιγυρός

311 2747 505 2787 Graecum
535 2748 707 2786 sectatus
738 2747 899 2786 uidetur
929 2759 1030 2786 esse:
1066 2746 1244 2787 Lucilius
1275 2747 1398 2786 uerba
1427 2747 1594 2787 Homeri
1615 2762 1652 2798 ,μ
1682 2747 1740 2786 44
1773 2747 1845 2797 qui

312 2807 359 2846 de
398 2806 600 2845 Sirenibus
644 2804 740 2846 ἀλλά
781 2820 822 2846 τε
852 2808 1042 2858 Σειρῆνες
1084 2808 1222 2862 λιγυρῇ
1266 2805 1479 2860 θέλγουσιν
1521 2804 1640 2862 ἀοιδῇ
1683 2805 1844 2845 uidetur

312 2879 394 2905 esse
424 2868 597 2905 secutus:
629 2867 723 2905 conf
744 2882 772 2918 μ
793 2867 875 2905 183
902 2865 1078 2905 Kaibelii
1102 2866 1239 2918 Epigr.
1267 2866 1332 2905 Gr.
1354 2867 1438 2906 582
1465 2863 1490 2917 ἡ
1516 2865 1616 2906 πολὺ
1634 2865 1844 2919 Σειρήνων

313 2923 549 2977 λιγυρωτὲρη
580 2928 658 2964 κτλ.
718 2926 857 2975 Neque
889 2926 1117 2965 custoditum
1155 2927 1232 2964 erit
1261 2925 1538 2977 temptandum
1569 2924 1765 2975 siquidem
1796 2925 1844 2963 de

313 2985 429 3022 Vlixe
456 2986 590 3036 agitur
615 2987 685 3035 qui
710 2997 750 3024 se
775 2985 919 3024 uinclis
943 2985 1042 3024 bene
1068 2986 1280 3037 alligatum
1304 2985 1356 3024 ad
1373 2986 1525 3024 malum
1543 2984 1844 3024 custodiendum

312 3043 534 3082 tradiderat
577 3045 703 3084 sociis.
748 3066 804 3071 —
848 3045 942 3094 quid
978 3043 1231 3093 quaerimus?
1260 3046 1287 3084 i.
1307 3058 1339 3084 e.
1376 3045 1430 3084 ad
1470 3057 1682 3095 summam,
1725 3044 1845 3084 sicuti
