2060 3444
280 252 366 295 392
830 251 959 287 incert.
987 251 1062 287 sed.
1088 263 1124 286 u.
1153 255 1255 287 1235.

277 365 363 414 ille,
408 365 477 413 qui
513 364 732 415 Diogenem
765 363 942 403 Stoicum
983 362 1223 414 adulescens,
1265 366 1358 415 post
1400 367 1534 405 autem
1576 366 1811 406 Panaetium
1872 392 1874 395 -

279 424 479 472 audierat,
523 423 699 473 Laelius,
744 436 788 462 eo
833 423 962 462 dictus
1007 424 1067 462 est
1103 424 1259 474 sapiens
1298 425 1403 474 quod
1442 438 1520 464 non
1563 426 1812 478 intellegeret

279 483 375 533 quid
406 482 687 522 suauissimum
719 485 821 522 esset
853 477 944 537 (nec
975 484 1080 521 enim
1111 485 1291 533 sequitur
1320 486 1377 534 ut,
1408 486 1475 523 cui
1502 498 1569 524 601
1599 487 1743 536 sapiat,
1774 487 1812 525 ei

279 556 358 582 non
390 543 522 592 sapiat
552 538 752 596 palatus),
783 543 851 582 sed
893 543 988 593 quia
1018 543 1135 593 parui
1164 543 1206 581 id
1239 544 1407 583 duceret.
1470 541 1525 583 ((0
1556 545 1718 596 lapathe
1745 577 1781 585 ..

278 603 490 641 necessatis
539 604 703 654 cognitu
752 603 822 652 qui
871 602 924 641 sis
1060 603 1215 654 gumias
1271 597 1346 656 (sic
1393 603 1600 644 Palatinus
1649 605 1812 655 primus,

275 663 433 710 yuimas
462 662 683 702 Vaticanus
715 663 755 700 et
786 656 1061 714 Erlangensis)
1094 676 1140 702 ex
1178 662 1315 702 ordine
1352 660 1551 704 nostros''.
1611 665 1813 715 praeclare

280 721 457 771 Laelius,
495 723 536 760 et
565 723 671 761 recte
703 722 859 772 sophos.
902 722 1081 772 illudque
1119 735 1210 761 uere
1249 719 1305 761 “o
1342 722 1459 762 Publi
1580 736 1813 773 acupensere

279 775 492 834 (accubans
524 793 612 820 aere
642 781 851 821 Palatinus
883 782 1034 832 primus
1067 783 1107 820 et
1136 782 1369 831 Vaticanus,
1400 784 1591 822 accubant
1620 795 1709 823 aere
1739 784 1812 823 Er-

277 835 498 894 langensis)
536 853 625 879 cum
656 837 906 880 decimano’'.
967 842 1001 880 is
1044 842 1142 880 haec
1181 843 1361 892 loquitur
1398 843 1484 892 qui,
1526 844 1569 882 in
1605 844 1814 895 uoluptate

270 898 378 939 'nihil
403 913 564 951 ponens,
589 902 710 952 negat
736 914 825 940 eum
850 900 948 940 bene
974 913 1113 940 cenare
1138 902 1209 951 qui
1227 903 1360 941 omnia
1378 903 1503 952 ponat
1526 903 1569 941 in
1588 903 1813 954 uoluptate:

280 962 320 999 et
367 961 502 999 tamen
551 957 686 1012 <non>
742 962 863 1012 negat
921 960 1091 1000 libenter
1138 975 1330 1011 umquam
1379 975 1537 1002 cenasse
1586 961 1814 1003 Gallonium

279 1015 533 1073 (mentiretur
564 1015 701 1074 enim),
732 1020 800 1059 sed
831 1020 940 1059 bene.
1001 1021 1060 1059 ita
1098 1022 1276 1072 grauiter
1312 1023 1353 1060 et
1389 1035 1527 1061 seuere
1563 1023 1814 1073 uoluptatem

279 1080 447 1118 secernit
478 1092 502 1118 a
532 1079 646 1118 bono.
710 1093 755 1118 ex
797 1092 874 1129 quo
911 1079 1015 1118 illud
1055 1080 1236 1129 efficitur,
1269 1082 1337 1131 qui
1367 1081 1465 1120 bene
1497 1083 1648 1131 cenent,
1680 1095 1814 1122 omnes

278 1139 448 1178 libenter
479 1152 628 1189 cenare,
661 1139 730 1189 qui
760 1139 941 1188 libenter,
971 1151 1051 1179 11011
1083 1141 1269 1179 continuo
1300 1140 1409 1182 bene.
1470 1154 1624 1191 semper
1654 1141 1814 1182 Laelius

277 1199 387 1238 bene.
445 1198 541 1248 quid
570 1197 697 1237 bene?
753 1199 858 1238 dicet
887 1198 1067 1238 Lucilius
1100 1194 1255 1253 (incert.
1282 1214 1321 1239 11.
1350 1195 1502 1253 1122):
1535 1197 1691 1251 eecocto,
1723 1214 1812 1241 con-

279 1255 408 1296 dito''.
459 1258 528 1297 sed
553 1259 647 1297 cedo
673 1259 794 1309 caput
820 1270 955 1298 cenae:
983 1256 1192 1299 “sermone
1217 1257 1364 1299 bono''.
1416 1260 1512 1310 quid
1537 1274 1584 1300 ex
1610 1260 1684 1300 eo?
1747 1259 1814 1301 “si

280 1319 454 1367 quaeris,
497 1314 711 1357 libenter'':
754 1318 940 1358 ueniebat
983 1320 1088 1358 enim
1139 1320 1189 1358 ad
1233 1332 1370 1358 cenam
1413 1322 1460 1358 ut
1504 1322 1636 1360 animo
1678 1323 1813 1372 quieto

279 1379 445 1416 satiaret
475 1377 670 1417 desideria
710 1380 877 1418 naturae
903 1409 910 1416 .
933 1409 941 1416 .
964 1409 970 1416 .
996 1392 1067 1418 nec
1097 1379 1253 1430 lapathi
1296 1381 1537 1419 suauitatem
1581 1383 1810 1431 acupenseri

279 1436 455 1476 Gallonii
485 1436 644 1477 Laelius
677 1438 943 1488 anteponebat
969 1468 977 1476 .
999 1468 1007 1476 .
1029 1435 1053 1476 .’
1082 1435 1224 1491 [Acro]
1257 1439 1307 1478 ad
1338 1439 1497 1479 Horatii
1526 1453 1753 1480 sermonum
1770 1441 1812 1480 Π

283 1499 320 1546 2,
347 1498 401 1534 47
436 1493 447 1510 (
465 1493 603 1535 ((11611(1
628 1497 688 1535 ita
712 1497 867 1548 pridem
894 1496 1055 1537 Galloni
1079 1498 1285 1548 praeconis
1311 1501 1398 1538 erat
1423 1500 1648 1550 acipensere
1678 1513 1815 1540 mensa

278 1552 490 1597 Infamis’'.
555 1556 746 1596 Gallonus
777 1557 943 1607 quidam
973 1558 1052 1596 fuit
1082 1570 1238 1608 praeco,
1269 1559 1338 1608 qui
1367 1559 1541 1598 habebat
1577 1561 1814 1610 apparatum

279 1615 518 1666 conuiuium,
551 1629 667 1666 quem
697 1615 872 1656 Lucilius
905 1617 1027 1655 etiam
1058 1618 1204 1668 pulsat.
1266 1617 1330 1657 hic
1368 1619 1490 1657 etiam
1522 1620 1816 1668 accipienserem

277 1677 427 1726 piscem
459 1677 540 1715 suis
578 1677 773 1715 conuiuiis
811 1674 1046 1716 exhibebat'.
1111 1676 1246 1716 Cicero
1284 1678 1397 1728 epist.
1424 1678 1473 1717 ad
1511 1678 1692 1718 Atticum
1717 1679 1815 1718 ΧΠΙ

281 1736 349 1784 52,
376 1738 397 1774 1
435 1731 591 1786 ‘Itaque
623 1738 664 1774 et
695 1735 777 1775 edit
808 1738 848 1775 et
877 1736 980 1775 bibit
1010 1734 1134 1784 ἀδεῶς
1166 1739 1206 1776 et
1235 1738 1417 1788 iucunde,
1455 1739 1618 1789 opipare
1650 1751 1743 1778 sane
1775 1741 1815 1778 et

281 1797 485 1846 apparate,
516 1808 586 1834 nec
610 1795 653 1834 id
677 1796 818 1845 solum,
843 1796 911 1835 sed
938 1793 1068 1835 “bene
1093 1798 1204 1836 cocto
1231 1799 1272 1836 et
1297 1797 1466 1848 condito,
1497 1811 1675 1838 sermone
1699 1799 1814 1848 bono,

281 1856 338 1903 et,
382 1855 415 1893 si
464 1855 639 1904 quaeris,
682 1852 882 1897 libenter'’
901 1852 911 1870 ’
965 1850 1118 1909 (incert.
1145 1870 1182 1895 u.
1206 1852 1352 1911 1122).
1390 1879 1442 1884 —
1485 1858 1581 1897 Inde
1625 1871 1648 1896 a
1679 1858 1815 1898 Dousa

278 1914 380 1952 libro
411 1914 469 1952 IV
500 1914 742 1964 adscribunt,
773 1928 845 1967 ego
877 1917 1040 1966 propter
1069 1916 1214 1954 herbae
1244 1918 1529 1968 panegyricum
1563 1930 1689 1968 paene
1719 1918 1814 1957 ridi-

280 1974 415 2012 culum
444 1973 547 2012 libro
577 1973 615 2010 V
644 1974 832 2013 libentius
864 1975 1130 2014 attribuerim:
1162 1976 1257 2014 conf
1285 1976 1335 2014 ad
1365 1976 1433 2015 lib.
1459 1976 1496 2013 V
1521 1991 1557 2015 11.
1582 1979 1664 2017 193
1738 1977 1814 2017 Lo-

281 2033 418 2083 quitur
461 2032 684 2072 Stoicorum
732 2034 896 2072 illorum
946 2035 1082 2083 quales
1131 2037 1244 2073 erant
1294 2035 1337 2081 Q.
1371 2035 1525 2074 Tubero
1569 2036 1611 2075 P.
1630 2037 1813 2076 Rutilius

280 2091 323 2137 Q.
343 2092 496 2131 Mucius
530 2091 721 2131 Scaeuola
754 2087 915 2146 (Athen.
940 2093 999 2131 VI
1035 2107 1072 2144 p.
1096 2095 1180 2132 274
1195 2091 1232 2145 6)
1267 2094 1412 2145 aliquis
1444 2096 1602 2135 similis:
1636 2096 1812 2135 Mucium

279 2151 409 2190 Laelii
445 2164 632 2203 generum
676 2153 718 2190 in
753 2153 944 2192 honorem
981 2153 1104 2192 soceri
1141 2154 1238 2193 haec
1274 2154 1417 2194 dixisse
1460 2153 1553 2205 apte
1596 2156 1816 2207 suspicetur

282 2211 426 2261 aliquis
469 2224 585 2261 quem
628 2224 767 2251 reuera
808 2213 1036 2262 loquentem
1078 2213 1180 2252 libro
1211 2213 1248 2250 V
1291 2213 1424 2253 induci
1468 2214 1602 2255 credas
1646 2229 1682 2254 u.
1711 2217 1814 2255 203:

283 2270 377 2309 conf
410 2269 487 2309 016.
513 2270 620 2309 Lael.
651 2273 671 2310 1
715 2269 773 2317 ‘Q.
794 2272 947 2311 Mucius
984 2270 1126 2324 Augur
1162 2273 1289 2312 multa
1326 2287 1487 2312 narrare
1525 2275 1573 2313 de
1612 2274 1652 2314 0.
1677 2274 1814 2315 Laelio

282 2342 415 2369 socero
453 2343 523 2369 suo
560 2331 787 2370 memoriter
823 2333 863 2370 et
899 2332 1068 2371 iucunde
1105 2332 1258 2372 solebat
1293 2346 1365 2372 1166
1401 2333 1583 2373 dubitare
1620 2334 1736 2373 illum
1772 2335 1815 2374 in

282 2391 390 2427 omni
432 2402 610 2429 sermone
654 2391 855 2441 appellare
900 2389 1157 2442 Sapientem’.
1224 2393 1382 2432 Mortuo
1423 2392 1560 2433 Laelio
1597 2395 1623 2432 i.
1649 2407 1681 2433 e.
1724 2396 1817 2445 post

284 2463 431 2488 annum
463 2450 547 2488 625
552 2445 571 2502 s
578 2451 660 2489 129
695 2446 804 2504 (uide
830 2452 1066 2502 interpretes
1098 2451 1148 2490 ad
1175 2451 1253 2491 016.
1279 2452 1386 2491 Lael.
1416 2448 1519 2507 104)
1545 2454 1642 2493 haec
1667 2454 1816 2505 scripta

282 2521 364 2548 esse
419 2510 458 2548 et
512 2510 711 2559 pertinere
766 2523 812 2549 ea
861 2510 913 2548 ad
965 2511 1088 2550 libros
1136 2511 1311 2550 I—-XXI
1364 2513 1481 2551 facile
1531 2515 1707 2564 apparet.
1756 2535 1816 2541 —

285 2569 410 2607 1235.
441 2580 463 2607 o
495 2565 665 2621 lapathe]
706 2582 822 2620 quem
860 2570 1136 2609 commendant
1170 2571 1311 2610 Varro·
1336 2571 1569 2622 Menippeus
1606 2573 1648 2612 in
1679 2574 1815 2612 satura

284 2622 387 2680 (318
403 2622 457 2682 Β)
490 2629 631 2668 similis
663 2631 907 2680 argumenti,
939 2631 1085 2669 allatus
1117 2643 1140 2669 a
1176 2630 1400 2683 Maduigio,
1436 2631 1498 2671 his
1529 2633 1661 2679 uerbis
1699 2629 1815 2672 ‘hanc

282 2687 448 2725 eandem
478 2688 727 2738 uoluptatem
766 2689 955 2728 tacitulus
985 2690 1111 2728 taxim
1148 2691 1335 2740 consequi
1373 2691 1554 2741 lapathio
1586 2693 1626 2730 et
1655 2693 1815 2742 ptisana

233 2755 239 2759 ’
282 2743 459 2796 possim’,
510 2748 606 2786 item
656 2747 848 2787 Horatius
898 2749 1009 2798 epod.
1035 2749 1076 2788 Π
1103 2750 1156 2788 57
1203 2747 1290 2788 ‘aut
1335 2750 1459 2789 herba
1501 2751 1655 2802 lapathi
1696 2754 1814 2802 prata

285 2807 455 2845 amantis
487 2807 527 2845 et
558 2807 672 2857 graui
702 2808 858 2846 maluae
891 2808 1066 2848 salubres
1098 2806 1280 2859 corpori'.
1313 2831 1370 2836 ——
1401 2813 1445 2848 ut
1472 2811 1628 2856 iactare,
1658 2811 1684 2849 i.
1705 2824 1737 2849 e.
1768 2813 1814 2850 ut

284 2866 545 2905 contemneris
583 2868 623 2905 et
660 2867 835 2906 abiectus
873 2867 993 2907 iaces:
1032 2867 1110 2907 016.
1137 2869 1188 2908 ad
1217 2868 1302 2907 Att.
1322 2869 1379 2907 XI
1406 2871 1473 2919 16,
1500 2871 1524 2909 3
1566 2867 1614 2908 ‘si
1643 2871 1815 2920 recipior

283 2924 331 2962 ab
369 2925 448 2974 his,
487 2926 592 2975 quod
629 2926 739 2965 uides
782 2940 861 2965 non
897 2927 1000 2978 fieri,
1036 2930 1170 2967 tamen
1214 2928 1345 2978 quoad
1385 2929 1534 2968 bellum
1580 2931 1672 2980 erit,
1716 2930 1814 2980 quid

285 2996 419 3034 agam,
457 2987 528 3023 aut
564 2985 633 3023 ubi
665 2986 757 3035 sim,
794 2999 872 3025 non
902 2988 1073 3037 reperio:
1111 2989 1172 3027 sin
1203 2988 1347 3037 iactor,
1385 3001 1430 3027 eo
1461 2986 1620 3028 minus'.
1681 2989 1811 3028 Plaut.
