2060 3444
264 288 352 330 236
832 286 951 322 XXVI
976 299 1010 321 u.
1039 290 1238 323 643-644.

264 401 336 439 hoc
368 412 485 438 uersu
517 412 654 438 uersus
689 400 785 438 618.
814 400 898 438 619
926 412 1023 449 quos
1050 400 1180 438 adfert
1204 399 1309 438 idem
1334 413 1371 450 p.
1401 401 1496 448 117,
1518 401 1571 439 31
1601 395 1797 450 ‘Genium‚

264 460 560 509 parsimoniam.
595 490 601 497 .
631 490 638 497 .
666 490 673 497 .
699 458 877 498 Lucilius
915 459 982 498 lib.
1008 459 1139 498 XXVI
1178 456 1321 498 “curet
1357 461 1564 511 aegrotum
1596 461 1798 510 sumptum
1870 506 1872 508 Ι

264 519 415 558 homini
446 519 636 570 praebeat
657 550 663 557 .
687 550 693 557 .
717 550 723 557 .
743 515 945 569 parcat''.'
995 519 1134 569 Neque
1166 521 1300 558 tamen
1328 519 1403 559 hoc
1426 519 1690 569 probauerim‚
1721 519 1798 559 nisi

266 578 371 629 quod
401 581 507 617 recte
539 579 741 618 horrorem
772 591 854 618 esse
886 579 1199 618 febricitantium
1229 578 1388 618 uidetur
1417 579 1677 618 intellexisse:
1709 579 1803 618 conf

265 638 363 677 Cels.
390 638 452 676 ΠΙ
480 640 503 677 3
531 652 568 688 p.
599 641 666 687 77,
693 640 745 677 21
763 638 946 678 Daremb.
1005 636 1135 677 ‘Aliae
1167 640 1270 678 enim
1303 639 1485 689 protinus
1517 651 1541 677 a
1573 639 1702 678 calore
1738 640 1798 677 in-

265 698 430 748 cipiunt,
462 698 565 737 aliae
593 712 615 736 a
640 699 800 749 frigore,
827 699 929 738 aliae
957 698 1006 736 ab
1031 696 1207 737 horrore'
1230 712 1261 738 e.
1283 712 1319 748 q.
1340 711 1368 738 s.
1395 698 1570 738 Scribon.
1596 698 1714 750 Larg.
1742 699 1796 737 95

267 755 391 797 ‘tollit
409 760 617 808 praeterea
635 759 816 797 horrores
837 758 966 797 febres
985 755 1277 808 praecedentes’
1294 752 1392 812 (Cic.
1414 758 1474 797 ad.
1489 757 1573 796 Att.
1588 758 1665 797 XII
1680 759 1725 796 θ’*
1739 752 1796 811 2).

264 818 323 857 De
360 818 609 857 uestimentis
649 817 747 857 Cels.
772 818 835 857 III
863 819 886 856 6
920 831 957 868 p.
986 819 1054 868 86,
1081 819 1134 856 26
1156 818 1340 857 Darcmb.
1376 814 1400 856 ‘.
1428 849 1435 856 .
1464 848 1470 855 .
1502 819 1598 856 tunc
1641 818 1799 856 demum

265 878 358 917 dare
389 878 503 929 potui
535 877 705 917 calidam
738 891 894 928 aquam,
926 879 1037 917 cuius
1069 878 1239 917 salubris
1271 878 1430 917 effectus
1456 879 1526 928 est,
1558 877 1591 916 si
1617 877 1799 917 sudorem

265 951 334 988 per
365 939 499 976 omnia
535 937 713 976 membra
749 937 946 976 diffundit.
1008 938 1138 976 Huius
1177 939 1307 976 autem
1345 938 1403 976 rei
1440 949 1560 976 causa
1599 938 1800 976 continere

265 1010 383 1048 aeger
414 998 488 1036 sub
520 999 630 1036 ueste
662 998 760 1036 satis
791 998 919 1036 multa
950 1010 1091 1037 manus
1123 998 1240 1036 debet
1271 997 1484 1048 eademque
1516 1010 1630 1036 crura
1663 997 1800 1048 pedes-

266 1071 342 1107 que
373 1059 597 1109 contegere:
637 1071 715 1107 qua
749 1057 929 1108 plerique
969 1070 1106 1108 aegros
1143 1058 1184 1095 in
1222 1058 1310 1107 ipso
1348 1057 1469 1096 febris
1505 1058 1659 1108 impetu
1695 1057 1800 1096 male

264 1114 446 1165 habent’3
482 1119 504 1155 7
532 1131 569 1167 p.
598 1118 666 1166 89,
694 1119 745 1156 31
768 1117 952 1156 Daremb.
988 1114 1082 1156 ‘Vbi
1114 1117 1349 1156 utrumlibet
1378 1117 1527 1156 factum
1560 1118 1636 1166 est,
1673 1117 1800 1155 multa

264 1179 374 1216 ueste
400 1176 634 1227 operiendus
661 1178 721 1216 est
747 1179 786 1215 et
811 1177 1061 1217 collocandus
1086 1179 1132 1216 ut
1152 1174 1354 1226 dormiat'3
1381 1178 1405 1215 9
1426 1190 1463 1227 p.
1486 1178 1554 1226 91,
1575 1177 1599 1215 5
1614 1176 1798 1216 Daremb.

269 1234 362 1275 ‘fuit
404 1236 521 1275 Petro
567 1236 746 1286 quidam,
791 1237 861 1286 qui
903 1237 1195 1276 febricitantem
1238 1237 1439 1276 hominem
1475 1237 1544 1275 ubi
1584 1238 1799 1286 acceperat,

265 1296 402 1336 multis
433 1297 681 1335 uestimentis
713 1297 928 1346 operiebat,
959 1298 1005 1335 ut
1035 1297 1153 1336 simul
1185 1297 1356 1335 calorem
1386 1297 1588 1348 ingentem
1613 1295 1800 1345 sitimque

265 1353 483 1406 excitaret'3
515 1356 651 1395 quen.
679 1356 735 1394 VI
763 1357 845 1395 236
888 1353 1073 1395 ‘aduocat
1109 1356 1358 1407 Archigenen
1398 1368 1640 1406 onerosaque
1674 1355 1800 1406 pallia

264 1413 403 1455 iactat'
432 1416 500 1454 ubi
525 1416 615 1454 uide
642 1416 890 1466 interpretes.
921 1437 971 1442 —
1001 1417 1243 1466 exacturum,
1269 1416 1398 1454 Plaut.
1427 1414 1539 1466 Capt.
1569 1417 1678 1454 1001
1715 1412 1801 1454 ‘ubi

265 1476 400 1515 labore
430 1476 623 1514 lassitudo
650 1477 711 1515 est
735 1475 932 1528 exigunda
958 1489 1004 1515 ex
1030 1473 1218 1526 corpore’.
1275 1475 1444 1515 Versum
1469 1475 1685 1527 coniungas
1711 1488 1797 1514 cum

267 1535 524 1575 antecedenti.
1507 1549 1511 1556 ⁸

385 1590 495 1635 644.
528 1595 681 1634 Nonius
707 1610 743 1646 p.
775 1596 871 1644 110,
900 1596 952 1634 18
987 1592 1239 1647 Tulgorinib,
1271 1595 1468 1647 fulgorem
1501 1596 1595 1634 fecit
1629 1595 1694 1634 uel
1723 1594 1800 1633 ful-

267 1657 373 1694 mine
393 1655 558 1694 afflauit.
583 1687 589 1693 .
606 1686 613 1693 .
630 1686 637 1694 .
652 1655 828 1694 Lucilius
847 1655 913 1694 lib.
927 1654 1060 1693 XXVI
1080 1652 1294 1704 “luporum
1314 1657 1552 1694 exauctorem
1570 1655 1800 1694 malucmum

268 1718 302 1754 ct
319 1716 588 1764 fulquritatem
608 1712 852 1754 arborum’'.'
892 1715 1071 1754 lucorum
1091 1715 1392 1754 Lachmamnus:
1417 1715 1553 1754 eodem
1570 1714 1688 1753 modo
1707 1725 1801 1763 orpo

266 1788 338 1825 pro
370 1787 456 1814 orco
488 1775 598 1814 codd.
625 1789 661 1813 u.
689 1776 786 1814 663.
836 1775 985 1814 Nemus
1011 1774 1212 1814 Albanum
1237 1776 1481 1814 memoratur
1504 1774 1591 1813 Liu.
1611 1773 1648 1811 V
1670 1774 1737 1824 15,
1756 1775 1800 1813 2:

267 1835 361 1874 conf
384 1834 461 1874 Cic.
487 1847 560 1885 pro
585 1834 669 1873 Mil.
696 1835 750 1874 85
786 1831 871 1874 ‘uos
905 1835 1010 1873 enim
1046 1836 1146 1884 iam,
1183 1833 1332 1873 Albani
1368 1834 1514 1873 tumuli
1551 1836 1670 1884 atque
1706 1833 1801 1883 luci,

267 1907 356 1943 uos,
393 1895 578 1944 inquam,
614 1895 784 1945 imploro
817 1896 936 1944 atque
970 1892 1173 1933 obtestor'.
1235 1894 1462 1934 Familiaris
1498 1895 1532 1933 is
1569 1894 1678 1933 locus
1715 1894 1802 1932 erat

269 1954 440 2003 Lucilio,
484 1967 573 1992 cum
615 1955 700 1993 illic
736 1954 952 1993 Aemiliani
994 1955 1118 1993 fuerit
1154 1953 1355 1993 Albanum
1393 1951 1522 2007 (Poro.
1548 1954 1673 1993 Licin.
1699 1953 1801 1991 FPR

267 2027 303 2064 p.
334 2015 417 2053 278
433 2008 678 2066 Baehrens).
728 2014 855 2053 Lucos
880 2013 1056 2053 Albanos
1088 2026 1220 2054 sacros
1252 2014 1373 2052 fuisse
1404 2026 1454 2052 ne
1481 2012 1615 2052 Cicero
1641 2013 1800 2063 quidem

213 2078 222 2084 ’
268 2074 293 2111 l.
320 2086 348 2112 s.
369 2086 398 2112 s.
427 2073 595 2111 indicat:
632 2074 742 2112 fuere
778 2085 871 2123 pars
909 2074 1079 2112 nemoris
1116 2072 1263 2111 Albani
1301 2072 1406 2123 quod
1443 2073 1580 2112 Liuius
1624 2073 1802 2122 appellat

268 2134 293 2173 1.
320 2146 348 2172 s.
376 2145 404 2171 s.
438 2128 556 2186 (Cato
582 2146 620 2182 p.
650 2135 716 2182 12,
744 2133 768 2171 8
788 2133 892 2171 Iord.
927 2129 1073 2171 ‘lucum
1106 2133 1296 2171 Dianium
1326 2133 1368 2171 in
1399 2145 1558 2171 nemore
1587 2126 1798 2184 Aricino').

268 2191 471 2231 Albanum
502 2193 746 2231 Duentzerus
781 2194 821 2231 et
851 2192 1127 2232 Lachmannus
1165 2193 1423 2244 agnouerunt.
1478 2192 1589 2230 Idem
1619 2191 1799 2242 Lipsium

269 2254 424 2291 secutus
457 2252 563 2302 quod
593 2253 727 2302 posuit
758 2254 970 2291 exactorem
999 2265 1079 2291 non
1114 2252 1314 2303 intellego.
1375 2251 1513 2302 Neque
1552 2254 1800 2291 eoeauctorare

268 2311 506 2350 uocabulum
538 2313 631 2351 ante
662 2314 835 2351 aetatem
859 2312 1033 2364 Augusti
1062 2313 1199 2351 inueni
1228 2313 1474 2362 usurpatum.
1524 2311 1673 2351 Tamen
1705 2310 1801 2360 quid
1836 2327 1839 2330 ’

268 2371 514 2422 probabilius
547 2384 665 2421 quam
697 2372 895 2410 Lucilium
926 2371 1095 2411 militari
1112 2372 1318 2411 'uocabulo
1349 2371 1412 2410 uti
1444 2383 1533 2410 cum
1561 2372 1648 2421 ipse
1678 2370 1802 2409 fuerit

269 2432 341 2470 issa
371 2433 503 2470 aetate
534 2431 648 2470 miles
687 2430 993 2471 exauctoratus?
1043 2431 1249 2471 Sententia
1285 2431 1518 2482 imperfecta
1554 2432 1632 2480 est,
1669 2430 1800 2480 qualis

269 2492 391 2529 fuerit
433 2492 503 2541 qui
548 2491 796 2530 desideratur
844 2491 1111 2540 accusatiuus‚
1159 2492 1372 2530 incertum:
1423 2490 1598 2540 arbores,
1648 2491 1800 2540 opinor,

270 2552 451 2590 uetustae
483 2552 524 2589 et
554 2551 770 2603 fulguritae
802 2553 1081 2601 comparantur
1111 2550 1311 2589 ueteribus
1343 2552 1383 2589 et
1413 2550 1556 2589 sauciis
1593 2550 1800 2599 militibus,

271 2610 413 2659 quibus
444 2610 579 2649 missio
612 2610 730 2649 datur
763 2611 882 2649 sicuti
918 2611 1067 2661 legitur
1096 2610 1252 2649 Petron.
1281 2611 1334 2648 66
1376 2607 1536 2659 ‘pernae
1572 2609 1800 2649 missionem

271 2667 476 2709 dedimus'.
543 2670 591 2708 In
627 2664 727 2709 lucis
770 2671 891 2709 sacris
934 2683 1080 2721 magna
1117 2669 1307 2720 religione
1346 2669 1500 2709 hostiae
1542 2669 1800 2708 immolantur

273 2726 395 2779 ‘quod
425 2730 469 2767 ui
497 2731 747 2779 tempestatis
777 2731 860 2768 ictu
897 2729 1075 2768 fulminis
1113 2729 1272 2769 arbores
1313 2728 1414 2767 sacri
1450 2729 1531 2767 luci
1560 2729 1668 2767 Deae
1698 2728 1800 2766 Diae

272 2790 446 2828 attactae
483 2789 689 2827 arduerint
725 2801 938 2839 earumque
976 2790 1161 2828 arborum
1198 2788 1460 2828 eruendarum
1496 2789 1600 2827 ferro
1638 2787 1800 2827 fenden-

226 2867 231 2871 ·
272 2848 413 2886 darum
444 2844 727 2887 adolendarum
758 2849 1117 2888 commolendarum
1147 2849 1246 2887 item
1271 2848 1441 2887 aliarum
1465 2847 1800 2886 restituendarum

272 2904 405 2946 causa’
431 2907 534 2947 Acta
558 2908 694 2947 Arual.
722 2909 816 2947 anni
843 2910 927 2947 224
955 2908 1039 2947 CIL
1064 2908 1122 2946 VI
1148 2910 1281 2947 2107:
1307 2909 1432 2947 siluae
1455 2907 1637 2958 publicae
1664 2919 1688 2945 a
1712 2919 1799 2945 cen-

273 2966 424 3005 soribus
455 2967 690 3006 locabantur
726 2967 950 3018 publicanis
977 2967 1055 3007 Cic.
1082 2968 1194 3007 Brut.
1221 2968 1275 3006 85
1291 2980 1416 3018 seqq.‚
1452 2967 1523 3005 ubi
1560 2967 1607 3005 de
1638 2966 1799 3017 picariis

272 3026 315 3064 in
347 3025 432 3065 Sila
463 3027 567 3065 silua
597 3028 741 3079 agitur.
804 3026 1006 3072 Quomodo
1040 3040 1211 3078 quaque·
1234 3028 1322 3078 lege
1352 3027 1455 3065 silua
1491 3026 1641 3065 caedua
1676 3025 1800 3065 locari
