2060 3444
956 895 999 952 Ι.

330 1063 391 1103 De
422 1063 544 1102 titulo
568 1062 663 1101 libri
687 1061 779 1100 uide
811 1061 863 1101 ad
887 1075 925 1100 u.
955 1063 1020 1101 19.
1077 1060 1199 1101 Liber
1228 1060 1249 1100 I
1274 1062 1396 1101 sicuti
1422 1061 1525 1101 alter
1549 1063 1590 1101 et
1613 1061 1757 1101 tertius

211 1136 338 1163 unam
374 1122 651 1163 tantummodo
689 1123 934 1161 continuisse
971 1121 1132 1161 uidetur
1168 1123 1350 1161 saturam
1386 1121 1505 1161 unius
1531 1123 1759 1174 argumenti

213 1195 293 1235 quo
326 1183 375 1222 de
406 1184 642 1235 argumento
673 1181 765 1221 uide
795 1181 974 1233 prolegg.
1000 1195 1038 1232 p.
1058 1180 1207 1220 XXXV
1233 1193 1342 1233 seqq.

335 1238 379 1283 1.
417 1242 546 1282 Varro
585 1241 632 1281 de
669 1241 809 1294 lingua
846 1241 935 1281 Lat.
955 1254 982 1281 v
1010 1243 1063 1280 17
1099 1238 1151 1280 Ἃ
1199 1253 1278 1292 qua
1323 1241 1516 1293 bipertita
1560 1240 1757 1300 diuisipne

209 1302 421 1343 Lueretius
457 1315 620 1343 suorum
656 1314 781 1341 ummo
819 1304 860 1341 et
896 1302 1048 1354 uiginti
1090 1301 1284 1341 librorum
1320 1302 1483 1341 initium
1527 1302 1624 1341 fecit
1665 1302 1759 1341 hoc:

212 1359 417 1403 “aetheris
445 1394 452 1401 .
475 1393 482 1402 .
505 1393 514 1402 .
538 1358 757 1413 tempus''.'
814 1362 1026 1402 Lucretius
1048 1362 1196 1402 falsum
1227 1374 1311 1401 esse
1344 1361 1524 1415 Scaliger
1553 1361 1658 1401 uidit
1689 1362 1758 1413 qui

210 1425 317 1464 recte
348 1423 494 1463 Lucilii
525 1436 670 1462 nomen
700 1423 898 1462 restituit:
931 1422 1069 1461 eadem
1100 1422 1328 1473 corruptela
1360 1422 1408 1461 de
1439 1422 1465 1461 l.
1485 1422 1575 1461 Lat.
1598 1422 1675 1461 VII
1702 1423 1758 1462 94

211 1477 366 1538 (incert.
386 1497 423 1522 u.
450 1478 601 1538 1118):
639 1483 867 1522 scribebant
903 1482 1061 1522 librarii
1100 1479 1167 1522 luc
1205 1477 1362 1536 (incert.
1382 1496 1420 1521 u.
1445 1484 1572 1531 1311,
1606 1481 1757 1521 Charis.

209 1557 248 1594 p.
270 1544 369 1594 207,
396 1545 421 1583 3
442 1538 499 1598 Κ)
530 1556 603 1594 pro
628 1543 811 1583 Lucilius
837 1544 878 1582 et
905 1555 978 1594 pro
1003 1543 1224 1583 Lucretius
1256 1544 1378 1582 unius
1402 1555 1476 1593 pro
1500 1554 1626 1582 unum
1652 1542 1760 1593 quod

211 1604 501 1644 ecclesiasticae
537 1603 672 1655 potius
710 1605 813 1642 esset
849 1602 1085 1642 Latinitatis
1117 1597 1297 1657 (Neueus
1338 1602 1386 1640 de
1417 1602 1556 1642 formis
1588 1603 1613 1641 l.
1634 1602 1678 1641 L.
1699 1597 1760 1641 11⁸

210 1677 250 1715 p.
272 1658 378 1718 295)
409 1664 546 1714 posuit
575 1662 734 1702 Laetus.
796 1662 931 1702 Possit
961 1662 1145 1701 dubitare
1177 1664 1268 1713 quis
1305 1661 1453 1702 Lucilii
1483 1674 1629 1702 nomen
1659 1676 1757 1701 num

210 1725 317 1763 recte
354 1735 378 1762 a
414 1723 512 1763 uiris
550 1723 677 1762 doctis
706 1723 782 1761 hoc
812 1723 900 1762 loco
933 1724 1186 1774 agnoscatur,
1223 1723 1258 1761 si
1294 1735 1375 1761 non
1413 1724 1615 1762 constaret
1652 1734 1758 1762 nouo

211 1784 340 1823 metro
372 1783 637 1834 compositum
666 1783 790 1822 fuisse
821 1782 970 1821 Lucilii
1000 1781 1147 1821 librum
1178 1782 1305 1833 XXII,
1337 1782 1485 1822 librum
1515 1782 1610 1821 XXI
1640 1783 1759 1822 huius

213 1856 334 1895 quam
358 1842 488 1883 Varro
525 1844 809 1882 commemorat
847 1843 1092 1882 collectionis
1129 1843 1254 1882 fuisse
1283 1842 1492 1882 ultimum:
1531 1843 1638 1894 quod
1668 1842 1758 1883 ideo

213 1905 398 1954 apertum
428 1905 489 1942 est
520 1903 627 1953 quod
656 1915 707 1941 ne
737 1916 862 1942 unum
893 1902 1054 1954 quidem
1084 1902 1203 1942 hodie
1235 1904 1319 1943 eius
1356 1902 1453 1941 libri
1490 1905 1603 1942 extat
1641 1916 1759 1943 uoca-

212 1963 362 2002 bulum.
419 1962 550 2002 Varro
574 1963 682 2002 hunc
706 1961 851 2002 Lucilii
877 1975 1041 2002 uersum
1066 1962 1244 2002 omnium
1269 1965 1370 2014 quot
1396 1963 1545 2002 adtulit
1569 1975 1759 2003 uersuum

212 2022 360 2062 Lucilii
395 2024 572 2074 primum
608 2023 760 2074 posuit:
799 2034 878 2073 quo
915 2035 1035 2062 uersu
1071 2024 1192 2074 poeta
1229 2035 1310 2062 non
1340 2025 1425 2062 tam
1457 2023 1604 2062 librum
1635 2023 1657 2062 I
1687 2024 1760 2074 qui

213 2082 378 2122 deorum
421 2083 635 2122 concilium
683 2082 913 2122 continebat
961 2096 1085 2133 quam
1133 2084 1263 2122 totam
1305 2082 1419 2122 illam
1464 2096 1587 2134 quam
1628 2082 1759 2123 Varro

213 2143 396 2182 nominat
431 2155 592 2183 exorsus
630 2145 690 2182 est
727 2144 956 2183 saturarum
987 2143 1273 2182 collectionem.
1337 2143 1587 2182 Sententiam
1617 2146 1760 2194 poetae

212 2203 332 2242 iuuat
376 2203 573 2254 explicare
611 2203 780 2242 conlatis
817 2203 1000 2242 uersibus
1037 2203 1236 2254 Propertii
1273 2202 1316 2242 H
1343 2204 1417 2253 10,
1445 2205 1468 2243 1
1497 2213 1604 2254 seqq.
1669 2200 1761 2243 ‘Sed

214 2265 365 2313 tempus
395 2264 564 2303 lustrare
595 2263 686 2302 aliis
717 2263 910 2303 Helicona
951 2264 1097 2302 choreis
1127 2263 1183 2302 Et
1213 2275 1396 2313 campum
1426 2264 1648 2303 Haemonio
1677 2265 1761 2303 iam

218 2323 316 2363 dare
347 2326 498 2373 tempus
529 2320 652 2372 equo',
679 2322 852 2363 Senecae
878 2317 1006 2377 (PLM
1031 2323 1089 2362 IV
1114 2337 1152 2374 p.
1176 2324 1231 2362 74
1257 2323 1291 2362 B
1311 2340 1369 2355 =
1389 2323 1460 2362 AL
1480 2318 1520 2362 1²
1543 2337 1581 2374 p.
1604 2325 1688 2363 329
1704 2318 1758 2378 R)

217 2379 335 2423 ‘Esse
359 2384 429 2423 tibi
453 2383 589 2423 uideor
613 2383 839 2423 demens...
868 2383 979 2432 Quod
1001 2394 1082 2422 non
1107 2386 1177 2423 aut
1199 2385 1336 2433 mayn&
1353 2385 1523 2423 scribam
1533 2385 1762 2434 primordia

215 2439 368 2482 mumdi'
403 2437 568 2497 (Paneg.
587 2442 761 2483 Messall.
784 2436 871 2497 18').
935 2442 1162 2482 Genitabile
1199 2445 1260 2493 est
1297 2442 1404 2494 quod
1442 2442 1584 2482 Graeci
1621 2443 1761 2483 dicunt

215 2501 258 2542 τὸ
302 2501 468 2555 γόνιμον
512 2497 577 2557 (αἱ
615 2500 730 2542 καλαὶ
772 2501 840 2542 καὶ
882 2501 1040 2556 γόνιμοι
1076 2508 1156 2542 τῶν
1194 2501 1296 2543 ’ὅλων
1335 2497 1433 2556 ὧραι
1472 2499 1679 2556 [Aristot]
1712 2503 1760 2543 de

215 2562 348 2601 mund.
371 2563 396 2602 5
427 2576 465 2613 p.
488 2563 571 2602 397
606 2575 631 2602 a
665 2559 739 2613 12)
777 2562 884 2614 quod
919 2563 1164 2603 uocabulum
1199 2564 1369 2602 nouauit
1399 2562 1577 2603 Lucilius
1608 2577 1761 2604 memor

216 2622 392 2661 Enniani
416 2622 606 2662 uocabuli
627 2623 811 2672 yenitalis
833 2635 922 2662 ann.
941 2623 1024 2662 115
1040 2622 1089 2672 V,
1114 2623 1270 2662 Lucilio
1290 2622 1409 2662 debet
1426 2623 1638 2663 Lucretius
1651 2624 1672 2662 I
1686 2626 1759 2663 11:

217 2681 324 2721 idem
366 2681 404 2720 V
444 2683 556 2721 1212
600 2679 755 2721 ‘mundi
803 2682 990 2734 genitalis
1039 2680 1181 2735 origo'.
1255 2683 1425 2722 Versum
1478 2684 1761 2733 pronuntiauit

217 2744 358 2792 poetae
399 2755 516 2792 quem
555 2741 672 2794 fingit
708 2742 980 2792 aduersarius,
1022 2744 1092 2793 qui
1129 2756 1220 2782 eum
1257 2743 1309 2782 ad
1346 2742 1512 2794 physica
1547 2744 1761 2783 tractanda

217 2803 352 2851 potius
405 2803 674 2841 commoneret
725 2803 844 2841 sicuti
896 2802 1150 2844 aduersarius
1201 2803 1269 2842 lib.
1302 2802 1435 2841 XXVI
1471 2803 1498 2841 i.
1531 2816 1563 2842 e.
1616 2805 1759 2843 tertiae

219 2861 462 2901 collectionis
486 2862 616 2912 primo
641 2863 804 2911 poetam
828 2863 1039 2901 monuerat
1063 2857 1122 2916 (u.
1145 2863 1243 2902 620.
1266 2857 1382 2916 621).
1435 2859 1572 2902 ‘Hunc
1590 2863 1760 2904 laborem

219 2919 366 2967 swma‘s,
398 2922 556 2961 laudem
586 2923 653 2970 qui
683 2922 754 2961 tibi
785 2933 832 2961 ac
861 2923 1035 2971 fructwm
1064 2923 1168 2971 ferat
1196 2922 1392 2972 Percrepa
1414 2933 1596 2973 pugnam
1619 2923 1759 2973 Popili,

218 2981 327 3030 facta
359 2980 516 3021 Corneli
546 2977 669 3021 came'.
725 2980 853 3021 Senex
882 2983 1004 3032 poeta
1032 2981 1095 3020 his
1126 2982 1259 3022 uerbis
1290 2982 1567 3034 philosophiae
1599 2995 1759 3034 operam

220 3053 263 3080 se
319 3040 480 3080 dedisse
530 3040 670 3080 sedulo
726 3041 927 3093 significat
977 3040 1215 3081 Clitomachi
1277 3043 1446 3082 amicus:
1510 3042 1760 3083 Parmenidis

291 3113 407 3140 Lucilii
425 3114 490 3140 tell.
504 3114 548 3140 ed.
562 3113 672 3140 MAu.
709 3114 749 3140 11.
1177 3104 1179 3106 ,
1453 3112 1471 3144 1
