2060 3444
797 265 879 302 XIX
906 279 941 302 u.
970 268 1170 302 559—564.
1678 263 1764 306 209

215 383 309 432 post
350 381 503 420 homin?
541 381 731 421 excidisse
769 382 874 420 recte
913 382 1058 420 statuit
1093 380 1391 420 Lachmannus:
1431 379 1571 419 Horat.
1605 380 1720 431 epist.
1744 379 1767 429 I

219 444 293 492 11,
327 442 351 480 3
403 437 572 481 ‘fnaiora
622 443 828 481 minorane
876 438 999 480 fama'
1044 440 1170 480 Lucil.
1208 440 1275 479 lib.
1308 440 1424 479 XXII
1460 454 1497 478 ιι.
1539 440 1636 479 582.
1706 439 1765 478 Ex

215 502 360 541 habeas
403 501 507 551 quod
552 503 733 552 sequitur
777 502 1041 553 supplendum
1087 497 1245 539 ‘aurum
1286 502 1349 540 uis
1387 497 1581 540 habere?'
1628 499 1766 538 eodem

217 561 334 615 modo
367 573 444 612 quo
477 561 621 601 Latine
653 562 800 601 dicitur
830 563 918 601 uolo
951 564 984 601 te
1008 563 1164 610 paucis.
1222 560 1366 610 Quare,
1397 562 1444 599 ut
1475 560 1655 610 dicimus,
1689 572 1767 599 non

217 621 352 671 uideo,
397 621 494 672 quid
530 622 595 661 hic
631 624 673 661 in
711 623 872 661 homine
911 634 1034 661 auaro
1071 634 1312 672 magnopere
1351 622 1502 671 optem:
1545 622 1586 659 et
1623 634 1766 660 aurum

217 682 352 722 sordet
389 683 429 721 et
467 681 651 722 dominus
684 684 783 721 auri.
846 681 974 721 Varro
1007 683 1080 721 sat.
1107 681 1280 732 Menipp.
1309 681 1395 720 404
1410 681 1443 719 Β
1487 678 1535 720 ‘si
1569 682 1767 731 quantum

218 754 361 793 operae
393 743 610 793 sumpsisti,
642 745 688 782 ut
715 745 812 794 stuus
843 742 974 793 pistor
1003 741 1154 781 bonum
1185 742 1335 780 faceret
1365 754 1522 792 panem,
1555 741 1639 781 eius
1671 740 1766 779 duo-

218 802 412 842 decimam
455 805 610 853 partem
655 803 933 855 philosophiae
971 802 1162 852 dedisses,
1206 802 1291 852 ipse
1329 801 1455 841 bonus
1493 803 1575 840 iam
1612 801 1768 852 pridem

218 874 322 902 esses
365 863 505 902 factus.
581 876 685 903 nunc
726 864 842 902 illum
887 863 955 913 qui
1000 864 1165 912 norunt,
1216 863 1359 901 uolunt
1402 875 1531 901 emere
1573 858 1767 900 “milibus

219 919 426 973 centum'’,
457 925 497 962 te
531 924 600 974 qui
632 923 747 963 nouit
777 935 892 962 nemo
926 919 1148 962 centussis'.
1213 921 1430 973 Comparat
1462 923 1660 962 Mercerus
1688 921 1766 961 Cic.

219 983 267 1022 de
306 983 368 1022 off.
401 983 442 1022 Π
478 985 529 1022 71
579 980 721 1030 ‘Quam
767 983 816 1023 ob
859 996 944 1022 rem
986 983 1129 1023 melius
1174 983 1282 1034 apud
1325 983 1450 1023 bonos
1495 996 1617 1033 quam
1661 981 1769 1033 apud

219 1044 446 1083 fortunatos
484 1043 717 1083 beneficium
755 1044 942 1083 collocari
980 1045 1090 1094 puto.
1159 1043 1303 1082 Danda
1341 1045 1503 1083 omnino
1545 1056 1665 1094 opera
1698 1045 1770 1093 est,

219 1106 265 1142 ut
296 1105 405 1142 omni
436 1104 571 1156 generi
604 1106 702 1144 satis
731 1104 862 1144 facere
888 1105 1095 1155 possimus.
1154 1103 1230 1142 Sed
1257 1105 1292 1143 si
1317 1117 1379 1143 res
1404 1105 1447 1142 in
1473 1105 1769 1143 contentionem

219 1165 370 1214 ueniet,
407 1164 596 1203 nimirum
634 1164 919 1204 Themistocles
959 1166 1019 1204 est
1057 1166 1198 1204 auctor
1236 1164 1495 1204 adhibendus.
1566 1163 1641 1210 Qui
1680 1176 1770 1203 cum

219 1224 509 1274 consuleretur,
546 1226 681 1264 utrum
719 1225 823 1264 bono
862 1226 949 1264 uiro
987 1225 1154 1275 pauperi
1194 1238 1245 1264 an
1282 1225 1416 1264 minus
1448 1225 1617 1276 probato
1651 1224 1768 1263 diuiti

219 1284 343 1323 filiam
386 1285 619 1324 collocaret:
665 1281 755 1336 ‘ego
800 1283 925 1334 uero’,
969 1286 1120 1336 inquit,
1155 1282 1276 1324 ‘malo
1320 1287 1453 1324 uirum
1492 1285 1561 1335 qui
1599 1286 1770 1336 pecunia

219 1347 346 1396 egeat,
372 1357 493 1395 quam
518 1346 729 1396 pecuniam
755 1359 858 1396 quae
877 1342 992 1385 uiro'.
1019 1367 1078 1372 ——
1103 1349 1147 1384 ut
1165 1346 1342 1391 dicimus,
1370 1347 1417 1384 ut
1441 1346 1508 1385 lib.
1528 1345 1586 1384 IX
1611 1359 1648 1384 u.
1672 1346 1769 1384 353.

220 1407 267 1443 ut
299 1404 388 1444 dico
420 1405 515 1443 XIV
540 1419 577 1444 ιι.
605 1407 703 1445 470.

341 1459 453 1505 561.
494 1465 649 1505 Nonius
687 1480 725 1517 p.
748 1467 852 1516 358,
880 1467 903 1504 2
940 1463 1062 1506 ‘Olim
1099 1467 1292 1517 temporis
1324 1467 1462 1506 futuri.
1591 1466 1770 1505 Lucilius

221 1527 449 1576 satyrarum
473 1525 541 1564 lib.
561 1526 720 1565 XVIIII
746 1523 836 1566 “sic
863 1558 870 1565 .
894 1559 900 1565 .
924 1559 930 1565 .
956 1528 1050 1566 haec
1075 1527 1272 1566 delectare
1298 1527 1407 1566 domi
1424 1539 1474 1566 sne
1494 1521 1547 1581 (te
1566 1526 1771 1566 Leidensis

221 1587 353 1637 prima
395 1581 598 1640 manu)’'.'
669 1587 758 1634 Qua
801 1600 847 1626 ex
892 1588 1091 1637 scriptura
1134 1588 1251 1626 huius
1293 1586 1439 1626 codicis
1479 1600 1557 1637 qua
1595 1587 1771 1638 reliquos

226 1658 361 1685 omnes
388 1646 517 1684 anteit
541 1646 611 1685 ille
635 1649 884 1698 praestantia
910 1647 1028 1686 facile
1055 1648 1245 1686 cernitur:
1279 1660 1325 1687 ac
1352 1660 1425 1698 pro
1451 1648 1545 1687 haec
1569 1647 1600 1686 I.
1620 1647 1770 1686 Dousa.

223 1705 404 1745 Adnotat
441 1704 635 1756 Corpetus
675 1708 757 1746 iam
788 1707 989 1746 Dacerum
1021 1708 1265 1747 intellexisse
1297 1707 1513 1747 Horatium
1546 1721 1659 1747 serm.
1686 1707 1707 1746 I
1735 1709 1772 1757 1,

225 1767 281 1805 30
319 1764 466 1805 Lucilii
501 1766 606 1806 hunc
643 1767 774 1807 locum
813 1779 896 1807 esse
934 1768 1141 1807 imitatum
1181 1765 1271 1807 ‘hac
1307 1770 1440 1807 mente
1477 1768 1655 1807 laborem
1687 1780 1772 1807 sese

224 1826 338 1875 ferre,
364 1839 476 1866 senes
502 1828 548 1865 ut
572 1827 615 1866 in
647 1829 731 1867 otia
755 1829 846 1867 tuta
869 1827 1069 1878 recedant,
1095 1829 1221 1878 aiunt,
1253 1841 1343 1868 cum
1369 1828 1445 1867 sibi
1471 1830 1553 1868 sint
1584 1830 1773 1880 congesta

225 1886 385 1926 cibaria.
455 1888 559 1926 sicut
589 1888 778 1938 paruola,
815 1900 909 1926 nam
941 1889 1120 1939 exemplo
1153 1890 1223 1938 est,
1255 1889 1394 1940 magni
1425 1889 1593 1927 formica
1624 1888 1773 1928 laboris

225 1959 291 1985 ore
321 1947 450 1985 trahit
481 1947 756 1998 quodcumque
781 1950 914 1998 potest
939 1949 1060 1999 atque
1092 1949 1206 1991 addit
1237 1961 1379 1988 aceruo
1412 1962 1528 1999 quem
1555 1950 1676 1988 struit
1704 1981 1710 1987 .
1734 1981 1740 1987 .
1764 1980 1770 1987 .

226 2019 345 2057 quae,
382 2008 500 2046 simul
536 2009 745 2047 inuersum
782 2009 995 2048 contristat
1032 2009 1234 2060 Aquarius
1275 2023 1442 2059 annum,
1485 2022 1564 2048 non
1604 2022 1774 2059 usquam

226 2067 405 2118 prorepit
443 2068 482 2105 et
517 2067 599 2107 illis
641 2068 770 2107 utitur
801 2070 894 2108 ante
927 2069 1118 2119 quaesitis
1151 2070 1310 2120 sapiens
1343 2083 1432 2109 cum
1463 2071 1503 2108 te
1535 2083 1664 2120 neque
1696 2070 1773 2108 fer-

225 2127 342 2166 uidus
377 2128 509 2167 aestus
547 2126 758 2168 demoueat
793 2130 906 2168 lucro
943 2142 1071 2180 neque
1109 2130 1253 2179 hiems,
1291 2130 1413 2182 ignis,
1451 2142 1561 2168 mare
1593 2126 1773 2169 ferrum'.

225 2187 321 2226 Fab.
353 2187 495 2238 Aesop.
525 2189 609 2227 295
641 2188 774 2228 Halm.
801 2187 950 2242 θέρους
981 2188 1063 2245 ὥρᾳ
1104 2188 1260 2243 μύρμηξ
1298 2196 1525 2243 περιπατῶν
1562 2189 1659 2229 κατὰ
1700 2188 1774 2241 τὴν

225 2245 403 2321 ἄρουραν
438 2246 593 2301 πυροὺς
629 2246 696 2288 καὶ
733 2247 879 2302 κριθὰς
915 2247 1138 2302 συνέλεγεν,
1178 2248 1603 2303 ἀποθησαυριζόμενος
1645 2248 1772 2305 ἑαυτῷ

227 2305 383 2361 τροφὴν
425 2306 482 2355 εἰς
527 2307 597 2348 τὸν
642 2314 823 2361 χειμῶνα.
898 2310 1084 2350 delectare
1136 2310 1284 2360 ubique
1329 2323 1418 2349 cum
1462 2313 1496 2350 te
1539 2311 1775 2362 pronomine

228 2367 405 2406 Lucilius
449 2368 602 2419 posuit:
643 2367 743 2408 Cato
787 2370 835 2408 de
879 2382 962 2422 agr.
990 2370 1083 2410 cult.
1112 2371 1168 2410 30
1215 2367 1299 2409 ‘ubi
1340 2371 1549 2410 sementim
1593 2371 1774 2422 facturus

230 2428 319 2477 eris,
350 2427 408 2466 ibi
439 2440 533 2467 oues
565 2426 790 2468 delectato’.
823 2452 882 2457 ·—
905 2403 1121 2470 ¹⁵Formicae
1152 2432 1396 2470 mentionem
1427 2431 1555 2482 igitur
1586 2432 1678 2470 ante
1704 2419 1775 2470 hos

230 2500 294 2526 uu.
321 2499 404 2526 esse
436 2488 585 2527 factam
615 2490 671 2528 sic
701 2489 949 2529 demonstrat
973 2490 1191 2540 particula·
1223 2491 1272 2530 de
1303 2491 1396 2530 olim
1426 2491 1519 2530 uide
1548 2491 1598 2530 ad
1629 2491 1697 2529 lib.
1718 2490 1776 2529 IV

232 2561 268 2586 u.
293 2547 388 2586 168.

353 2602 463 2648 563.
507 2608 661 2649 Nonius
711 2623 758 2648 ex
802 2611 1064 2662 grammatico
1107 2625 1145 2662 p.
1181 2612 1284 2661 176,
1319 2613 1370 2650 11
1425 2608 1687 2663 ‘Singulatim
1738 2612 1778 2650 et

232 2667 469 2719 singillatim
494 2681 518 2707 a
543 2666 724 2721 singulis.
753 2700 760 2709 .
783 2702 790 2709 .
812 2701 819 2709 .
846 2670 1024 2711 Lucilius
1049 2671 1117 2710 lib.
1138 2671 1297 2710 XVIIII
1324 2668 1412 2711 “sic
1440 2703 1447 2710 .
1469 2703 1477 2710 .
1500 2703 1506 2710 .
1527 2668 1775 2711 mouetur”.’

234 2726 339 2766 Oonf
373 2726 452 2766 Cic.
489 2741 562 2779 pro
593 2729 708 2768 Font.
737 2732 809 2780 12,
844 2732 897 2769 27
939 2728 1041 2770 ‘Scit
1077 2731 1395 2782 Indutiomarus,
1434 2732 1532 2782 quid
1573 2732 1627 2770 sit
1666 2732 1778 2771 testi-

234 2788 411 2826 monium
447 2787 606 2827 dicere?
648 2791 832 2829 mouetur
868 2803 913 2830 eo
957 2791 1118 2841 timore,
1156 2805 1234 2842 quo
1272 2794 1454 2831 nostrum
1491 2793 1778 2842 unusquisque,

235 2859 324 2885 cum
361 2847 404 2885 in
442 2860 532 2887 eum
568 2849 701 2887 locum
737 2850 952 2900 productus
985 2848 1092 2890 estP’
1156 2851 1287 2890 Plaut.
1314 2852 1422 2890 Trin.
1450 2851 1532 2890 881
1570 2848 1620 2891 ‘si
1650 2865 1777 2890 unum

236 2907 430 2957 quidquid
462 2907 702 2960 singillatim
733 2911 773 2948 et
803 2910 959 2960 placide
990 2908 1300 2961 percontabere'.

359 2961 468 3008 564.
499 2967 657 3008 Nonius
694 2983 732 3020 p.
761 2970 859 3019 396,
890 2971 941 3009 19
989 2967 1167 3010 ‘Sumere
1212 2972 1333 3010 etiam
1377 2970 1578 3023 significat
1621 2937 1777 3023 eligere.

268 3059 304 3066 ..
338 3029 377 3066 et
419 3027 487 3066 lib.
513 3027 672 3067 XVIHI
716 3026 858 3069 “sume
895 3028 1122 3070 ...unus’‘
1141 3028 1152 3044 '
1215 3031 1334 3070 Vitae
1379 3033 1472 3070 ante
1516 3033 1629 3070 actae
1673 3031 1778 3070 diem

307 3100 422 3127 Lucilii
442 3101 507 3127 rell.
528 3101 574 3128 ed.
595 3102 703 3128 Mnnx.
733 3102 773 3128 11.
1450 3102 1492 3134 14
