2060 3444
908 273 925 311 1
950 286 985 312 u.
1014 278 1117 312 2—8.
1758 274 1786 319 3

237 401 368 442 neque
410 390 517 430 enim
560 388 687 430 uerba
728 391 789 430 ita
833 393 927 430 sunt
970 392 1205 441 comparata
1253 393 1300 430 ut
1348 389 1456 431 credi
1498 391 1627 442 possit
1670 391 1788 430 deum

238 452 414 502 aliquem
446 451 560 501 queri
592 450 640 490 de
671 451 902 501 proceribus
934 451 1084 491 Romae
1115 451 1181 490 uel
1208 450 1255 490 de
1281 450 1395 502 Lupo
1422 452 1490 502 qui
1519 448 1787 491 ‘rancidulum

237 511 428 563 quiddam
471 510 591 550 balba
631 510 679 550 de
723 524 820 551 nare
863 508 1036 551 locutus'
1083 505 1210 565 (Pers.
1236 511 1257 550 I
1289 506 1366 566 33)
1409 512 1624 551 inducatur
1667 513 1787 552 sicuti

237 570 397 611 Claudii
427 572 567 623 lingua
598 571 749 610 absona
780 571 933 611 ridetur
964 585 988 611 a
1020 571 1169 611 Seneca
1201 572 1400 622 apocoloc.
1424 573 1461 610 5.
1499 594 1549 599 —-
1579 572 1639 612 De
1670 573 1788 612 hiatu

236 643 356 680 quam
379 632 491 671 homo
517 633 600 683 egit
624 631 668 670 L.
688 632 904 671 Muellerus
930 632 978 671 de
1004 645 1046 671 re
1071 634 1184 671 metr.
1201 626 1217 652 2
1236 626 1394 685 (1894)
1414 645 1452 683 p.
1475 634 1580 672 371:
1601 633 1788 672 similiter

236 691 445 731 Lueretius
483 691 546 730 III
587 692 699 731 1082
739 687 800 745 (II
834 694 917 731 617
951 692 988 730 V
1016 693 1083 730 74.
1125 693 1147 730 7
1187 691 1245 730 VI
1286 693 1382 731 716.
1425 687 1530 746 796)
1571 689 1655 732 ‘sed
1693 692 1787 732 dum

175 766 179 770 ·
237 751 350 792 abest
381 751 487 803 quod
519 749 699 792 auemus’
732 751 774 790 H
801 753 883 792 681
921 749 1094 791 ‘reddita
1132 753 1227 791 sunt
1263 764 1353 791 cum
1391 752 1512 792 odore
1549 753 1592 791 in
1629 750 1784 803 primis'

236 812 430 852 Horatius
474 824 586 852 serm.
614 812 655 850 II
689 813 743 862 2,Ν
778 813 833 851 28
881 809 1008 852 ‘cocto
1051 825 1149 851 num
1192 811 1308 852 adest
1346 812 1474 852 honor
1510 810 1652 853 idem':
1697 814 1792 853 conf

235 872 304 912 lib.
324 872 436 911 XXX
460 886 497 911 u.
521 873 647 912 1020.

358 927 404 973 3.
437 931 600 973 Seruius
636 932 688 972 ad
718 932 918 972 Aeneidos
937 933 973 971 X
996 933 1081 972 104
1109 930 1307 984 ‘Accipite
1333 946 1428 984 ergo
1454 933 1609 972 animis.
1661 933 1787 974 Totus

236 993 301 1032 hic
341 993 451 1032 locus
496 992 544 1032 de
586 993 717 1044 primo
761 992 907 1032 Lucilii
951 993 1173 1033 translatus
1218 995 1295 1043 est,
1338 994 1408 1033 ubi
1447 993 1694 1033 inducuntur
1731 994 1787 1032 dii

235 1053 381 1092 habere
420 1053 652 1103 concilium,
690 1055 731 1092 ct
768 1066 887 1105 agere
923 1055 1054 1104 primo
1093 1053 1141 1092 de
1179 1054 1348 1093 interitu
1379 1053 1486 1105 Lupi
1517 1054 1727 1093 cuiusdam
1757 1051 1788 1107 †

236 1113 349 1152 ducis
379 1114 423 1152 in
453 1113 584 1163 rebus,
614 1114 756 1164 postea
786 1115 1006 1153 sententias
1038 1114 1179 1154 dicere.
1237 1113 1316 1152 Sed
1345 1114 1422 1154 hoc
1455 1115 1552 1164 quia
1577 1114 1788 1166 indignum

236 1174 324 1212 erat
359 1173 480 1213 heroo
518 1175 692 1213 carmine
730 1175 909 1213 mutauit
945 1176 986 1213 et
1023 1174 1183 1213 induxit
1219 1176 1349 1224 primo
1386 1175 1619 1225 loquentem
1649 1175 1788 1214 Iouem

235 1233 284 1273 de
309 1234 548 1284 interruptis
578 1233 818 1284 foederibus,
851 1235 964 1274 cuius
997 1236 1220 1274 orationem
1256 1236 1475 1286 interrupit
1506 1235 1663 1284 Venus,
1695 1238 1789 1286 post

235 1295 374 1334 secuta
404 1293 568 1333 Iunonis
601 1294 724 1333 uerba
756 1296 860 1346 sunt,
894 1295 1038 1345 quibus
1063 1294 1272 1347 redarguit
1296 1294 1512 1334 Venerem:
1544 1295 1649 1334 unde
1682 1308 1787 1334 nunc

235 1353 420 1405 Iuppiter
449 1354 563 1404 illud,
595 1354 702 1405 quod
733 1355 935 1404 omiserat,
966 1355 1100 1395 reddit
1124 1355 1277 1395 dicens:
1310 1368 1405 1407 ergo
1432 1355 1623 1406 quoniam
1648 1368 1787 1407 pacem

236 1427 320 1454 esse
350 1427 430 1454 non
462 1414 606 1464 sinitis,
639 1428 686 1453 ea
712 1428 814 1466 quae
840 1429 927 1455 sum
961 1415 1141 1455 dicturus
1177 1413 1374 1466 aecipite?
1434 1416 1623 1456 Scholion
1649 1429 1786 1455 eorum

237 1476 297 1515 est
339 1475 476 1526 qualia
520 1488 545 1514 a
588 1476 850 1526 scriptoribus
891 1477 961 1526 qui
1005 1476 1053 1515 de
1097 1477 1216 1515 furtis
1261 1476 1433 1528 Vergilii
1478 1478 1646 1528 egerunt
1688 1477 1787 1516 satis

234 1534 370 1586 inepte
425 1535 766 1586 componebantur
820 1537 1074 1587 pertinetque
1137 1536 1188 1576 ad
1243 1538 1375 1576 totum
1431 1536 1637 1576 exordium
1694 1536 1787 1575 libri

240 1595 435 1635 Aeneidos
460 1595 506 1634 X.
568 1596 718 1635 Parum
756 1596 944 1635 credibile
985 1598 1046 1635 est
1082 1596 1231 1635 Lucilii
1268 1597 1441 1648 uestigia
1483 1599 1664 1635 secutum
1702 1609 1785 1636 esse

237 1655 480 1707 Vergilium:
510 1655 633 1696 immo
665 1658 835 1707 uterque
867 1658 987 1708 poeta
1018 1657 1083 1695 hic
1115 1657 1199 1696 illic
1226 1659 1385 1696 secutus
1418 1658 1479 1696 est
1509 1657 1684 1696 Ennium
1717 1658 1788 1708 qui

237 1715 374 1754 annali
398 1714 419 1753 I
443 1717 484 1754 et
509 1715 610 1754 VIII
635 1716 800 1756 deorum
825 1717 995 1756 concilia
1025 1716 1228 1756 induxerit
1254 1718 1294 1755 et
1327 1717 1379 1756 ad
1411 1717 1534 1755 Ennii
1561 1717 1787 1768 exemplum

238 1776 415 1826 legentes
460 1775 620 1828 delegat
651 1776 827 1815 Seruius
871 1776 922 1816 ad
966 1790 1003 1815 u.
1033 1778 1069 1816 5.
1099 1778 1122 1816 6
1170 1776 1332 1816 Seruius
1371 1779 1515 1817 auctus
1561 1777 1613 1817 ad
1650 1791 1687 1816 u.
1711 1779 1786 1817 10:

237 1838 342 1874 certe
385 1849 432 1875 ex
476 1838 704 1875 saturarum
746 1839 940 1888 scriptore
977 1837 1080 1876 nihil
1118 1850 1273 1876 sumere
1311 1851 1440 1888 neque
1479 1839 1615 1889 potuit
1658 1851 1787 1888 neque

237 1895 375 1935 debuit
405 1898 525 1946 poeta
557 1898 703 1946 epicus.
759 1897 881 1948 Apud
905 1896 1134 1949 Vergilium
1165 1898 1191 1936 1.
1212 1909 1241 1936 s.
1262 1897 1299 1936 X
1326 1899 1350 1937 5
1384 1898 1426 1936 di
1451 1899 1658 1938 considunt
1682 1899 1787 1938 tectis

236 1957 495 2004 bipatentibus
532 1956 602 1995 ubi
634 1956 796 1996 Seruius
830 1954 1118 2008 ‘bipatentibus
1159 1957 1323 2008 physice
1354 1958 1473 1997 dixit:
1505 1971 1600 1997 nam
1632 1958 1786 1997 caelum

236 2018 350 2067 patet
382 2016 431 2055 ab
463 2018 554 2055 ortu
586 2019 627 2055 et
657 2029 809 2057 occasu.
866 2018 940 2056 Est
971 2020 1107 2057 autem
1136 2030 1265 2057 sermo
1291 2019 1500 2058 Ennianus
1527 2013 1636 2072 (ann.
1660 2020 1711 2057 61
1729 2015 1786 2072 V)

235 2078 389 2115 tractus
415 2076 465 2115 ab
491 2078 616 2128 ostiis,
642 2090 746 2128 quae
772 2091 818 2116 ex
844 2079 1015 2128 utraque
1040 2081 1156 2129 parte
1183 2080 1435 2129 aperiuntur:
1467 2079 1572 2117 unde
1604 2080 1644 2118 et
1668 2079 1786 2118 modo

237 2133 576 2187 “bipatentibus”
604 2139 753 2188 apertis
779 2135 1080 2190 intellegimus'.
1134 2139 1410 2188 Bipatentibus
1435 2138 1542 2177 idem
1568 2151 1653 2178 esse
1680 2139 1786 2189 quod

236 2198 384 2247 apertis
413 2196 519 2236 recte
551 2197 654 2237 dixit
685 2192 800 2251 (conf
826 2198 926 2237 Aen.
945 2198 988 2237 II
1014 2193 1120 2252 330)
1153 2212 1282 2250 neque
1312 2200 1449 2239 tamen
1478 2199 1643 2249 physice
1668 2212 1785 2239 uoca-

235 2257 374 2296 bulum
419 2257 522 2296 illud
572 2259 633 2297 est
675 2258 1022 2309 interpretandum
1075 2258 1144 2298 sed
1187 2260 1328 2299 ualuas
1371 2260 1473 2299 caeli
1515 2261 1653 2310 patere
1691 2259 1788 2299 fecit

236 2317 390 2357 Ennius
420 2318 465 2356 in
496 2317 661 2357 deorum
692 2319 870 2358 conciliis
902 2319 1003 2368 ideo,
1035 2320 1132 2370 quia
1162 2319 1204 2357 in
1235 2319 1332 2358 urbe
1361 2332 1452 2359 cum
1477 2321 1641 2359 senatus
1667 2320 1786 2360 habe-

235 2377 356 2417 batur
386 2377 530 2416 ualuae
561 2379 697 2417 curiae
727 2379 923 2429 patebant
953 2392 1063 2418 more
1101 2381 1299 2419 maiorum
1331 2374 1588 2434 (Mommseni
1620 2380 1668 2419 de
1698 2381 1786 2419 iure

236 2451 274 2488 p.
300 2437 346 2475 R.
373 2437 436 2476 ΠΙ
462 2438 486 2477 2
519 2437 628 2488 Lips.
658 2438 771 2478 1888
804 2452 842 2490 p.
871 2434 989 2493 931).
1061 2439 1138 2479 Sed
1177 2452 1267 2479 cum
1304 2440 1458 2480 Ennius
1502 2443 1542 2480 et
1578 2439 1785 2492 Vergilius

236 2497 340 2536 hanc
375 2510 460 2536 rem
497 2511 599 2548 quae
637 2499 740 2537 nihil
778 2499 1006 2539 detraheret
1036 2500 1234 2551 grauitati
1264 2499 1403 2539 Musae
1435 2513 1530 2539 suae
1562 2500 1613 2539 ad
1645 2500 1786 2539 simili-

236 2556 417 2596 tudinem
454 2560 615 2598 senatus
652 2572 689 2608 p.
710 2559 756 2597 R.
795 2559 1003 2599 finxissent
1042 2559 1084 2598 in
1122 2559 1336 2611 poematis,
1377 2560 1555 2599 Lucilius
1587 2562 1708 2611 poeta
1739 2574 1784 2600 eo

236 2629 468 2669 progressus
506 2620 567 2657 est
605 2618 794 2658 audaciae
832 2621 879 2658 ut
918 2621 983 2659 sat
1013 2619 1142 2659 iocose
1174 2620 1268 2659 deos
1299 2621 1548 2660 immortales
1580 2623 1784 2660 senatores

237 2677 466 2727 reddiderit,
491 2678 640 2718 eisdem
666 2679 935 2719 locutionibus
961 2682 1001 2719 et
1025 2680 1267 2731 prohoemiis
1294 2682 1364 2731 qui
1388 2682 1609 2730 uterentur,
1641 2680 1785 2731 quibus

237 2737 308 2776 illo
339 2739 518 2788 tempore
549 2740 752 2778 senatores
783 2739 1002 2779 utebantur
1028 2740 1234 2780 rhetorum
1260 2740 1504 2780 Graecorum
1531 2740 1719 2792 discipuli
1745 2743 1786 2779 et

238 2798 467 2847 sectatores,
498 2799 544 2836 ut
575 2811 646 2849 per
677 2799 895 2838 ludibrium
926 2800 1144 2839 secundum
1174 2813 1325 2840 morem
1351 2803 1392 2839 et
1417 2801 1598 2840 ordinem
1623 2803 1783 2841 senatus

237 2870 275 2907 p.
297 2857 341 2896 R.
374 2857 468 2897 deos
499 2858 706 2898 induceret
737 2861 911 2910 agentes.
967 2859 1112 2910 Itaque
1143 2873 1224 2899 non
1255 2862 1375 2900 sicuti
1403 2860 1603 2900 Homerus
1629 2861 1783 2900 Ennius

237 2916 440 2969 Vergilius
490 2917 583 2957 deos
632 2919 810 2971 singulos
860 2919 1045 2970 deinceps
1094 2919 1191 2959 fecit
1240 2923 1417 2970 orantes,
1463 2921 1524 2959 ita
1568 2922 1614 2960 ut
1656 2921 1782 2972 patris

236 2977 521 3029 hominumque
565 2978 781 3030 diuomque
823 2980 1002 3019 uinceret
1045 2981 1245 3020 sententia
1287 2982 1503 3021 nouissime
1548 2981 1674 3032 dicta,
1714 2982 1780 3021 sed

240 3038 311 3076 aut
347 3037 519 3077 orabant
554 3050 708 3089 omnes,
743 3052 787 3078 re
823 3041 986 3090 peracta
1022 3041 1240 3081 sententias
1277 3041 1469 3082 dederumt
1497 3042 1583 3081 siue
1613 3042 1784 3081 tale-runt

1451 3108 1495 3143 18
