2060 3444
300 287 384 330 176
889 286 973 321 XIV
999 299 1033 321 u.
1060 290 1260 323 467-472.

299 402 366 449 26,
396 403 416 439 1
454 398 516 439 Ὶι.
533 401 745 440 Mescinius
779 413 826 439 ea
852 412 1010 439 mecum
1041 400 1330 440 necessitudine
1365 401 1596 441 coniunctus
1628 404 1698 452 est,
1731 403 1837 454 quod

296 460 395 499 mihi
427 462 615 510 quaestor
644 456 738 499 fuit’
775 462 846 509 10,
876 463 896 499 1
934 457 1051 499 ‘Cum
1093 460 1143 498 ad
1174 463 1213 499 te
1246 463 1339 500 tuus
1372 463 1559 511 quaestor
1584 492 1592 500 .
1615 493 1622 500 .
1646 493 1652 500 .
1679 462 1836 512 profici-

297 522 483 570 sceretur,
510 551 518 559 .
541 551 548 558 .
570 551 578 558 .
605 522 703 559 satis
732 551 738 558 .
762 551 768 557 .
791 550 798 558 .
825 520 1145 559 commendatum
1176 520 1251 559 tibi
1284 534 1373 560 eum
1411 521 1637 561 arbitrabar
1667 521 1716 560 ab
1747 523 1836 573 ipso

296 593 404 619 more
436 581 643 630 maiorum,
676 582 745 630 qui
773 611 779 618 .
803 611 809 617 .
832 611 839 618 .
865 580 967 618 hanc
1002 582 1242 629 quaesturae
1275 581 1591 619 coniunctionem
1624 581 1836 621 liberorum

297 640 578 679 necessitudini
616 641 837 691 proximam
875 639 1006 678 uoluit
1042 637 1160 678 esse’:
1196 641 1288 678 uide
1320 641 1482 691 interpr.
1509 641 1559 679 ad
1591 641 1638 680 de
1670 644 1771 681 orat.
1796 641 1836 680 ΙΙ

298 701 395 740 200.
434 722 491 726 -
528 702 605 750 fuit
636 699 958 750 monosyllabon,
996 701 1041 737 ut
1079 701 1203 748 sitisse
1234 700 1300 739 lib.
1321 700 1437 739 XVII
1467 714 1504 739 u.
1527 702 1630 750 542,
1661 702 1837 741 maluisti

297 760 554 811 trisyllabon:
591 759 684 798 uide
717 759 767 798 ad
798 760 865 798 lib.
886 759 926 798 II
952 773 988 800 u.
1012 761 1078 798 91.
1114 761 1180 798 92.
1220 781 1266 786 -
1309 761 1522 810 Methym,
1553 761 1644 800 inde
1677 760 1758 800 Cic.
1788 761 1837 800 de

261 858 263 860 .
297 820 362 861 fin.
390 820 409 858 I
436 821 510 869 61,
550 821 716 859 tenebrio
753 833 799 858 ex
831 819 1000 858 Afranio
1032 814 1137 874 (109
1154 815 1207 872 R)
1239 820 1367 859 Varro
1404 821 1447 859 in
1484 820 1706 871 Menippeis
1741 822 1836 860 195.

299 881 397 920 377.
422 901 481 906 --
507 879 663 928 nebulo,
694 879 737 918 id
767 891 902 931 genus,
935 879 1079 918 nebulo
1112 881 1152 918 et
1182 880 1276 919 talis
1309 880 1445 929 quales
1478 882 1596 919 antea
1628 881 1837 931 descripsi:

297 941 398 988 quod
425 952 549 989 glenus
580 953 651 990 pro
683 940 813 988 qualis
843 938 937 977 XVI
968 953 1005 977 u.
1034 940 1130 977 534.

417 995 529 1040 469.
562 999 788 1039 Macrobius
815 999 973 1038 Saturn.
993 998 1051 1036 VI
1078 1000 1117 1048 4,
1144 1002 1168 1038 2
1198 996 1318 1039 ‘Nam
1343 999 1448 1050 quod
1474 1001 1534 1039 ait
1554 996 1657 1039 “nec
1677 999 1837 1039 Teucris

298 1059 436 1099 addita
467 1059 566 1098 Iuno
592 1071 762 1109 usquam
793 1055 954 1098 aberit''
986 1059 1027 1098 id
1059 1061 1118 1098 est
1150 1059 1280 1099 adfixa
1312 1064 1352 1098 et
1380 1073 1450 1110 per
1475 1060 1548 1098 hoc
1574 1060 1732 1109 infesta,
1763 1060 1838 1099 hoc

297 1122 378 1159 iam
422 1119 578 1159 dixerat
615 1119 792 1158 Lucilius
837 1119 877 1157 in
921 1118 1022 1157 libro
1068 1121 1211 1169 quarto
1254 1119 1407 1158 decimo
1450 1119 1513 1158 his
1554 1119 1732 1159 uersibus
1771 1116 1839 1160 “si

298 1179 397 1218 mihi
518 1182 727 1218 eoetenterat
763 1175 924 1218 unus''.’
990 1178 1150 1218 Seruius
1193 1179 1243 1217 ad
1274 1179 1472 1218 Aeneidos
1502 1179 1555 1217 VI
1583 1181 1639 1219 90
1673 1176 1838 1218 ‘Addita

298 1236 435 1278 Iuno':
475 1236 664 1278 ‘inimica
728 1242 788 1278 est
828 1241 961 1278 autem
1006 1238 1170 1277 uerbum
1206 1238 1349 1277 Lucilii
1395 1241 1434 1278 et
1478 1241 1752 1289 antiquorum,
1793 1241 1839 1278 ut

298 1299 465 1339 Plautus
511 1296 703 1338 “additus
754 1298 841 1337 Ioni
891 1295 1083 1349 Argus’'.'
1161 1297 1330 1348 Scripsit
1379 1298 1546 1337 Plautus
1590 1299 1723 1337 Aulul.
1752 1299 1835 1337 556

300 1356 441 1405 ‘Quem
463 1359 663 1408 quondam
682 1358 769 1398 Ioni
789 1359 890 1397 Iuno
909 1358 1112 1397 custodem
1133 1356 1312 1397 addidit’.
1364 1358 1483 1397 Recte
1504 1357 1837 1408 Eyssenhardtius

299 1422 509 1458 exemerat:
564 1419 639 1457 hoc
696 1431 852 1468 quoque
905 1417 1142 1456 uocabulum
1191 1417 1421 1456 Plautinum
1471 1420 1547 1456 est:
1602 1418 1717 1468 Epid.
1751 1419 1837 1456 320

300 1476 571 1529 ‘Expectando
615 1478 758 1517 exedor
802 1479 920 1517 miser
962 1480 1082 1527 atque
1126 1475 1357 1517 exenteror'.
1434 1478 1494 1516 Ex
1539 1477 1611 1516 cod
1654 1477 1837 1516 Parisino

299 1540 437 1588 utique
477 1540 529 1577 sit
571 1538 841 1589 recipiendum
885 1540 961 1576 est:
1005 1537 1123 1575 nihili
1166 1540 1226 1577 est
1267 1540 1323 1577 εἰσ
1357 1537 1462 1587 quod
1498 1538 1541 1576 in
1578 1537 1837 1576 deterioribus

299 1600 434 1637 extare
465 1598 624 1637 uidetur
655 1598 777 1637 libris.
836 1597 1002 1648 Syllaba
1033 1597 1266 1647 producitur
1295 1598 1337 1635 in
1370 1610 1532 1636 caesura
1562 1597 1839 1636 semiternaria

298 1661 347 1697 ut
370 1659 438 1697 lib.
465 1658 521 1696 IX
547 1672 612 1697 uu.
641 1659 737 1697 330.
765 1660 862 1697 361.
913 1656 1100 1696 Grauiter
1130 1658 1306 1707 suspirat
1334 1659 1521 1707 quaestor
1545 1657 1613 1695 ille
1638 1656 1838 1708 lucifugus

299 1718 371 1757 sub
402 1719 569 1768 imperio
602 1719 698 1757 noui
729 1719 925 1767 praetoris
957 1718 1027 1767 qui
1057 1719 1175 1756 uexet
1215 1730 1286 1767 per
1322 1718 1457 1756 noctes
1494 1719 1534 1755 ct
1570 1717 1652 1755 dies
1690 1717 1838 1755 milites

300 1778 453 1816 desidia
483 1779 631 1817 inertes
663 1778 789 1816 factos
821 1777 1111 1828 προσκείμενος.

419 1833 531 1878 471.
562 1838 716 1877 Nonius
751 1851 790 1887 p.
812 1838 917 1886 481,
945 1838 998 1875 22
1040 1834 1298 1876 ‘Libertatem
1336 1837 1396 1875 uti
1432 1849 1504 1887 pro
1542 1836 1601 1875 uti
1641 1836 1838 1877 libertate.

301 1929 309 1936 .
331 1929 339 1936 .
360 1928 368 1936 .
394 1897 572 1936 Lucilius
598 1900 825 1947 satyrarum
851 1897 918 1935 lib.
939 1896 1057 1934 XIIII
1084 1893 1233 1946 “quem
1260 1927 1268 1935 .
1290 1926 1298 1935 .
1320 1927 1328 1935 .
1354 1893 1584 1935 libenter”.’
1638 1895 1838 1935 Praetoris

300 1970 428 1996 mores
459 1957 590 2007 lepide
621 1956 810 1996 describit
841 1958 1028 2006 quaestor
1058 1956 1127 1994 ille
1152 1956 1368 2007 lucifugas:
1396 1956 1566 2006 Appian.
1586 1955 1687 1994 Iber.
1709 1956 1763 1994 86
1790 1955 1839 1994 de

301 2017 503 2067 Scipione:
523 2016 626 2055 οὕτω
646 2014 717 2067 μὲν
736 2014 882 2062 αὐτοὺς
901 2013 940 2062 ἐς
961 2014 1228 2068 σωφροσύνην
1257 2013 1485 2066 μετέβαλλεν
1510 2013 1684 2068 ἀθρόως,
1716 2014 1838 2062 εἴθιζε

301 2074 343 2115 δὲ
374 2074 440 2115 καὶ
471 2074 511 2124 ἐς
542 2075 642 2115 αἰδῶ
672 2074 752 2115 καὶ
784 2074 958 2127 φόβον,
990 2073 1250 2127 δυσπρόσιτος
1281 2072 1337 2114 ὢν
1368 2072 1434 2114 καὶ
1465 2073 1655 2129 δυσχερὴς
1691 2072 1732 2121 ἐς
1768 2073 1838 2122 τὰς

301 2135 477 2188 χάριτας,
513 2134 580 2174 καὶ
617 2134 781 2187 μάλιστα
818 2133 887 2182 τὰς
917 2134 1184 2188 παρανόμους.
1223 2131 1326 2187 ἔλεγέ
1356 2148 1394 2173 τε
1426 2133 1612 2180 πολλάκις
1643 2132 1735 2180 τοὺς
1766 2130 1838 2185 μὲν

301 2194 522 2248 αὐστηροὺς
564 2194 630 2235 καὶ
673 2193 866 2246 ἐννόμους
908 2200 987 2234 τῶν
1030 2199 1255 2248 στρατηγῶν
1303 2196 1384 2241 τοῖς
1427 2193 1606 2244 οἰκείοις,
1653 2191 1746 2240 τοὺς
1796 2190 1838 2231 δὲ

301 2255 467 2308 εὐχερεῖς
497 2254 564 2295 καὶ
595 2254 846 2308 φιλοδώρους
876 2258 957 2302 τοῖς
987 2253 1189 2305 πολεμίοις
1219 2249 1320 2293 εἶναι
1351 2253 1566 2306 χρησίμους
1596 2255 1676 2293 κτλ.

421 2310 534 2356 472.
570 2315 748 2355 Donatus
774 2315 825 2354 ad
844 2314 1020 2354 Terentii
1044 2314 1322 2353 Phormionem
1347 2313 1366 2351 I
1393 2315 1432 2362 4,
1460 2315 1482 2352 7
1513 2310 1630 2352 ‘Tum
1648 2313 1839 2363 temporis

301 2375 400 2414 mihi
444 2377 647 2425 punctum.
721 2375 919 2413 Punctum
962 2387 1034 2424 pro
1077 2375 1295 2423 moment03
1336 2375 1383 2411 ut
1425 2372 1604 2412 Lucilius
1639 2373 1683 2411 in
1719 2371 1838 2410 XIIII

302 2430 378 2489 (ita
416 2435 452 2474 V
480 2437 515 2474 et
544 2435 767 2474 deteriores:
802 2434 838 2472 X
869 2435 911 2472 in
941 2433 1138 2482 Lincoln„
1176 2446 1222 2472 ex
1252 2432 1314 2471 III
1344 2432 1505 2471 Ricard.
1543 2445 1589 2472 ex
1619 2433 1663 2471 ui
1695 2427 1835 2484 Oxou.)

305 2492 484 2544 “puncto
510 2507 590 2533 uno
613 2495 712 2533 hora
740 2497 774 2533 et
805 2495 874 2543 qui
906 2506 1062 2543 quoque
1095 2487 1182 2547 (hoc
1205 2488 1261 2545 V)
1292 2489 1502 2532 inuasit''.'
1560 2491 1687 2530 Horai
1711 2491 1838 2530 Lach-
1913 2522 1917 2523 ⁷

302 2566 490 2600 mannus,
527 2555 649 2593 horae
685 2554 975 2593 Baehrensius:
1010 2553 1106 2591 Hor.
1133 2553 1246 2602 epist.
1271 2552 1314 2590 II
1341 2554 1378 2601 2,
1408 2553 1488 2590 172
1534 2548 1755 2601 ‘tamquam
1786 2551 1839 2589 sit

301 2615 509 2664 proprium
558 2613 749 2664 quiddam
797 2615 945 2663 puncto
995 2612 1101 2662 quod
1153 2611 1311 2651 mobilis
1363 2611 1483 2650 horae
1523 2642 1530 2649 .
1558 2643 1566 2650 .
1594 2641 1601 2648 .
1639 2611 1839 2661 permutet

304 2671 511 2712 dominos'.
562 2673 758 2712 Punctum
784 2675 844 2711 est
868 2671 1009 2725 στιγμή
1036 2667 1151 2725 (conf
1166 2672 1397 2721 Tanneryus
1417 2671 1511 2709 Rev.
1532 2666 1700 2710 archcol.
1724 2669 1836 2708 1895

303 2747 340 2783 p.
364 2728 482 2787 362),
506 2734 715 2782 tamquam
738 2745 832 2783 pars
856 2733 994 2771 horae:
1027 2731 1104 2770 Cic.
1131 2744 1203 2782 pro
1231 2730 1328 2770 Sest.
1350 2731 1404 2769 53
1434 2727 1570 2768 ‘immo
1595 2730 1694 2769 hora
1719 2730 1838 2778 atque

304 2793 427 2831 etiam
469 2794 617 2843 puncto
665 2794 855 2842 temporis
909 2788 1073 2830 eodem’.
1148 2790 1288 2829 Graeci
1331 2790 1469 2828 dicunt
1511 2787 1651 2841 στιγμὴ
1693 2787 1838 2840 χρόνου

305 2847 540 2905 (Menander
566 2851 667 2890 OAF
693 2851 754 2890 III
779 2865 815 2902 p.
839 2852 936 2900 261,
965 2851 1075 2890 1067
1099 2850 1302 2900 Wyttenb.
1328 2849 1379 2887 ad
1404 2849 1508 2887 Plut.
1534 2861 1631 2887 mor.
1656 2862 1694 2898 p.
1718 2849 1770 2886 13
1783 2847 1838 2896 A3

304 2924 341 2960 p.
366 2913 449 2950 104
463 2911 515 2949 B:
546 2908 689 2964 ἀκαρὲς
721 2910 823 2963 ὥρας
854 2910 994 2963 μόριον
1024 2908 1256 2961 ἀκμάσασαν
1293 2922 1329 2958 p.
1354 2909 1466 2947 1098
1480 2902 1545 2961 E).
1606 2907 1753 2958 Agitur
1789 2906 1838 2945 de

304 2972 476 3021 impigro
531 2971 663 3019 hoste,
719 2967 805 3020 ‘qui
859 2982 1096 3019 unoquoque
1151 2970 1298 3019 puncto
1353 2968 1472 3006 horae
1521 2963 1685 3005 inuasit'
1743 2967 1768 3004 i.
1805 2979 1836 3006 e,

305 3030 507 3068 lacessiuit
537 3029 818 3068 aduersarium.
