2060 3444
269 285 355 328 27ss
816 283 968 320 xxvm
992 297 1027 321 u.
1056 287 1253 320 vsa—⁷⁸6.

269 398 402 448 possit.
445 399 485 442 :tt
527 398 627 436 bono
665 397 798 436 animo
831 394 885 436 es'
919 397 1086 448 Adelph.
1116 398 1199 436 543
1234 394 1359 448 ‘Syra
1398 399 1441 443 :tt
1481 396 1583 444 Quid
1625 396 1712 438 est?
1751 400 1790 442 :tt

269 458 357 496 Men
391 455 573 507 quaerit?
613 460 654 501 ἡ.
697 456 855 495 Verum.
902 461 935 501 ,tt
978 457 1094 496 Perii.
1138 462 1174 502 ῃ
1215 456 1319 503 Quin
1357 459 1401 496 tu
1433 457 1565 496 animo
1597 456 1699 496 bono
1731 453 1801 498 es’-.

268 516 442 555 Senariis
486 517 559 556 hoc
602 516 870 567 fragmentum
915 516 1081 556 attribui
1125 517 1213 555 ideo
1258 517 1363 567 quod
1403 519 1567 567 propter
1610 516 1801 556 maiorem

268 589 403 614 eorum
434 589 641 614 nume-rum
673 577 801 627 magis
834 576 1038 626 probabile
1071 577 1230 615 uidetur
1261 577 1460 615 senarium
1492 576 1636 616 afferri.

389 631 496 676 783.
547 635 700 674 Nonius
749 649 786 685 p.
822 636 924 683 280,
966 637 1019 675 10
1071 633 1249 684 ‘Dicere,
1299 636 1543 675 denuntiare.
1622 636 1800 676 Lucilius

267 696 332 734 lib.
361 695 532 733 XXVIII
577 692 788 734 “minitari
920 692 1084 734 diem''.'
1162 695 1375 734 Coniunxit
1418 696 1491 734 hoc
1533 696 1799 748 fragmentum

266 768 354 794 oum
392 756 617 805 insequenti
654 755 949 794 Lachmaunus:
994 755 1151 794 uidetur
1188 755 1365 794 minitari
1404 757 1545 805 poetae
1582 755 1650 794 ille
1689 756 1800 795 cuius

268 815 428 854 domum
461 817 768 866 expugnauerat.

387 868 495 915 784.
522 873 674 913 Probus
701 874 749 912 ad
771 874 938 924 Vergilii
965 875 1034 913 ccl.
1056 874 1112 913 VI
1134 876 1186 913 31
1209 888 1245 924 p.
1269 876 1367 924 340,
1391 876 1441 913 17
1470 874 1571 926 Hag.
1594 871 1800 925 ‘Superest

266 935 312 973 ut
333 934 375 972 -in
404 946 448 973 eo
468 934 575 984 quod
599 935 659 972 ait
685 930 890 983 “Spiritus
915 934 1022 973 intus
1043 931 1148 974 alit'’
1171 947 1299 973 aerem
1321 934 1469 974 dictum
1490 946 1797 984 praesumamus.

365 995 463 1033 item
506 993 684 1032 Lucilius
728 993 769 1032 in
800 993 972 1032 XXVIII
1009 997 1233 1044 satyrarum
1275 991 1379 1033 “hoc
1429 1006 1518 1033 cum
1561 994 1699 1034 feceris

265 1053 448 1092 stoechiis
476 1047 740 1106 (stoechiisqne
765 1048 1001 1106 Vaticanus)
1023 1084 1031 1092 .
1054 1085 1060 1092 .
1083 1085 1090 1092 .
1104 1055 1332 1102 minabitur
1358 1053 1556 1107 (pt-mabit
1583 1049 1800 1106 Egnatius)

265 1114 351 1164 igni
378 1144 384 1151 .
408 1143 414 1151 .
437 1143 444 1151 .
472 1125 634 1163 corpore
671 1112 751 1151 ΧΗ
790 1108 865 1166 (sic
896 1112 1116 1162 Parisinus,
1159 1114 1256 1152 Tum
1294 1107 1531 1166 Vaticanus)
1569 1124 1710 1163 corpus
1732 1144 1738 1151 .
1760 1144 1768 1153 .
1791 1143 1798 1151 .

264 1169 458 1210 tamen’'.'
516 1171 655 1211 Voluit
685 1172 853 1222 probare
885 1174 1167 1223 grammaticus
1198 1173 1377 1212 uersibus
1409 1172 1556 1212 Lucilii
1587 1173 1733 1212 adlatis
1757 1172 1799 1211 in

265 1231 413 1284 Vergil.
440 1232 536 1270 Aen.
564 1231 620 1269 VI
649 1233 731 1270 725
767 1229 917 1270 ‘lunam
950 1232 1188 1282 Titaniaque
1228 1235 1337 1272 astra
1377 1234 1539 1281 spiritus
1570 1233 1677 1271 intus
1710 1228 1798 1271 alit’

264 1293 426 1340 spiritus
463 1291 699 1330 uocabulum
738 1292 911 1342 positum
949 1303 1031 1331 esse
1072 1305 1142 1342 pro
1181 1304 1269 1331 aere
1309 1292 1426 1331 sicuti
1463 1291 1570 1342 apud
1601 1291 1797 1331 Lucilium

266 1356 421 1402 πνεῦμα
452 1352 516 1390 uel
547 1352 683 1390 anima
714 1363 751 1389 u.
776 1351 858 1390 789
891 1353 996 1390 recte
1028 1351 1225 1390 intellexit
1248 1351 1422 1402 positum
1448 1364 1531 1391 esse
1558 1364 1628 1402 pro
1654 1352 1798 1401 quarto

265 1410 370 1461 quod
395 1413 520 1450 restat
543 1412 583 1449 in
606 1412 900 1450 enumeratione
926 1412 1131 1461 elemento,
1156 1411 1181 1449 i.
1202 1424 1233 1450 e.
1259 1424 1331 1462 pro
1352 1423 1451 1450 aere.
1502 1411 1800 1450 Coniunxerunt

264 1471 366 1509 falso
397 1470 470 1509 hoc
495 1470 762 1521 stagmentum
789 1483 876 1509 cum
902 1470 968 1509 lib.
990 1471 1118 1509 XXIX
1149 1484 1185 1509 u.
1209 1472 1304 1510 920.
1334 1472 1414 1510 921
1450 1470 1648 1509 Beckerus
1672 1469 1798 1510 Lach-

264 1541 431 1569 mannus
463 1529 633 1569 editores
664 1529 805 1579 reliqui
834 1542 977 1570 omnes.
1013 1551 1067 1558 —-—
1104 1531 1198 1569 784.
1231 1531 1304 1569 hoc
1330 1543 1418 1570 cum
1444 1526 1602 1582 feceris]
1628 1530 1797 1569 similem

264 1601 400 1629 uersus
449 1590 595 1628 exitum
648 1589 803 1628 Terent.
845 1589 942 1628 Eun.
986 1591 1096 1628 1056
1151 1587 1239 1628 ‘hoc
1295 1591 1329 1629 si
1378 1586 1532 1629 feceris'
1584 1587 1798 1629 secundum

263 1649 497 1688 Bembinum
525 1651 567 1688 et
590 1649 765 1688 Nonium
797 1662 841 1700 p.-
857 1650 954 1698 358,
984 1651 1049 1688 19.
1083 1671 1137 1676 -
1174 1650 1269 1688 785.
1303 1661 1391 1688 cum
1418 1651 1560 1689 ceteris
1583 1661 1672 1688 reus
1696 1645 1796 1701 una]

263 1709 400 1759 itaque
437 1710 572 1761 agitur
608 1708 656 1748 de
694 1708 857 1748 crimine
895 1707 1001 1759 quod
1039 1710 1259 1760 complures
1297 1709 1475 1749 homines
1517 1710 1797 1757 commiserint,

264 1769 506 1808 confectores
537 1769 600 1807 illi
631 1768 850 1818 cardinum,
882 1769 1033 1819 opinor,
1065 1770 1134 1819 qui
1165 1769 1351 1808 dicuntur
1381 1783 1418 1807 u.
1442 1766 1554 1808 773..
1598 1768 1801 1813 Iudicium>

263 1829 387 1880 igitur
429 1828 475 1867 fit
512 1828 558 1867 de
596 1829 648 1866 ui.
682 1828 772 1879 Dig.
792 1828 963 1867 XLVIII
990 1829 1027 1878 6,
1057 1831 1105 1867 11
1150 1825 1219 1867 ‘Hi
1263 1830 1331 1879 qui
1375 1828 1490 1868 aedes
1535 1828 1684 1868 alienas
1727 1830 1798 1867 aut

263 1888 381 1926 uillas
413 1888 678 1938 expilauerint
708 1888 934 1940 effregerint
959 1889 1284 1939 expugnauerint,
1316 1890 1351 1928 si
1375 1888 1470 1939 quid
1496 1889 1538 1927 in
1564 1887 1683 1927 turba
1708 1900 1796 1926 cum

262 1947 354 1986 telis
402 1947 585 1996 fecerint,
634 1947 765 1997 capite
809 1947 1037 1996 puniuntur.
1112 1947 1296 1986 Telorum
1346 1949 1479 1987 autem
1529 1947 1797 1998 appellatione

263 2007 414 2056 omnia,
452 2019 497 2045 ex
536 2005 678 2056 quibus
717 2006 864 2058 singuli
900 2006 1078 2045 homines
1115 2019 1253 2046 nocere
1290 2009 1473 2057 possunt,
1518 2003 1799 2057 accipiuntur'.¹

269 2086 318 2093 —-
365 2061 566 2117 tradetur]
609 2068 813 2116 tamquam
858 2064 1032 2105 carnifici
1070 2067 1115 2104 ut
1150 2066 1279 2105 Plaut.
1306 2066 1407 2105 Rud.
1435 2067 1518 2105 857
1558 2061 1630 2120 (τῷ
1667 2065 1795 2122 δημίῳ

263 2123 495 2177 παρέδωκαν
538 2124 687 2175 Diphil.
722 2123 834 2163 GAF
866 2124 906 2163 H
937 2137 974 2175 p.
997 2126 1099 2174 550,
1137 2127 1185 2164 11
1210 2121 1265 2178 K)
1309 2125 1465 2164 tradere
1509 2125 1657 2164 Cadmo
1699 2125 1795 2164 Hor.

264 2197 377 2223 serm.
403 2184 423 2222 I
450 2185 488 2232 6,
515 2185 581 2223 39.
616 2205 671 2211 -
703 2180 835 2237 Lupo]
873 2184 915 2223 L.
939 2184 1120 2223 Cornelio
1157 2185 1327 2224 Lentulo
1366 2184 1479 2235 Lupo
1513 2185 1564 2223 de
1597 2197 1675 2235 quo
1706 2185 1799 2224 conf

264 2243 314 2282 ad
342 2243 412 2282 lib.
435 2244 453 2281 I
478 2256 543 2283 uu.
566 2245 602 2282 3.
636 2245 704 2282 47.
738 2245 804 2282 54.
867 2243 970 2283 Huic
1001 2244 1123 2284 iudici
1154 2244 1372 2294 quaesitori
1403 2243 1608 2284 obuenisse
1634 2244 1794 2283 uidetur

263 2303 334 2341 illo
371 2304 547 2353 tempore
583 2303 774 2342 iudicium
813 2303 859 2342 de
896 2304 956 2351 ui,
994 2305 1027 2343 si
1063 2305 1168 2343 recte
1206 2304 1253 2343 de
1290 2304 1364 2343 hoc
1395 2304 1482 2343 loco
1512 2303 1795 2343 iudicauimus:

264 2362 369 2412 quod
400 2363 516 2412 quale
548 2363 669 2401 fuerit
693 2362 774 2401 illis
798 2363 1054 2413 temporibus,
1080 2365 1284 2403 nescimus.
1334 2363 1493 2414 Lupum
1517 2363 1654 2402 eodem
1678 2362 1794 2402 modo

263 2422 450 2460 describit
489 2422 665 2461 Lucilius
703 2435 781 2472 quo
819 2422 1010 2462 Horatius
1047 2435 1160 2462 serm.
1187 2423 1227 2461 ΙΙ
1257 2426 1298 2472 1,
1331 2424 1386 2461 49
1425 2423 1590 2462 'Pin-ium
1630 2419 1795 2475 ‘grande

263 2481 411 2520 malum
448 2482 609 2532 Turius,
653 2481 685 2521 si
730 2482 828 2532 quid
865 2494 906 2521 se
943 2482 1071 2521 iudice
1109 2479 1261 2522 certes'.
1298 2503 1358 2510 —-
1398 2484 1492 2522 786.
1531 2494 1608 2522 non
1647 2482 1793 2521 aderit:

263 2540 428 2579 uerbum
465 2542 619 2581 forense
658 2540 735 2581 Cic.
767 2543 808 2580 in
841 2542 951 2583 Verr.
977 2542 1019 2580 Π
1045 2543 1097 2580 41
1141 2539 1364 2581 ‘Heraclius
1401 2537 1553 2581 interea
1585 2572 1594 2580 .
1615 2572 1622 2580 .
1644 2572 1652 2581 .
1685 2542 1795 2593 capit

264 2601 480 2654 consilium·
504 2601 550 2640 de
583 2594 799 2640 amicorum
831 2603 871 2640 et
901 2603 1214 2652 propinquorum
1246 2603 1443 2641 sententia
1473 2613 1552 2641 non
1584 2601 1718 2640 adesse
1742 2601 1794 2640 ad

263 2657 482 2699 iudicium'.
539 2658 675 2712 ἀρχαῖς
700 2663 741 2699 et
765 2661 969 2700 stoechiis:
998 2659 1118 2713 ἀρχάς
1143 2675 1214 2711 per
1238 2661 1542 2714 ambiguitatem
1569 2661 1648 2700 dici
1671 2661 1792 2700 etiam

262 2719 428 2758 honores
455 2720 590 2759 ciuiles
615 2720 878 2759 Buechelerus
904 2722 1037 2759 censet
1059 2721 1159 2760 Mus.
1185 2720 1308 2761 Rhen.
1334 2720 1466 2760 XLIII
1497 2721 1609 2759 1888
1635 2733 1675 2771 p.
1695 2721 1792 2759 292.

224 2792 230 2796 ·
264 2778 464 2828 Scriptum
512 2779 592 2818 fuit
641 2780 864 2829 antiquitus
913 2781 1043 2819 arenis
1093 2783 1132 2819 et
1180 2782 1328 2820 stoeciis
1376 2782 1590 2831 utrumque
1647 2780 1792 2818 litteris

261 2838 428 2877 Latinis.
485 2838 558 2877 Est
588 2851 682 2878 uero
713 2838 981 2889 hendiadyoin
1013 2852 1091 2890 quo
1124 2839 1352 2890 saepissime
1382 2841 1511 2878 utitur
1533 2841 1670 2889 poeta:
1695 2839 1796 2878 conf

263 2897 382 2936 Stoic.
402 2899 479 2936 uet.
498 2898 640 2949 fragm.
660 2898 701 2937 II
725 2912 762 2949 p.
787 2900 882 2948 134,
904 2900 959 2938 40
978 2898 1130 2937 Arnim.
1180 2899 1270 2938 Non
1295 2900 1429 2938 tamen
1454 2899 1502 2938 de
1523 2898 1581 2937 IV
1607 2897 1792 2938 stoechiis

263 2957 414 3008 cogitat
443 2957 517 2996 hoc
548 2958 634 2996 loco
665 2958 852 3007 Lucilius,
885 2958 953 2997 sed
983 2959 1141 2998 nonnisi
1165 2959 1214 2997 de
1239 2958 1402 3007 duobus,
1434 2958 1482 2996 de
1506 2959 1592 3009 igni
1617 2959 1658 2996 et
1675 2968 1792 3008 aqua,

263 3015 578 3064 qua-interdieet
601 3017 718 3055 iudex
743 3018 796 3065 ei,
810 3045 813 3047 >
829 3018 898 3067 qui
923 3019 1209 3057 contumaciter
1239 3029 1317 3056 non
1349 3017 1534 3056 adsit-in.
1551 3016 1792 3056 indiciae—⁷
