<?xml version="1.0" encoding="UTF-8"?>
<!DOCTYPE html PUBLIC "-//W3C//DTD XHTML 1.0 Transitional//EN"
    "http://www.w3.org/TR/xhtml1/DTD/xhtml1-transitional.dtd">
<html xmlns="http://www.w3.org/1999/xhtml" xml:lang="en" lang="en">
 <head>
  <title>
</title>
<meta http-equiv="Content-Type" content="text/html;charset=utf-8" />
  <meta name='ocr-system' content='tesseract 3.04.00' />
  <meta name='ocr-capabilities' content='ocr_page ocr_carea ocr_par ocr_line ocrx_word'/>
</head>
<body>
  <div class='ocr_page' id='page_1' title='image "./carminumreliquia02luciuoft_0328.png"; bbox 0 0 2060 3444; ppageno 0'>
   <div class='ocr_carea' id='block_1_1' title="bbox 261 282 1233 331">
    <p class='ocr_par' dir='ltr' id='par_1_1' title="bbox 261 282 1233 331">
     <span class='ocr_line' id='line_1_1' title="bbox 261 282 1233 331; baseline -0.003 -12"><span class='ocrx_word' id='word_1_1' title='bbox 261 289 346 331; x_wconf 72' lang='lat'>296</span> <span class='ocrx_word' id='word_1_2' title='bbox 826 282 945 318; x_wconf 83' lang='lat' dir='ltr'>XXIX</span> <span class='ocrx_word' id='word_1_3' title='bbox 971 294 1005 317; x_wconf 87' lang='lat' dir='ltr'>u.</span> <span class='ocrx_word' id='word_1_4' title='bbox 1033 285 1233 317; x_wconf 78' lang='lat'>872—876.</span> 
     </span>
    </p>
   </div>
   <div class='ocr_carea' id='block_1_2' title="bbox 252 394 1826 2714">
    <p class='ocr_par' dir='ltr' id='par_1_2' title="bbox 252 394 1809 1582">
     <span class='ocr_line' id='line_1_2' title="bbox 260 394 1797 452; baseline -0.005 -13"><span class='ocrx_word' id='word_1_5' title='bbox 260 402 458 452; x_wconf 83' lang='lat' dir='ltr'>grauitate</span> <span class='ocrx_word' id='word_1_6' title='bbox 488 394 686 447; x_wconf 87' lang='lat' dir='ltr'>minores’‚</span> <span class='ocrx_word' id='word_1_7' title='bbox 718 396 848 435; x_wconf 88' lang='lat' dir='ltr'>minus</span> <span class='ocrx_word' id='word_1_8' title='bbox 874 396 951 433; x_wconf 88' lang='lat' dir='ltr'>huc</span> <span class='ocrx_word' id='word_1_9' title='bbox 977 396 1090 434; x_wconf 87' lang='lat' dir='ltr'>facit:</span> <span class='ocrx_word' id='word_1_10' title='bbox 1122 394 1345 445; x_wconf 82' lang='lat' dir='ltr'>Porphyrio</span> <span class='ocrx_word' id='word_1_11' title='bbox 1372 395 1476 433; x_wconf 88' lang='lat' dir='ltr'>enim</span> <span class='ocrx_word' id='word_1_12' title='bbox 1502 407 1604 445; x_wconf 83' lang='lat' dir='ltr'>quae</span> <span class='ocrx_word' id='word_1_13' title='bbox 1630 394 1797 434; x_wconf 79' lang='lat' dir='ltr'>adnotat</span> 
     </span>
     <span class='ocr_line' id='line_1_3' title="bbox 263 454 1796 504; baseline -0.003 -5"><span class='ocrx_word' id='word_1_14' title='bbox 263 458 392 498; x_wconf 81' lang='lat' dir='ltr'>‘Facit</span> <span class='ocrx_word' id='word_1_15' title='bbox 422 460 554 498; x_wconf 88' lang='lat' dir='ltr'>autem</span> <span class='ocrx_word' id='word_1_16' title='bbox 586 458 683 495; x_wconf 88' lang='lat' dir='ltr'>haec</span> <span class='ocrx_word' id='word_1_17' title='bbox 713 455 891 494; x_wconf 83' lang='lat' dir='ltr'>Lucilius</span> <span class='ocrx_word' id='word_1_18' title='bbox 924 467 1013 494; x_wconf 90' lang='lat' dir='ltr'>cum</span> <span class='ocrx_word' id='word_1_19' title='bbox 1045 454 1158 504; x_wconf 88' lang='lat' dir='ltr'>alias,</span> <span class='ocrx_word' id='word_1_20' title='bbox 1188 455 1276 493; x_wconf 89' lang='lat' dir='ltr'>tum</span> <span class='ocrx_word' id='word_1_21' title='bbox 1305 454 1372 492; x_wconf 91' lang='lat' dir='ltr'>uel</span> <span class='ocrx_word' id='word_1_22' title='bbox 1401 454 1571 493; x_wconf 78' lang='lat' dir='ltr'><strong>maxime</strong></span> <span class='ocrx_word' id='word_1_23' title='bbox 1601 455 1644 493; x_wconf 90' lang='lat' dir='ltr'>in</span> <span class='ocrx_word' id='word_1_24' title='bbox 1675 455 1796 494; x_wconf 89' lang='lat' dir='ltr'>tertio</span> 
     </span>
     <span class='ocr_line' id='line_1_4' title="bbox 260 511 1798 565; baseline -0.003 -8"><span class='ocrx_word' id='word_1_25' title='bbox 260 519 379 558; x_wconf 88' lang='lat' dir='ltr'>libro:</span> <span class='ocrx_word' id='word_1_26' title='bbox 417 517 598 556; x_wconf 83' lang='lat' dir='ltr'>meminit</span> <span class='ocrx_word' id='word_1_27' title='bbox 627 515 748 554; x_wconf 92' lang='lat' dir='ltr'>VIIII</span> <span class='ocrx_word' id='word_1_28' title='bbox 786 517 826 553; x_wconf 88' lang='lat' dir='ltr'>et</span> <span class='ocrx_word' id='word_1_29' title='bbox 861 511 926 563; x_wconf 90' lang='lat' dir='ltr'>X’‚</span> <span class='ocrx_word' id='word_1_30' title='bbox 965 527 1011 553; x_wconf 88' lang='lat' dir='ltr'>ea</span> <span class='ocrx_word' id='word_1_31' title='bbox 1050 514 1100 554; x_wconf 89' lang='lat' dir='ltr'>ad</span> <span class='ocrx_word' id='word_1_32' title='bbox 1138 513 1262 552; x_wconf 85' lang='lat' dir='ltr'>libros</span> <span class='ocrx_word' id='word_1_33' title='bbox 1284 513 1405 552; x_wconf 87' lang='lat' dir='ltr'>VIIII</span> <span class='ocrx_word' id='word_1_34' title='bbox 1441 515 1481 552; x_wconf 92' lang='lat' dir='ltr'>et</span> <span class='ocrx_word' id='word_1_35' title='bbox 1516 514 1552 552; x_wconf 92' lang='lat' dir='ltr'>X</span> <span class='ocrx_word' id='word_1_36' title='bbox 1582 514 1798 565; x_wconf 75' lang='lat' dir='ltr'>pertinent,</span> 
     </span>
     <span class='ocr_line' id='line_1_5' title="bbox 262 573 1799 624; baseline -0.003 -7"><span class='ocrx_word' id='word_1_37' title='bbox 262 592 338 617; x_wconf 91' lang='lat' dir='ltr'>non</span> <span class='ocrx_word' id='word_1_38' title='bbox 378 578 427 616; x_wconf 82' lang='lat' dir='ltr'>ad</span> <span class='ocrx_word' id='word_1_39' title='bbox 452 576 621 617; x_wconf 79' lang='lat' dir='ltr'>XVIIII.</span> <span class='ocrx_word' id='word_1_40' title='bbox 694 575 895 614; x_wconf 82' lang='lat' dir='ltr'>Lacunam</span> <span class='ocrx_word' id='word_1_41' title='bbox 944 575 1088 613; x_wconf 89' lang='lat' dir='ltr'>statuit</span> <span class='ocrx_word' id='word_1_42' title='bbox 1138 585 1222 612; x_wconf 87' lang='lat' dir='ltr'>esse</span> <span class='ocrx_word' id='word_1_43' title='bbox 1265 573 1410 623; x_wconf 84' lang='lat' dir='ltr'>factam</span> <span class='ocrx_word' id='word_1_44' title='bbox 1452 573 1667 622; x_wconf 88' lang='lat' dir='ltr'>Mercerus,</span> <span class='ocrx_word' id='word_1_45' title='bbox 1717 586 1799 624; x_wconf 84' lang='lat' dir='ltr'>qua</span> 
     </span>
     <span class='ocr_line' id='line_1_6' title="bbox 263 632 1800 689; baseline -0.003 -13"><span class='ocrx_word' id='word_1_46' title='bbox 263 637 427 689; x_wconf 88' lang='lat' dir='ltr'>perierit</span> <span class='ocrx_word' id='word_1_47' title='bbox 464 636 608 675; x_wconf 80' lang='lat' dir='ltr'>Lucilii</span> <span class='ocrx_word' id='word_1_48' title='bbox 645 635 787 674; x_wconf 87' lang='lat' dir='ltr'>herous</span> <span class='ocrx_word' id='word_1_49' title='bbox 827 634 895 684; x_wconf 90' lang='lat' dir='ltr'>qui</span> <span class='ocrx_word' id='word_1_50' title='bbox 932 634 1054 673; x_wconf 88' lang='lat' dir='ltr'>fuerit</span> <span class='ocrx_word' id='word_1_51' title='bbox 1096 633 1188 672; x_wconf 87' lang='lat' dir='ltr'>libri</span> <span class='ocrx_word' id='word_1_52' title='bbox 1214 632 1370 672; x_wconf 86' lang='lat' dir='ltr'>XVIIII</span> <span class='ocrx_word' id='word_1_53' title='bbox 1413 645 1492 672; x_wconf 89' lang='lat' dir='ltr'>una</span> <span class='ocrx_word' id='word_1_54' title='bbox 1536 645 1625 672; x_wconf 89' lang='lat' dir='ltr'>cum</span> <span class='ocrx_word' id='word_1_55' title='bbox 1668 633 1800 672; x_wconf 84' lang='lat' dir='ltr'>uerbis</span> 
     </span>
     <span class='ocr_line' id='line_1_7' title="bbox 264 692 1799 744; baseline -0.003 -8"><span class='ocrx_word' id='word_1_56' title='bbox 264 698 422 737; x_wconf 69' lang='lat' dir='ltr'>Ennius</span> <span class='ocrx_word' id='word_1_57' title='bbox 463 696 634 744; x_wconf 73' lang='lat' dir='ltr'>Thyeste.</span> <span class='ocrx_word' id='word_1_58' title='bbox 696 694 753 733; x_wconf 85' lang='lat' dir='ltr'>At</span> <span class='ocrx_word' id='word_1_59' title='bbox 790 694 916 733; x_wconf 87' lang='lat' dir='ltr'>multo</span> <span class='ocrx_word' id='word_1_60' title='bbox 953 693 1200 744; x_wconf 84' lang='lat' dir='ltr'>probabilius</span> <span class='ocrx_word' id='word_1_61' title='bbox 1238 705 1321 732; x_wconf 89' lang='lat' dir='ltr'>esse</span> <span class='ocrx_word' id='word_1_62' title='bbox 1358 692 1443 731; x_wconf 89' lang='lat' dir='ltr'>illic</span> <span class='ocrx_word' id='word_1_63' title='bbox 1483 693 1589 743; x_wconf 89' lang='lat' dir='ltr'>apud</span> <span class='ocrx_word' id='word_1_64' title='bbox 1625 693 1799 732; x_wconf 86' lang='lat' dir='ltr'>Nonium</span> 
     </span>
     <span class='ocr_line' id='line_1_8' title="bbox 263 751 1800 808; baseline -0.003 -13"><span class='ocrx_word' id='word_1_65' title='bbox 263 757 437 808; x_wconf 88' lang='lat' dir='ltr'>positum</span> <span class='ocrx_word' id='word_1_66' title='bbox 464 755 583 795; x_wconf 86' lang='lat' dir='ltr'>fuisse</span> <span class='ocrx_word' id='word_1_67' title='bbox 609 767 767 794; x_wconf 89' lang='lat' dir='ltr'>uersum</span> <span class='ocrx_word' id='word_1_68' title='bbox 795 766 815 792; x_wconf 91' lang='lat' dir='ltr'>e</span> <span class='ocrx_word' id='word_1_69' title='bbox 840 753 909 792; x_wconf 90' lang='lat' dir='ltr'>lib.</span> <span class='ocrx_word' id='word_1_70' title='bbox 934 753 1129 792; x_wconf 89' lang='lat' dir='ltr'>XXVIIII</span> <span class='ocrx_word' id='word_1_71' title='bbox 1153 751 1298 791; x_wconf 78' lang='lat' dir='ltr'>Lucilii</span> <span class='ocrx_word' id='word_1_72' title='bbox 1324 765 1444 802; x_wconf 87' lang='lat' dir='ltr'>quam</span> <span class='ocrx_word' id='word_1_73' title='bbox 1468 765 1627 791; x_wconf 88' lang='lat' dir='ltr'>uersum</span> <span class='ocrx_word' id='word_1_74' title='bbox 1653 765 1673 791; x_wconf 88' lang='lat' dir='ltr'>e</span> <span class='ocrx_word' id='word_1_75' title='bbox 1698 752 1800 791; x_wconf 91' lang='lat' dir='ltr'>libro</span> 
     </span>
     <span class='ocr_line' id='line_1_9' title="bbox 264 811 1800 866; baseline -0.003 -11"><span class='ocrx_word' id='word_1_76' title='bbox 264 816 422 855; x_wconf 90' lang='lat' dir='ltr'>XVIIII</span> <span class='ocrx_word' id='word_1_77' title='bbox 452 815 625 866; x_wconf 87' lang='lat' dir='ltr'>petitum</span> <span class='ocrx_word' id='word_1_78' title='bbox 656 814 904 852; x_wconf 88' lang='lat' dir='ltr'>demonstrat</span> <span class='ocrx_word' id='word_1_79' title='bbox 935 812 1054 852; x_wconf 89' lang='lat' dir='ltr'>series</span> <span class='ocrx_word' id='word_1_80' title='bbox 1092 812 1359 862; x_wconf 88' lang='lat' dir='ltr'>exemplorum</span> <span class='ocrx_word' id='word_1_81' title='bbox 1390 811 1512 851; x_wconf 87' lang='lat' dir='ltr'>Nonii</span> <span class='ocrx_word' id='word_1_82' title='bbox 1537 812 1563 850; x_wconf 94' lang='lat' dir='ltr'>l.</span> <span class='ocrx_word' id='word_1_83' title='bbox 1590 825 1618 851; x_wconf 87' lang='lat' dir='ltr'>s.</span> <span class='ocrx_word' id='word_1_84' title='bbox 1644 824 1673 852; x_wconf 88' lang='lat' dir='ltr'>s.</span> <span class='ocrx_word' id='word_1_85' title='bbox 1699 824 1800 862; x_wconf 76' lang='lat' dir='ltr'>quae</span> 
     </span>
     <span class='ocr_line' id='line_1_10' title="bbox 252 870 1801 926; baseline -0.003 -11"><span class='ocrx_word' id='word_1_86' title='bbox 252 877 447 926; x_wconf 83' lang='lat' dir='ltr'>&#39;exposita</span> <span class='ocrx_word' id='word_1_87' title='bbox 479 876 539 913; x_wconf 88' lang='lat' dir='ltr'>est</span> <span class='ocrx_word' id='word_1_88' title='bbox 569 875 745 925; x_wconf 90' lang='lat' dir='ltr'>prolegg.</span> <span class='ocrx_word' id='word_1_89' title='bbox 770 886 809 923; x_wconf 90' lang='lat' dir='ltr'>p.</span> <span class='ocrx_word' id='word_1_90' title='bbox 837 872 947 912; x_wconf 80' lang='lat' dir='ltr'>om:</span> <span class='ocrx_word' id='word_1_91' title='bbox 979 885 1072 911; x_wconf 82' lang='lat' dir='ltr'>nam</span> <span class='ocrx_word' id='word_1_92' title='bbox 1102 872 1194 910; x_wconf 88' lang='lat' dir='ltr'>inde</span> <span class='ocrx_word' id='word_1_93' title='bbox 1221 884 1245 910; x_wconf 83' lang='lat' dir='ltr'>a</span> <span class='ocrx_word' id='word_1_94' title='bbox 1270 886 1306 922; x_wconf 91' lang='lat' dir='ltr'>p.</span> <span class='ocrx_word' id='word_1_95' title='bbox 1335 872 1418 910; x_wconf 86' lang='lat'>399</span> <span class='ocrx_word' id='word_1_96' title='bbox 1450 870 1573 910; x_wconf 87' lang='lat' dir='ltr'>Nonii</span> <span class='ocrx_word' id='word_1_97' title='bbox 1600 884 1725 922; x_wconf 89' lang='lat' dir='ltr'>usque</span> <span class='ocrx_word' id='word_1_98' title='bbox 1751 871 1801 910; x_wconf 86' lang='lat' dir='ltr'>ad</span> 
     </span>
     <span class='ocr_line' id='line_1_11' title="bbox 266 931 1802 986; baseline -0.003 -12"><span class='ocrx_word' id='word_1_99' title='bbox 266 950 302 986; x_wconf 91' lang='lat' dir='ltr'>p.</span> <span class='ocrx_word' id='word_1_100' title='bbox 331 937 413 973; x_wconf 79' lang='lat'>421</span> <span class='ocrx_word' id='word_1_101' title='bbox 453 934 586 974; x_wconf 90' lang='lat' dir='ltr'>nullus</span> <span class='ocrx_word' id='word_1_102' title='bbox 625 933 804 972; x_wconf 73' lang='lat' dir='ltr'>adfertur</span> <span class='ocrx_word' id='word_1_103' title='bbox 840 944 978 972; x_wconf 89' lang='lat' dir='ltr'>uersus</span> <span class='ocrx_word' id='word_1_104' title='bbox 1009 931 1153 971; x_wconf 86' lang='lat' dir='ltr'>Lucilii</span> <span class='ocrx_word' id='word_1_105' title='bbox 1191 945 1211 970; x_wconf 90' lang='lat' dir='ltr'>e</span> <span class='ocrx_word' id='word_1_106' title='bbox 1249 931 1362 970; x_wconf 83' lang='lat' dir='ltr'>libris</span> <span class='ocrx_word' id='word_1_107' title='bbox 1393 931 1598 970; x_wconf 90' lang='lat' dir='ltr'>I—XXII.</span> <span class='ocrx_word' id='word_1_108' title='bbox 1660 931 1802 981; x_wconf 85' lang='lat' dir='ltr'>Itaque</span> 
     </span>
     <span class='ocr_line' id='line_1_12' title="bbox 267 990 1804 1042; baseline -0.003 -8"><span class='ocrx_word' id='word_1_109' title='bbox 267 1006 453 1034; x_wconf 86' lang='lat' dir='ltr'>numerus</span> <span class='ocrx_word' id='word_1_110' title='bbox 490 993 583 1032; x_wconf 87' lang='lat' dir='ltr'>libri</span> <span class='ocrx_word' id='word_1_111' title='bbox 629 994 716 1032; x_wconf 88' lang='lat' dir='ltr'>crat</span> <span class='ocrx_word' id='word_1_112' title='bbox 740 992 951 1042; x_wconf 87' lang='lat' dir='ltr'>XXVIIII,</span> <span class='ocrx_word' id='word_1_113' title='bbox 994 991 1104 1031; x_wconf 89' lang='lat' dir='ltr'>cuius</span> <span class='ocrx_word' id='word_1_114' title='bbox 1148 1003 1307 1031; x_wconf 84' lang='lat' dir='ltr'>uersum</span> <span class='ocrx_word' id='word_1_115' title='bbox 1353 990 1542 1030; x_wconf 83' lang='lat' dir='ltr'>excidisse</span> <span class='ocrx_word' id='word_1_116' title='bbox 1585 990 1804 1030; x_wconf 82' lang='lat' dir='ltr'>arbitratur</span> 
     </span>
     <span class='ocr_line' id='line_1_13' title="bbox 268 1050 1803 1103; baseline -0.003 -10"><span class='ocrx_word' id='word_1_117' title='bbox 268 1055 480 1094; x_wconf 82' lang='lat' dir='ltr'>Muellerus</span> <span class='ocrx_word' id='word_1_118' title='bbox 518 1066 607 1092; x_wconf 89' lang='lat' dir='ltr'>cum</span> <span class='ocrx_word' id='word_1_119' title='bbox 644 1052 776 1091; x_wconf 89' lang='lat' dir='ltr'>uerbis</span> <span class='ocrx_word' id='word_1_120' title='bbox 815 1052 974 1091; x_wconf 73' lang='lat' dir='ltr'>Ennius</span> <span class='ocrx_word' id='word_1_121' title='bbox 1014 1052 1183 1101; x_wconf 72' lang='lat' dir='ltr'>Thyeste.</span> <span class='ocrx_word' id='word_1_122' title='bbox 1246 1051 1396 1090; x_wconf 86' lang='lat' dir='ltr'>Tamen</span> <span class='ocrx_word' id='word_1_123' title='bbox 1433 1050 1567 1090; x_wconf 87' lang='lat' dir='ltr'>Plauti</span> <span class='ocrx_word' id='word_1_124' title='bbox 1603 1052 1803 1103; x_wconf 83' lang='lat' dir='ltr'>integrum</span> 
     </span>
     <span class='ocr_line' id='line_1_14' title="bbox 268 1106 1805 1165; baseline -0.002 -12"><span class='ocrx_word' id='word_1_125' title='bbox 268 1127 427 1153; x_wconf 85' lang='lat' dir='ltr'>uersum</span> <span class='ocrx_word' id='word_1_126' title='bbox 458 1113 526 1152; x_wconf 90' lang='lat' dir='ltr'>lib.</span> <span class='ocrx_word' id='word_1_127' title='bbox 553 1112 706 1152; x_wconf 90' lang='lat' dir='ltr'>XXVII</span> <span class='ocrx_word' id='word_1_128' title='bbox 738 1106 795 1165; x_wconf 84' lang='lat' dir='ltr'>(u.</span> <span class='ocrx_word' id='word_1_129' title='bbox 824 1106 928 1164; x_wconf 86' lang='lat'>736)</span> <span class='ocrx_word' id='word_1_130' title='bbox 960 1112 1137 1162; x_wconf 86' lang='lat' dir='ltr'>posuisse</span> <span class='ocrx_word' id='word_1_131' title='bbox 1162 1111 1361 1150; x_wconf 89' lang='lat' dir='ltr'>Lucilium</span> <span class='ocrx_word' id='word_1_132' title='bbox 1393 1112 1546 1149; x_wconf 88' lang='lat' dir='ltr'>certum</span> <span class='ocrx_word' id='word_1_133' title='bbox 1572 1112 1647 1150; x_wconf 88' lang='lat' dir='ltr'>est:</span> <span class='ocrx_word' id='word_1_134' title='bbox 1678 1111 1805 1163; x_wconf 84' lang='lat' dir='ltr'>tragi-</span> 
     </span>
     <span class='ocr_line' id='line_1_15' title="bbox 269 1170 1805 1222; baseline -0.003 -9"><span class='ocrx_word' id='word_1_135' title='bbox 269 1187 403 1213; x_wconf 89' lang='lat' dir='ltr'>corum</span> <span class='ocrx_word' id='word_1_136' title='bbox 434 1175 632 1212; x_wconf 84' lang='lat' dir='ltr'>tumorem</span> <span class='ocrx_word' id='word_1_137' title='bbox 662 1171 764 1210; x_wconf 88' lang='lat' dir='ltr'>libro</span> <span class='ocrx_word' id='word_1_138' title='bbox 790 1171 919 1210; x_wconf 91' lang='lat' dir='ltr'>XXIX</span> <span class='ocrx_word' id='word_1_139' title='bbox 945 1170 1192 1222; x_wconf 86' lang='lat' dir='ltr'>exagitatum</span> <span class='ocrx_word' id='word_1_140' title='bbox 1216 1170 1340 1211; x_wconf 87' lang='lat' dir='ltr'>fuisse</span> <span class='ocrx_word' id='word_1_141' title='bbox 1367 1170 1545 1209; x_wconf 89' lang='lat' dir='ltr'>uersibus</span> <span class='ocrx_word' id='word_1_142' title='bbox 1571 1170 1805 1221; x_wconf 78' lang='lat' dir='ltr'>septenariis</span> 
     </span>
     <span class='ocr_line' id='line_1_16' title="bbox 268 1229 1808 1284; baseline -0.003 -12"><span class='ocrx_word' id='word_1_143' title='bbox 268 1236 366 1273; x_wconf 89' lang='lat' dir='ltr'>item</span> <span class='ocrx_word' id='word_1_144' title='bbox 398 1234 567 1284; x_wconf 86' lang='lat' dir='ltr'>apparet</span> <span class='ocrx_word' id='word_1_145' title='bbox 598 1245 643 1270; x_wconf 86' lang='lat' dir='ltr'>ex</span> <span class='ocrx_word' id='word_1_146' title='bbox 675 1231 1000 1270; x_wconf 84' lang='lat' dir='ltr'>antecedentibus</span> <span class='ocrx_word' id='word_1_147' title='bbox 1032 1231 1073 1269; x_wconf 92' lang='lat' dir='ltr'>et</span> <span class='ocrx_word' id='word_1_148' title='bbox 1105 1230 1362 1281; x_wconf 86' lang='lat' dir='ltr'>sequentibus</span> <span class='ocrx_word' id='word_1_149' title='bbox 1396 1229 1513 1269; x_wconf 87' lang='lat' dir='ltr'>huius</span> <span class='ocrx_word' id='word_1_150' title='bbox 1552 1230 1646 1268; x_wconf 84' lang='lat' dir='ltr'>libri</span> <span class='ocrx_word' id='word_1_151' title='bbox 1683 1230 1808 1270; x_wconf 79' lang='lat' dir='ltr'>uersi-·</span> 
     </span>
     <span class='ocr_line' id='line_1_17' title="bbox 269 1289 1807 1338; baseline -0.003 -6"><span class='ocrx_word' id='word_1_152' title='bbox 269 1294 352 1332; x_wconf 88' lang='lat' dir='ltr'>bus.</span> <span class='ocrx_word' id='word_1_153' title='bbox 421 1291 498 1338; x_wconf 83' lang='lat' dir='ltr'>Qui</span> <span class='ocrx_word' id='word_1_154' title='bbox 535 1291 813 1331; x_wconf 86' lang='lat' dir='ltr'>commendant</span> <span class='ocrx_word' id='word_1_155' title='bbox 851 1290 971 1329; x_wconf 84' lang='lat' dir='ltr'>Ennii</span> <span class='ocrx_word' id='word_1_156' title='bbox 1007 1302 1165 1329; x_wconf 89' lang='lat' dir='ltr'>uersum</span> <span class='ocrx_word' id='word_1_157' title='bbox 1208 1302 1348 1328; x_wconf 88' lang='lat' dir='ltr'>reuera</span> <span class='ocrx_word' id='word_1_158' title='bbox 1391 1289 1573 1328; x_wconf 88' lang='lat' dir='ltr'>adlatum</span> <span class='ocrx_word' id='word_1_159' title='bbox 1616 1290 1739 1329; x_wconf 85' lang='lat' dir='ltr'>fuisse</span> <span class='ocrx_word' id='word_1_160' title='bbox 1783 1302 1807 1328; x_wconf 84' lang='lat' dir='ltr'>a</span> 
     </span>
     <span class='ocr_line' id='line_1_18' title="bbox 270 1349 1806 1402; baseline -0.003 -10"><span class='ocrx_word' id='word_1_161' title='bbox 270 1352 444 1402; x_wconf 89' lang='lat' dir='ltr'>Lucilio,</span> <span class='ocrx_word' id='word_1_162' title='bbox 481 1364 570 1391; x_wconf 90' lang='lat' dir='ltr'>cum</span> <span class='ocrx_word' id='word_1_163' title='bbox 608 1351 839 1390; x_wconf 81' lang='lat' dir='ltr'>contineant</span> <span class='ocrx_word' id='word_1_164' title='bbox 869 1349 976 1389; x_wconf 88' lang='lat' dir='ltr'>diras</span> <span class='ocrx_word' id='word_1_165' title='bbox 1009 1351 1049 1389; x_wconf 93' lang='lat' dir='ltr'>et</span> <span class='ocrx_word' id='word_1_166' title='bbox 1082 1350 1209 1388; x_wconf 87' lang='lat' dir='ltr'>malas</span> <span class='ocrx_word' id='word_1_167' title='bbox 1246 1349 1537 1401; x_wconf 85' lang='lat' dir='ltr'>inprecationes</span> <span class='ocrx_word' id='word_1_168' title='bbox 1575 1351 1754 1400; x_wconf 86' lang='lat' dir='ltr'>sumptas</span> <span class='ocrx_word' id='word_1_169' title='bbox 1787 1363 1806 1388; x_wconf 91' lang='lat' dir='ltr'>e</span> 
     </span>
     <span class='ocr_line' id='line_1_19' title="bbox 271 1406 1808 1464; baseline -0.003 -12"><span class='ocrx_word' id='word_1_170' title='bbox 271 1411 506 1464; x_wconf 84' lang='lat' dir='ltr'>tragoediis:</span> <span class='ocrx_word' id='word_1_171' title='bbox 535 1411 663 1450; x_wconf 87' lang='lat' dir='ltr'>ueluti</span> <span class='ocrx_word' id='word_1_172' title='bbox 687 1424 751 1449; x_wconf 89' lang='lat' dir='ltr'>uu.</span> <span class='ocrx_word' id='word_1_173' title='bbox 780 1411 877 1450; x_wconf 87' lang='grc'>870.</span> <span class='ocrx_word' id='word_1_174' title='bbox 905 1411 988 1448; x_wconf 88' lang='grc'>871</span> <span class='ocrx_word' id='word_1_175' title='bbox 1019 1406 1104 1448; x_wconf 83' lang='lat' dir='ltr'>‘nec</span> <span class='ocrx_word' id='word_1_176' title='bbox 1130 1411 1340 1448; x_wconf 86' lang='lat' dir='ltr'>uentorum</span> <span class='ocrx_word' id='word_1_177' title='bbox 1365 1409 1527 1448; x_wconf 81' lang='lat' dir='ltr'>flamina</span> <span class='ocrx_word' id='word_1_178' title='bbox 1551 1409 1684 1448; x_wconf 89' lang='lat' dir='ltr'>flando</span> <span class='ocrx_word' id='word_1_179' title='bbox 1707 1408 1808 1448; x_wconf 86' lang='lat' dir='ltr'>suda</span> 
     </span>
     <span class='ocr_line' id='line_1_20' title="bbox 271 1467 1809 1523; baseline -0.003 -12"><span class='ocrx_word' id='word_1_180' title='bbox 271 1469 399 1523; x_wconf 79' lang='lat' dir='ltr'>(iter)</span> <span class='ocrx_word' id='word_1_181' title='bbox 431 1467 660 1511; x_wconf 83' lang='lat' dir='ltr'>secundent’</span> <span class='ocrx_word' id='word_1_182' title='bbox 694 1470 842 1510; x_wconf 83' lang='lat' dir='ltr'>similia</span> <span class='ocrx_word' id='word_1_183' title='bbox 873 1471 967 1509; x_wconf 90' lang='lat' dir='ltr'>sunt</span> <span class='ocrx_word' id='word_1_184' title='bbox 997 1469 1066 1519; x_wconf 87' lang='lat' dir='ltr'>eis,</span> <span class='ocrx_word' id='word_1_185' title='bbox 1097 1482 1200 1519; x_wconf 86' lang='lat' dir='ltr'>quae</span> <span class='ocrx_word' id='word_1_186' title='bbox 1230 1470 1348 1510; x_wconf 79' lang='lat' dir='ltr'>teste,</span> <span class='ocrx_word' id='word_1_187' title='bbox 1366 1468 1552 1508; x_wconf 87' lang='lat' dir='ltr'>Cicerone</span> <span class='ocrx_word' id='word_1_188' title='bbox 1581 1469 1605 1508; x_wconf 91' lang='lat'>1.</span> <span class='ocrx_word' id='word_1_189' title='bbox 1633 1481 1661 1508; x_wconf 87' lang='lat' dir='ltr'>s.</span> <span class='ocrx_word' id='word_1_190' title='bbox 1688 1467 1809 1508; x_wconf 82' lang='lat' dir='ltr'>Ennii</span> 
     </span>
     <span class='ocr_line' id='line_1_21' title="bbox 273 1524 1585 1582; baseline -0.003 -11"><span class='ocrx_word' id='word_1_191' title='bbox 273 1532 466 1582; x_wconf 87' lang='lat' dir='ltr'>Thyestes</span> <span class='ocrx_word' id='word_1_192' title='bbox 496 1531 601 1570; x_wconf 85' lang='lat' dir='ltr'>male</span> <span class='ocrx_word' id='word_1_193' title='bbox 632 1531 876 1581; x_wconf 82' lang='lat' dir='ltr'>imprecatur</span> <span class='ocrx_word' id='word_1_194' title='bbox 908 1526 969 1568; x_wconf 76' lang='lat' dir='ltr'>‘ut</span> <span class='ocrx_word' id='word_1_195' title='bbox 999 1530 1210 1580; x_wconf 82' lang='lat' dir='ltr'>naufragio</span> <span class='ocrx_word' id='word_1_196' title='bbox 1242 1530 1379 1579; x_wconf 85' lang='lat' dir='ltr'>pereat</span> <span class='ocrx_word' id='word_1_197' title='bbox 1410 1524 1585 1568; x_wconf 87' lang='lat' dir='ltr'>Atreus’.</span> 
     </span>
    </p>

    <p class='ocr_par' dir='ltr' id='par_1_3' title="bbox 274 1584 1816 2178">
     <span class='ocr_line' id='line_1_22' title="bbox 393 1584 1809 1640; baseline -0.002 -11"><span class='ocrx_word' id='word_1_198' title='bbox 393 1584 504 1630; x_wconf 78' lang='grc'><strong>874.</strong></span> <span class='ocrx_word' id='word_1_199' title='bbox 536 1590 693 1629; x_wconf 87' lang='lat' dir='ltr'>Nonius</span> <span class='ocrx_word' id='word_1_200' title='bbox 725 1603 762 1640; x_wconf 93' lang='lat' dir='ltr'>p.</span> <span class='ocrx_word' id='word_1_201' title='bbox 790 1590 888 1638; x_wconf 85' lang='grc'>489,</span> <span class='ocrx_word' id='word_1_202' title='bbox 917 1589 969 1627; x_wconf 89' lang='grc'>16</span> <span class='ocrx_word' id='word_1_203' title='bbox 1017 1585 1222 1627; x_wconf 76' lang='lat' dir='ltr'>‘Nefantia</span> <span class='ocrx_word' id='word_1_204' title='bbox 1264 1601 1336 1639; x_wconf 88' lang='lat' dir='ltr'>pro</span> <span class='ocrx_word' id='word_1_205' title='bbox 1380 1587 1563 1627; x_wconf 85' lang='lat' dir='ltr'>nefanda.</span> <span class='ocrx_word' id='word_1_206' title='bbox 1597 1618 1604 1626; x_wconf 85' lang='lat'>.</span> <span class='ocrx_word' id='word_1_207' title='bbox 1633 1618 1640 1628; x_wconf 84' lang='lat'>.</span> <span class='ocrx_word' id='word_1_208' title='bbox 1670 1587 1809 1626; x_wconf 50' lang='lat' dir='ltr'>sidem</span> 
     </span>
     <span class='ocr_line' id='line_1_23' title="bbox 274 1641 1810 1702; baseline -0.003 -12"><span class='ocrx_word' id='word_1_209' title='bbox 274 1651 341 1690; x_wconf 89' lang='lat' dir='ltr'>lib.</span> <span class='ocrx_word' id='word_1_210' title='bbox 370 1649 565 1689; x_wconf 90' lang='lat' dir='ltr'>XXVIIII</span> <span class='ocrx_word' id='word_1_211' title='bbox 616 1646 840 1689; x_wconf 86' lang='lat' dir='ltr'>“dissociat</span> <span class='ocrx_word' id='word_1_212' title='bbox 888 1651 1002 1698; x_wconf 74' lang='lat' dir='ltr'>atque</span> <span class='ocrx_word' id='word_1_213' title='bbox 1053 1643 1200 1701; x_wconf 86' lang='lat' dir='ltr'>(adque</span> <span class='ocrx_word' id='word_1_214' title='bbox 1226 1648 1263 1686; x_wconf 92' lang='lat' dir='ltr'>L</span> <span class='ocrx_word' id='word_1_215' title='bbox 1289 1660 1338 1686; x_wconf 87' lang='lat' dir='ltr'>m.</span> <span class='ocrx_word' id='word_1_216' title='bbox 1368 1642 1413 1702; x_wconf 87' lang='lat'>1)</span> <span class='ocrx_word' id='word_1_217' title='bbox 1464 1648 1596 1686; x_wconf 72' lang='lat' dir='ltr'>onmia</span> <span class='ocrx_word' id='word_1_218' title='bbox 1645 1660 1690 1686; x_wconf 85' lang='lat' dir='ltr'>ac</span> <span class='ocrx_word' id='word_1_219' title='bbox 1739 1641 1810 1700; x_wconf 84' lang='lat' dir='ltr'>(an</span> 
     </span>
     <span class='ocr_line' id='line_1_24' title="bbox 277 1701 1812 1763; baseline -0.003 -13"><span class='ocrx_word' id='word_1_220' title='bbox 277 1704 495 1763; x_wconf 79' lang='lat' dir='ltr'>Guelferb.)</span> <span class='ocrx_word' id='word_1_221' title='bbox 527 1705 750 1749; x_wconf 86' lang='lat' dir='ltr'>nefantia’&#39;.</span> <span class='ocrx_word' id='word_1_222' title='bbox 795 1708 924 1747; x_wconf 90' lang='lat' dir='ltr'>Varro</span> <span class='ocrx_word' id='word_1_223' title='bbox 945 1707 1194 1747; x_wconf 84' lang='lat' dir='ltr'>Sciamachia</span> <span class='ocrx_word' id='word_1_224' title='bbox 1221 1705 1310 1760; x_wconf 80' lang='grc' dir='ltr'><strong><em>περὶ</em></strong></span> <span class='ocrx_word' id='word_1_225' title='bbox 1335 1706 1466 1758; x_wconf 79' lang='grc' dir='ltr'>τύφου</span> <span class='ocrx_word' id='word_1_226' title='bbox 1491 1701 1598 1760; x_wconf 82' lang='grc'>(509</span> <span class='ocrx_word' id='word_1_227' title='bbox 1613 1701 1666 1762; x_wconf 88' lang='grc' dir='ltr'>Β)</span> <span class='ocrx_word' id='word_1_228' title='bbox 1694 1703 1812 1758; x_wconf 82' lang='lat' dir='ltr'>“ego,</span> 
     </span>
     <span class='ocr_line' id='line_1_25' title="bbox 275 1761 1812 1821; baseline -0.003 -12"><span class='ocrx_word' id='word_1_229' title='bbox 275 1770 419 1820; x_wconf 86' lang='lat' dir='ltr'>inquit,</span> <span class='ocrx_word' id='word_1_230' title='bbox 451 1782 539 1812; x_wconf 83' lang='lat' dir='ltr'>eam</span> <span class='ocrx_word' id='word_1_231' title='bbox 571 1769 790 1820; x_wconf 86' lang='lat' dir='ltr'>suppetias,</span> <span class='ocrx_word' id='word_1_232' title='bbox 821 1769 988 1819; x_wconf 86' lang='lat' dir='ltr'>quitunc</span> <span class='ocrx_word' id='word_1_233' title='bbox 1020 1762 1195 1821; x_wconf 78' lang='lat' dir='ltr'>(quicwm</span> <span class='ocrx_word' id='word_1_234' title='bbox 1221 1767 1499 1807; x_wconf 87' lang='lat' dir='ltr'>Lachmannus</span> <span class='ocrx_word' id='word_1_235' title='bbox 1524 1761 1812 1820; x_wconf 78' lang='lat' dir='ltr'>Buechelerus)</span> 
     </span>
     <span class='ocr_line' id='line_1_26' title="bbox 276 1821 1814 1880; baseline -0.003 -11"><span class='ocrx_word' id='word_1_236' title='bbox 276 1830 375 1869; x_wconf 87' lang='lat' dir='ltr'>mihi</span> <span class='ocrx_word' id='word_1_237' title='bbox 406 1842 477 1869; x_wconf 90' lang='lat' dir='ltr'>nec</span> <span class='ocrx_word' id='word_1_238' title='bbox 507 1841 569 1868; x_wconf 91' lang='lat' dir='ltr'>res</span> <span class='ocrx_word' id='word_1_239' title='bbox 602 1841 674 1867; x_wconf 87' lang='lat' dir='ltr'>nec</span> <span class='ocrx_word' id='word_1_240' title='bbox 704 1829 809 1867; x_wconf 86' lang='lat' dir='ltr'>ratio</span> <span class='ocrx_word' id='word_1_241' title='bbox 841 1829 913 1877; x_wconf 89' lang='lat' dir='ltr'>est,</span> <span class='ocrx_word' id='word_1_242' title='bbox 943 1828 1127 1867; x_wconf 74' lang='lat' dir='ltr'>dissociat</span> <span class='ocrx_word' id='word_1_243' title='bbox 1156 1830 1269 1876; x_wconf 78' lang='lat' dir='ltr'>atquc</span> <span class='ocrx_word' id='word_1_244' title='bbox 1295 1822 1443 1880; x_wconf 86' lang='lat' dir='ltr'>(adque</span> <span class='ocrx_word' id='word_1_245' title='bbox 1469 1827 1507 1865; x_wconf 92' lang='lat' dir='ltr'>L</span> <span class='ocrx_word' id='word_1_246' title='bbox 1530 1838 1581 1866; x_wconf 81' lang='lat' dir='ltr'>m.</span> <span class='ocrx_word' id='word_1_247' title='bbox 1612 1821 1654 1879; x_wconf 87' lang='lat'>1)</span> <span class='ocrx_word' id='word_1_248' title='bbox 1682 1827 1814 1865; x_wconf 31' lang='lat' dir='ltr'>omnia*</span> 
     </span>
     <span class='ocr_line' id='line_1_27' title="bbox 279 1884 1813 1929; baseline -0.003 -1"><span class='ocrx_word' id='word_1_249' title='bbox 279 1902 324 1929; x_wconf 86' lang='lat' dir='ltr'>ac</span> <span class='ocrx_word' id='word_1_250' title='bbox 351 1884 621 1928; x_wconf 81' lang='lat' dir='ltr'>nefantia‘?”.&#39;</span> <span class='ocrx_word' id='word_1_251' title='bbox 672 1887 817 1927; x_wconf 80' lang='lat' dir='ltr'>Lucilii</span> <span class='ocrx_word' id='word_1_252' title='bbox 842 1887 966 1926; x_wconf 88' lang='lat' dir='ltr'>uerba</span> <span class='ocrx_word' id='word_1_253' title='bbox 991 1887 1049 1926; x_wconf 84' lang='lat' dir='ltr'>ita</span> <span class='ocrx_word' id='word_1_254' title='bbox 1075 1887 1285 1926; x_wconf 90' lang='lat' dir='ltr'>constituit</span> <span class='ocrx_word' id='word_1_255' title='bbox 1309 1886 1572 1926; x_wconf 87' lang='lat' dir='ltr'>Buechelerus</span> <span class='ocrx_word' id='word_1_256' title='bbox 1599 1886 1718 1925; x_wconf 89' lang='lat' dir='ltr'>sicuti</span> <span class='ocrx_word' id='word_1_257' title='bbox 1742 1898 1813 1925; x_wconf 90' lang='lat' dir='ltr'>nos</span> 
     </span>
     <span class='ocr_line' id='line_1_28' title="bbox 280 1944 1814 1997; baseline -0.002 -10"><span class='ocrx_word' id='word_1_258' title='bbox 280 1948 525 1988; x_wconf 82' lang='lat' dir='ltr'>exhibemus:</span> <span class='ocrx_word' id='word_1_259' title='bbox 557 1948 771 1987; x_wconf 85' lang='lat' dir='ltr'>dissociata</span> <span class='ocrx_word' id='word_1_260' title='bbox 803 1949 864 1986; x_wconf 89' lang='lat' dir='ltr'>est</span> <span class='ocrx_word' id='word_1_261' title='bbox 894 1944 1143 1997; x_wconf 80' lang='grc' dir='ltr'><em>ἀκοινώνητα</em></span> <span class='ocrx_word' id='word_1_262' title='bbox 1175 1946 1380 1985; x_wconf 87' lang='lat' dir='ltr'>Graecum.</span> <span class='ocrx_word' id='word_1_263' title='bbox 1428 1945 1560 1985; x_wconf 88' lang='lat' dir='ltr'>Verba</span> <span class='ocrx_word' id='word_1_264' title='bbox 1584 1945 1814 1997; x_wconf 84' lang='lat' dir='ltr'>tragoediae</span> 
     </span>
     <span class='ocr_line' id='line_1_29' title="bbox 280 2004 1815 2059; baseline -0.002 -12"><span class='ocrx_word' id='word_1_265' title='bbox 280 2009 436 2059; x_wconf 82' lang='lat' dir='ltr'>spirant</span> <span class='ocrx_word' id='word_1_266' title='bbox 466 2020 703 2047; x_wconf 80' lang='lat' dir='ltr'>sermonem:</span> <span class='ocrx_word' id='word_1_267' title='bbox 735 2008 869 2045; x_wconf 90' lang='lat' dir='ltr'>utrum</span> <span class='ocrx_word' id='word_1_268' title='bbox 902 2019 922 2045; x_wconf 91' lang='lat' dir='ltr'>e</span> <span class='ocrx_word' id='word_1_269' title='bbox 953 2006 1106 2058; x_wconf 87' lang='lat' dir='ltr'>tragico</span> <span class='ocrx_word' id='word_1_270' title='bbox 1139 2019 1189 2044; x_wconf 85' lang='lat' dir='ltr'>an</span> <span class='ocrx_word' id='word_1_271' title='bbox 1215 2018 1235 2044; x_wconf 93' lang='lat' dir='ltr'>e</span> <span class='ocrx_word' id='word_1_272' title='bbox 1261 2005 1414 2044; x_wconf 90' lang='lat' dir='ltr'>Lucilio</span> <span class='ocrx_word' id='word_1_273' title='bbox 1440 2005 1568 2044; x_wconf 84' lang='lat' dir='ltr'>Varro</span> <span class='ocrx_word' id='word_1_274' title='bbox 1595 2005 1719 2044; x_wconf 88' lang='lat' dir='ltr'>uerba</span> <span class='ocrx_word' id='word_1_275' title='bbox 1743 2004 1815 2044; x_wconf 80' lang='lat' dir='ltr'>illa</span> 
     </span>
     <span class='ocr_line' id='line_1_30' title="bbox 280 2064 1816 2118; baseline -0.002 -12"><span class='ocrx_word' id='word_1_276' title='bbox 280 2068 509 2118; x_wconf 87' lang='lat' dir='ltr'>sumpserit,</span> <span class='ocrx_word' id='word_1_277' title='bbox 534 2066 700 2105; x_wconf 89' lang='lat' dir='ltr'>dubium</span> <span class='ocrx_word' id='word_1_278' title='bbox 733 2068 802 2105; x_wconf 87' lang='lat' dir='ltr'>est.</span> <span class='ocrx_word' id='word_1_279' title='bbox 858 2065 922 2105; x_wconf 92' lang='lat' dir='ltr'>Ad</span> <span class='ocrx_word' id='word_1_280' title='bbox 954 2066 1076 2105; x_wconf 83' lang='lat' dir='ltr'>Ennii</span> <span class='ocrx_word' id='word_1_281' title='bbox 1107 2065 1305 2116; x_wconf 86' lang='lat' dir='ltr'>Thyesten</span> <span class='ocrx_word' id='word_1_282' title='bbox 1337 2064 1436 2103; x_wconf 87' lang='lat' dir='ltr'>bene</span> <span class='ocrx_word' id='word_1_283' title='bbox 1465 2077 1512 2103; x_wconf 89' lang='lat' dir='ltr'>ea</span> <span class='ocrx_word' id='word_1_284' title='bbox 1537 2077 1652 2116; x_wconf 89' lang='lat' dir='ltr'>posse</span> <span class='ocrx_word' id='word_1_285' title='bbox 1676 2065 1816 2103; x_wconf 85' lang='lat' dir='ltr'>referri</span> 
     </span>
     <span class='ocr_line' id='line_1_31' title="bbox 280 2125 1559 2178; baseline 0 -12"><span class='ocrx_word' id='word_1_286' title='bbox 280 2127 464 2178; x_wconf 87' lang='lat' dir='ltr'>inprimis</span> <span class='ocrx_word' id='word_1_287' title='bbox 495 2126 690 2165; x_wconf 86' lang='lat' dir='ltr'>Varronis</span> <span class='ocrx_word' id='word_1_288' title='bbox 721 2126 808 2165; x_wconf 90' lang='lat' dir='ltr'>loco</span> <span class='ocrx_word' id='word_1_289' title='bbox 840 2126 987 2165; x_wconf 87' lang='lat' dir='ltr'>collato</span> <span class='ocrx_word' id='word_1_290' title='bbox 1018 2125 1277 2177; x_wconf 87' lang='lat' dir='ltr'>intellegitur.</span> <span class='ocrx_word' id='word_1_291' title='bbox 1556 2163 1559 2166; x_wconf 17' lang='grc' dir='ltr'><em>Α</em></span> 
     </span>
    </p>

    <p class='ocr_par' dir='ltr' id='par_1_4' title="bbox 283 2180 1826 2714">
     <span class='ocr_line' id='line_1_32' title="bbox 402 2180 1826 2236; baseline -0.003 -10"><span class='ocrx_word' id='word_1_292' title='bbox 402 2180 513 2226; x_wconf 79' lang='grc'><strong>875.</strong></span> <span class='ocrx_word' id='word_1_293' title='bbox 544 2186 699 2226; x_wconf 82' lang='lat' dir='ltr'>Nonius</span> <span class='ocrx_word' id='word_1_294' title='bbox 730 2199 767 2236; x_wconf 89' lang='lat' dir='ltr'>p.</span> <span class='ocrx_word' id='word_1_295' title='bbox 796 2186 864 2235; x_wconf 86' lang='lat'>30,</span> <span class='ocrx_word' id='word_1_296' title='bbox 892 2187 944 2224; x_wconf 85' lang='lat'>27</span> <span class='ocrx_word' id='word_1_297' title='bbox 980 2182 1214 2224; x_wconf 81' lang='lat' dir='ltr'>‘Exordium</span> <span class='ocrx_word' id='word_1_298' title='bbox 1245 2186 1306 2223; x_wconf 88' lang='lat' dir='ltr'>est</span> <span class='ocrx_word' id='word_1_299' title='bbox 1342 2183 1511 2223; x_wconf 88' lang='lat' dir='ltr'>initium.</span> <span class='ocrx_word' id='word_1_300' title='bbox 1544 2215 1553 2222; x_wconf 83' lang='lat'>.</span> <span class='ocrx_word' id='word_1_301' title='bbox 1576 2215 1582 2222; x_wconf 92' lang='lat'>.</span> <span class='ocrx_word' id='word_1_302' title='bbox 1606 2215 1613 2221; x_wconf 88' lang='lat'>.</span> <span class='ocrx_word' id='word_1_303' title='bbox 1639 2183 1826 2223; x_wconf 81' lang='lat' dir='ltr'>Lucilius-</span> 
     </span>
     <span class='ocr_line' id='line_1_33' title="bbox 283 2241 1818 2286; baseline -0.002 -1"><span class='ocrx_word' id='word_1_304' title='bbox 283 2247 349 2285; x_wconf 88' lang='lat' dir='ltr'>lib.</span> <span class='ocrx_word' id='word_1_305' title='bbox 363 2245 558 2285; x_wconf 92' lang='lat' dir='ltr'>XXVIIII</span> <span class='ocrx_word' id='word_1_306' title='bbox 578 2242 744 2286; x_wconf 71' lang='lat' dir='ltr'>“uirum</span> <span class='ocrx_word' id='word_1_307' title='bbox 755 2246 885 2286; x_wconf 88' lang='lat' dir='ltr'>tristis</span> <span class='ocrx_word' id='word_1_308' title='bbox 982 2241 1202 2284; x_wconf 87' lang='lat' dir='ltr'>exordio&#39;’.&#39;</span> <span class='ocrx_word' id='word_1_309' title='bbox 1243 2244 1386 2284; x_wconf 74' lang='lat' dir='ltr'>Vcrwm</span> <span class='ocrx_word' id='word_1_310' title='bbox 1398 2244 1606 2283; x_wconf 89' lang='lat' dir='ltr'>Mercerus.</span> <span class='ocrx_word' id='word_1_311' title='bbox 1638 2244 1759 2283; x_wconf 77' lang='lat' dir='ltr'>tristis</span> <span class='ocrx_word' id='word_1_312' title='bbox 1772 2255 1818 2282; x_wconf 77' lang='lat' dir='ltr'>ex</span> 
     </span>
     <span class='ocr_line' id='line_1_34' title="bbox 284 2301 1818 2353; baseline -0.003 -8"><span class='ocrx_word' id='word_1_313' title='bbox 284 2307 438 2345; x_wconf 72' lang='lat' dir='ltr'>exordio</span> <span class='ocrx_word' id='word_1_314' title='bbox 469 2306 515 2344; x_wconf 87' lang='lat' dir='ltr'>ut</span> <span class='ocrx_word' id='word_1_315' title='bbox 539 2305 694 2344; x_wconf 85' lang='lat' dir='ltr'>Terent.</span> <span class='ocrx_word' id='word_1_316' title='bbox 720 2304 843 2344; x_wconf 88' lang='lat' dir='ltr'>Andr.</span> <span class='ocrx_word' id='word_1_317' title='bbox 871 2305 956 2343; x_wconf 88' lang='grc'>268</span> <span class='ocrx_word' id='word_1_318' title='bbox 991 2301 1052 2343; x_wconf 76' lang='lat' dir='ltr'>‘ex</span> <span class='ocrx_word' id='word_1_319' title='bbox 1083 2304 1157 2343; x_wconf 92' lang='lat' dir='ltr'>hoc</span> <span class='ocrx_word' id='word_1_320' title='bbox 1181 2304 1326 2343; x_wconf 88' lang='lat' dir='ltr'>misera</span> <span class='ocrx_word' id='word_1_321' title='bbox 1352 2303 1526 2343; x_wconf 88' lang='lat' dir='ltr'>sollicita</span> <span class='ocrx_word' id='word_1_322' title='bbox 1551 2305 1610 2343; x_wconf 89' lang='lat' dir='ltr'>est</span> <span class='ocrx_word' id='word_1_323' title='bbox 1634 2302 1697 2342; x_wconf 87' lang='lat' dir='ltr'>die</span> <span class='ocrx_word' id='word_1_324' title='bbox 1723 2303 1818 2353; x_wconf 84' lang='lat' dir='ltr'>quia</span> 
     </span>
     <span class='ocr_line' id='line_1_35' title="bbox 285 2360 1819 2415; baseline -0.002 -11"><span class='ocrx_word' id='word_1_325' title='bbox 285 2366 382 2404; x_wconf 88' lang='lat' dir='ltr'>olim</span> <span class='ocrx_word' id='word_1_326' title='bbox 412 2366 454 2404; x_wconf 88' lang='lat' dir='ltr'>in</span> <span class='ocrx_word' id='word_1_327' title='bbox 485 2365 591 2404; x_wconf 87' lang='lat' dir='ltr'>hunc</span> <span class='ocrx_word' id='word_1_328' title='bbox 624 2366 719 2404; x_wconf 91' lang='lat' dir='ltr'>sunt</span> <span class='ocrx_word' id='word_1_329' title='bbox 754 2365 997 2404; x_wconf 88' lang='lat' dir='ltr'>constitutae</span> <span class='ocrx_word' id='word_1_330' title='bbox 1034 2360 1226 2415; x_wconf 87' lang='lat' dir='ltr'>nuptiae&#39;.</span> <span class='ocrx_word' id='word_1_331' title='bbox 1288 2363 1412 2402; x_wconf 87' lang='lat' dir='ltr'>Ludit</span> <span class='ocrx_word' id='word_1_332' title='bbox 1441 2362 1619 2402; x_wconf 77' lang='lat' dir='ltr'>Lucilius</span> <span class='ocrx_word' id='word_1_333' title='bbox 1650 2362 1819 2402; x_wconf 88' lang='lat' dir='ltr'>Pacuuii</span> 
     </span>
     <span class='ocr_line' id='line_1_36' title="bbox 285 2422 1818 2476; baseline -0.003 -12"><span class='ocrx_word' id='word_1_334' title='bbox 285 2425 471 2476; x_wconf 83' lang='lat' dir='ltr'>prologos</span> <span class='ocrx_word' id='word_1_335' title='bbox 496 2426 543 2463; x_wconf 91' lang='lat' dir='ltr'>ut</span> <span class='ocrx_word' id='word_1_336' title='bbox 567 2427 774 2464; x_wconf 75' lang='lat' dir='ltr'>contortos:</span> <span class='ocrx_word' id='word_1_337' title='bbox 800 2425 943 2464; x_wconf 87' lang='lat' dir='ltr'>docent</span> <span class='ocrx_word' id='word_1_338' title='bbox 968 2424 1072 2463; x_wconf 87' lang='lat' dir='ltr'>enim</span> <span class='ocrx_word' id='word_1_339' title='bbox 1097 2424 1274 2463; x_wconf 84' lang='lat' dir='ltr'>rhetores</span> <span class='ocrx_word' id='word_1_340' title='bbox 1299 2424 1341 2461; x_wconf 91' lang='lat' dir='ltr'>in</span> <span class='ocrx_word' id='word_1_341' title='bbox 1368 2423 1612 2473; x_wconf 86' lang='lat' dir='ltr'>expositione</span> <span class='ocrx_word' id='word_1_342' title='bbox 1636 2422 1818 2473; x_wconf 85' lang='lat' dir='ltr'>inprimis</span> 
     </span>
     <span class='ocr_line' id='line_1_37' title="bbox 285 2476 1819 2537; baseline -0.003 -13"><span class='ocrx_word' id='word_1_343' title='bbox 285 2496 334 2524; x_wconf 72' lang='lat' dir='ltr'>ne</span> <span class='ocrx_word' id='word_1_344' title='bbox 364 2484 457 2532; x_wconf 75' lang='lat' dir='ltr'>quid</span> <span class='ocrx_word' id='word_1_345' title='bbox 487 2487 652 2524; x_wconf 75' lang='lat' dir='ltr'>contorte</span> <span class='ocrx_word' id='word_1_346' title='bbox 682 2485 860 2523; x_wconf 71' lang='lat' dir='ltr'>dicamus</span> <span class='ocrx_word' id='word_1_347' title='bbox 889 2479 960 2537; x_wconf 86' lang='lat' dir='ltr'>(ad</span> <span class='ocrx_word' id='word_1_348' title='bbox 984 2483 1156 2522; x_wconf 87' lang='lat' dir='ltr'>Herenn.</span> <span class='ocrx_word' id='word_1_349' title='bbox 1181 2483 1202 2521; x_wconf 96' lang='lat' dir='ltr'>I</span> <span class='ocrx_word' id='word_1_350' title='bbox 1229 2484 1268 2532; x_wconf 90' lang='lat'>9,</span> <span class='ocrx_word' id='word_1_351' title='bbox 1295 2483 1348 2522; x_wconf 87' lang='lat'>15</span> <span class='ocrx_word' id='word_1_352' title='bbox 1362 2476 1495 2536; x_wconf 68' lang='lat' dir='ltr'>med).</span> <span class='ocrx_word' id='word_1_353' title='bbox 1546 2481 1678 2521; x_wconf 83' lang='lat' dir='ltr'>Simili</span> <span class='ocrx_word' id='word_1_354' title='bbox 1702 2481 1819 2521; x_wconf 87' lang='lat' dir='ltr'>modo</span> 
     </span>
     <span class='ocr_line' id='line_1_38' title="bbox 288 2536 1820 2595; baseline -0.002 -13"><span class='ocrx_word' id='word_1_355' title='bbox 288 2542 524 2582; x_wconf 82' lang='lat' dir='ltr'>Gnathaena</span> <span class='ocrx_word' id='word_1_356' title='bbox 553 2539 740 2582; x_wconf 83' lang='lat' dir='ltr'>meretrix</span> <span class='ocrx_word' id='word_1_357' title='bbox 772 2543 928 2594; x_wconf 86' lang='lat' dir='ltr'>Diphili</span> <span class='ocrx_word' id='word_1_358' title='bbox 961 2545 1101 2594; x_wconf 89' lang='lat' dir='ltr'>poetae</span> <span class='ocrx_word' id='word_1_359' title='bbox 1138 2542 1279 2582; x_wconf 87' lang='lat' dir='ltr'>irridet</span> <span class='ocrx_word' id='word_1_360' title='bbox 1315 2542 1500 2593; x_wconf 85' lang='lat' dir='ltr'>prologos</span> <span class='ocrx_word' id='word_1_361' title='bbox 1533 2536 1695 2595; x_wconf 87' lang='lat' dir='ltr'>(Athen.</span> <span class='ocrx_word' id='word_1_362' title='bbox 1721 2541 1820 2580; x_wconf 89' lang='lat' dir='ltr'>XIII</span> 
     </span>
     <span class='ocr_line' id='line_1_39' title="bbox 287 2597 1819 2656; baseline -0.001 -16"><span class='ocrx_word' id='word_1_363' title='bbox 287 2603 439 2653; x_wconf 19' lang='lat' dir='ltr'>p..580</span> <span class='ocrx_word' id='word_1_364' title='bbox 451 2597 527 2656; x_wconf 88' lang='lat' dir='ltr'>A),</span> <span class='ocrx_word' id='word_1_365' title='bbox 582 2603 786 2654; x_wconf 85' lang='lat' dir='ltr'>Euripidis</span> <span class='ocrx_word' id='word_1_366' title='bbox 840 2603 1026 2654; x_wconf 88' lang='lat' dir='ltr'>prologos</span> <span class='ocrx_word' id='word_1_367' title='bbox 1075 2601 1362 2653; x_wconf 88' lang='lat' dir='ltr'>Aristophanes</span> <span class='ocrx_word' id='word_1_368' title='bbox 1417 2601 1541 2640; x_wconf 84' lang='lat' dir='ltr'>Ranis</span> <span class='ocrx_word' id='word_1_369' title='bbox 1581 2602 1692 2640; x_wconf 85' lang='lat'>1197</span> <span class='ocrx_word' id='word_1_370' title='bbox 1711 2613 1819 2651; x_wconf 87' lang='lat' dir='ltr'>seqq.</span> 
     </span>
     <span class='ocr_line' id='line_1_40' title="bbox 289 2660 1820 2714; baseline -0.002 -12"><span class='ocrx_word' id='word_1_371' title='bbox 289 2661 431 2702; x_wconf 82' lang='lat' dir='ltr'>Tristis</span> <span class='ocrx_word' id='word_1_372' title='bbox 462 2662 531 2700; x_wconf 89' lang='lat' dir='ltr'>ille</span> <span class='ocrx_word' id='word_1_373' title='bbox 562 2662 640 2701; x_wconf 84' lang='lat' dir='ltr'>fuit</span> <span class='ocrx_word' id='word_1_374' title='bbox 671 2663 813 2714; x_wconf 90' lang='lat' dir='ltr'>opinor</span> <span class='ocrx_word' id='word_1_375' title='bbox 836 2662 1014 2702; x_wconf 86' lang='lat' dir='ltr'>Lucilius</span> <span class='ocrx_word' id='word_1_376' title='bbox 1047 2661 1118 2713; x_wconf 88' lang='lat' dir='ltr'>qui</span> <span class='ocrx_word' id='word_1_377' title='bbox 1148 2661 1311 2702; x_wconf 89' lang='lat' dir='ltr'>sedebat</span> <span class='ocrx_word' id='word_1_378' title='bbox 1338 2662 1380 2699; x_wconf 89' lang='lat' dir='ltr'>in</span> <span class='ocrx_word' id='word_1_379' title='bbox 1406 2661 1563 2700; x_wconf 88' lang='lat' dir='ltr'>theatro</span> <span class='ocrx_word' id='word_1_380' title='bbox 1588 2660 1820 2700; x_wconf 87' lang='lat' dir='ltr'>fastidiosus</span> 
     </span>
    </p>
   </div>
   <div class='ocr_carea' id='block_1_3' title="bbox 213 2721 718 2761">
    <p class='ocr_par' dir='ltr' id='par_1_5' title="bbox 213 2721 718 2761">
     <span class='ocr_line' id='line_1_41' title="bbox 213 2721 718 2761; baseline 0.002 -2"><span class='ocrx_word' id='word_1_381' title='bbox 213 2742 219 2746; x_wconf 90' lang='lat'><strong>·</strong></span> <span class='ocrx_word' id='word_1_382' title='bbox 290 2721 425 2761; x_wconf 85' lang='lat' dir='ltr'>Musae</span> <span class='ocrx_word' id='word_1_383' title='bbox 456 2721 718 2761; x_wconf 84' lang='lat' dir='ltr'>Pacuuianae.</span> 
     </span>
    </p>
   </div>
   <div class='ocr_carea' id='block_1_4' title="bbox 292 2775 1823 2891">
    <p class='ocr_par' dir='ltr' id='par_1_6' title="bbox 292 2775 1823 2891">
     <span class='ocr_line' id='line_1_42' title="bbox 410 2775 1823 2833; baseline -0.001 -15"><span class='ocrx_word' id='word_1_384' title='bbox 410 2775 521 2819; x_wconf 77' lang='lat'>876.</span> <span class='ocrx_word' id='word_1_385' title='bbox 552 2780 706 2820; x_wconf 86' lang='lat' dir='ltr'>Nonius</span> <span class='ocrx_word' id='word_1_386' title='bbox 737 2795 773 2833; x_wconf 92' lang='lat' dir='ltr'>p.</span> <span class='ocrx_word' id='word_1_387' title='bbox 804 2783 899 2829; x_wconf 85' lang='grc'>171,</span> <span class='ocrx_word' id='word_1_388' title='bbox 927 2782 951 2819; x_wconf 88' lang='lat'>5</span> <span class='ocrx_word' id='word_1_389' title='bbox 986 2778 1212 2833; x_wconf 73' lang='lat' dir='ltr'>‘signatam</span> <span class='ocrx_word' id='word_1_390' title='bbox 1242 2780 1438 2831; x_wconf 87' lang='lat' dir='ltr'>uirginem</span> <span class='ocrx_word' id='word_1_391' title='bbox 1475 2781 1656 2819; x_wconf 85' lang='lat' dir='ltr'>uetustas</span> <span class='ocrx_word' id='word_1_392' title='bbox 1692 2779 1823 2818; x_wconf 88' lang='lat' dir='ltr'>uoluit</span> 
     </span>
     <span class='ocr_line' id='line_1_43' title="bbox 292 2837 1822 2891; baseline 0 -14"><span class='ocrx_word' id='word_1_393' title='bbox 292 2839 430 2878; x_wconf 86' lang='lat' dir='ltr'>dicere.</span> <span class='ocrx_word' id='word_1_394' title='bbox 492 2839 669 2879; x_wconf 76' lang='lat' dir='ltr'>Lucilius</span> <span class='ocrx_word' id='word_1_395' title='bbox 701 2840 767 2879; x_wconf 91' lang='lat' dir='ltr'>lib.</span> <span class='ocrx_word' id='word_1_396' title='bbox 794 2840 989 2879; x_wconf 90' lang='lat' dir='ltr'>XXVIIII</span> <span class='ocrx_word' id='word_1_397' title='bbox 1021 2837 1223 2889; x_wconf 73' lang='lat' dir='ltr'>“primam</span> <span class='ocrx_word' id='word_1_398' title='bbox 1254 2841 1433 2879; x_wconf 76' lang='lat' dir='ltr'>crisicum</span> <span class='ocrx_word' id='word_1_399' title='bbox 1463 2841 1586 2891; x_wconf 79' lang='lat' dir='ltr'>negat</span> <span class='ocrx_word' id='word_1_400' title='bbox 1622 2840 1822 2889; x_wconf 82' lang='lat' dir='ltr'>signatam</span> 
     </span>
    </p>
   </div>
   <div class='ocr_carea' id='block_1_5' title="bbox 291 2900 1824 3042">
    <p class='ocr_par' dir='ltr' id='par_1_7' title="bbox 291 2900 1824 3042">
     <span class='ocr_line' id='line_1_44' title="bbox 291 2900 1821 2975; baseline 0 -16"><span class='ocrx_word' id='word_1_401' title='bbox 291 2922 423 2961; x_wconf 82' lang='lat' dir='ltr'>redere</span> <span class='ocrx_word' id='word_1_402' title='bbox 445 2916 521 2974; x_wconf 86' lang='lat' dir='ltr'>(ita</span> <span class='ocrx_word' id='word_1_403' title='bbox 533 2921 749 2972; x_wconf 89' lang='lat' dir='ltr'>Leidensis,</span> <span class='ocrx_word' id='word_1_404' title='bbox 767 2900 894 2962; x_wconf 56' lang='lat' dir='ltr'>redire</span> <span class='ocrx_word' id='word_1_405' title='bbox 907 2923 1253 2973; x_wconf 82' lang='lat' dir='ltr'>Guelferbytanus,</span> <span class='ocrx_word' id='word_1_406' title='bbox 1270 2923 1430 2962; x_wconf 76' lang='lat' dir='ltr'>reddere</span> <span class='ocrx_word' id='word_1_407' title='bbox 1449 2923 1544 2962; x_wconf 89' lang='lat' dir='ltr'>olim</span> <span class='ocrx_word' id='word_1_408' title='bbox 1559 2916 1821 2975; x_wconf 87' lang='lat' dir='ltr'>impressi)’&#39;.&#39;</span> 
     </span>
     <span class='ocr_line' id='line_1_45' title="bbox 293 2979 1824 3042; baseline 0 -23"><span class='ocrx_word' id='word_1_409' title='bbox 293 2979 414 3019; x_wconf 85' lang='lat' dir='ltr'>Recte</span> <span class='ocrx_word' id='word_1_410' title='bbox 440 2981 618 3032; x_wconf 85' lang='lat' dir='ltr'>Scaliger</span> <span class='ocrx_word' id='word_1_411' title='bbox 645 2981 784 3032; x_wconf 77' lang='lat' dir='ltr'>Chrysi</span> <span class='ocrx_word' id='word_1_412' title='bbox 807 2994 905 3028; x_wconf 79' lang='lat' dir='ltr'>oum,</span> <span class='ocrx_word' id='word_1_413' title='bbox 929 2983 1128 3022; x_wconf 90' lang='lat' dir='ltr'>Mercerus</span> <span class='ocrx_word' id='word_1_414' title='bbox 1145 2983 1341 3030; x_wconf 74' lang='lat' dir='ltr'>primmn:</span> <span class='ocrx_word' id='word_1_415' title='bbox 1371 2983 1567 3032; x_wconf 73' lang='lat' dir='ltr'>siynatoem</span> <span class='ocrx_word' id='word_1_416' title='bbox 1589 2981 1697 3020; x_wconf 90' lang='lat' dir='ltr'>idem</span> <span class='ocrx_word' id='word_1_417' title='bbox 1720 2980 1824 3042; x_wconf 81' lang='lat' dir='ltr'>male</span> 
     </span>
    </p>
   </div>
  </div>
 </body>
</html>
