2060 3444
794 253 916 290 XXVI
939 266 976 291 u.
1004 257 1206 291 6⁶5--667.
1690 253 1778 297 243

228 365 566 420 ‘quandoquidem
597 367 756 420 repperi
787 370 945 421 magnis
977 368 1257 409 combibonum
1290 381 1334 408 ex
1367 370 1491 420 copiis
1523 369 1587 408 uel
1626 381 1772 420 paucos

225 429 291 469 uel
321 429 489 479 nullum,
521 430 590 479 qui
623 430 740 468 amici
772 429 904 469 officio
930 430 1046 481 fungi
1070 430 1125 469 sit
1149 425 1342 480 paratus'.
1392 428 1642 468 Vocabulum
1668 442 1772 470 oom-

226 488 320 543 bibo
345 489 371 528 i.
397 502 428 528 e.
455 486 661 541 συμπότης
693 488 887 529 Graecum
920 502 965 528 ex
996 489 1071 528 hoc
1102 502 1220 529 uersu
1255 488 1468 540 sumpsisse
1506 489 1667 529 uidetur
1704 490 1770 541 qui

226 548 334 589 solus
372 561 418 589 eo
454 549 583 588 utitur
621 548 700 588 Cic.
728 550 842 599 epist.
868 549 925 589 IX
953 550 1027 600 25,
1055 550 1079 587 2
1127 546 1184 588 ‘in
1226 549 1278 587 iis
1322 550 1623 599 controuersiis,
1674 563 1773 601 quas

224 608 352 649 habeo
390 622 479 648 cum
520 610 600 649 tuis
645 609 946 649 combibonibus
986 606 1216 660 Epicuriis’.
1252 631 1307 636 —
1334 609 1422 661 Ego
1466 610 1641 660 recipere
1685 623 1773 650 sum

226 681 345 709 ausus
375 669 597 721 perfectum
627 671 797 719 repperii
830 669 935 720 quod
968 669 1126 710 disertis
1158 669 1290 709 uerbis
1320 670 1427 709 inter
1452 670 1595 709 similis
1621 671 1773 710 formae

224 730 403 781 perfecta
432 730 548 781 ponit
573 730 785 769 Diomedes
812 729 879 769 GL
904 730 926 769 I
949 743 987 781 p.
1016 731 1114 781 371,
1143 731 1165 769 1
1182 729 1219 768 K
1250 726 1414 781 ‘sepelio
1440 730 1607 782 sepeliui
1632 730 1774 782 sepelii

224 790 380 840 reperio
422 790 596 841 reperiui
639 791 680 830 et
721 791 869 842 reperii
913 784 999 845 (ubi
1023 788 1064 828 A
1106 791 1290 842 repperio
1333 792 1536 842 repperiui
1578 785 1771 845 repergii)

225 851 405 901 parturio
443 851 644 902 parturiui
682 853 722 890 et
764 847 964 902 parturii'
1033 850 1093 889 De
1137 851 1338 890 sententia
1381 851 1476 890 conf
1508 850 1773 890 Menandrum

229 909 329 949 CAF
354 910 417 950 [H
441 924 481 982 p.
510 912 606 962 169,
634 911 771 950 554Κ
803 909 877 951 οὐκ
903 908 944 950 ἐκ
969 908 1102 950 πότων
1127 908 1194 950 καὶ
1218 915 1289 963 τῆς
1314 906 1411 950 καθ’
1440 908 1592 965 ἡμέραν
1617 917 1773 986 τρυφῆς

225 970 417 1022 ζητοῦμεν
455 961 486 1026 ᾧ
519 970 777 1024 πιστεύσομεν
819 969 867 1011 τὰ
908 976 979 1011 τοῦ
1023 970 1135 1024 βίου,
1178 970 1317 1045 πάτερ;
1362 969 1410 1011 οὐ
1453 969 1633 1025 περιττὸν
1677 967 1769 1011 οἴετ’

226 1028 474 1084 ἐξευρηκέναι
499 1029 657 1085 ἀγαθὸν
683 1028 903 1084 ἕκαστος,
889 1029 940 1070 ἂν
966 1029 1032 1087 ἔχῃ
1059 1031 1179 1082 φίλου
1205 1030 1340 1079 anacim
1372 1031 1432 1070 De
1459 1032 1770 1082 quandoquidem

223 1091 446 1142 particulae
466 1093 671 1131 scansione
691 1092 786 1131 conf
801 1091 980 1131 Bakerus
1001 1090 1123 1132 Class.
1137 1104 1218 1131 reu.
1233 1091 1350 1130 XVH
1367 1092 1480 1132 1903
1500 1105 1539 1143 p.
1563 1093 1646 1132 313
1662 1105 1770 1143 seqq.

231 1161 234 1163 ’
345 1146 457 1192 666.
489 1152 644 1191 Nonius
670 1165 708 1202 p.
736 1153 806 1203 97,
834 1154 885 1191 11
923 1149 1107 1191 ‘Difflare
1136 1153 1197 1191 est
1220 1151 1321 1191 flatu
1347 1151 1582 1192 disturbare.
1604 1183 1612 1191 .
1635 1184 1642 1192 .
1665 1184 1672 1191 .
1692 1151 1771 1192 Lu-

225 1210 340 1250 cilius
371 1210 439 1250 lib.
465 1211 599 1251 XXVI
631 1208 756 1263 “pars
784 1244 791 1251 .
814 1244 821 1251 .
844 1243 851 1251 .
877 1208 1088 1264 frigore''.'
1154 1210 1422 1263 Conqueritur
1452 1212 1631 1253 Lucilius
1666 1214 1771 1266 agri-

225 1272 313 1310 cola
345 1273 385 1311 et
414 1271 685 1312 uindemiator
715 1273 762 1312 de
795 1272 950 1312 casibus
981 1272 1091 1312 uitae
1122 1273 1314 1312 rusticae:
1345 1285 1439 1323 pars
1471 1273 1616 1324 segetis
1642 1273 1770 1313 diffla-

223 1333 292 1370 tur
317 1343 434 1383 saepe
459 1329 710 1383 tempestate,
733 1345 828 1384 pars
853 1333 985 1372 uritur
1010 1332 1208 1386 gelicidio.
1258 1332 1371 1372 Arat.
1402 1333 1514 1372 1086
1543 1331 1626 1373 ἐπεὶ
1652 1331 1771 1387 μέγας

223 1390 272 1431 οὐ
303 1390 402 1431 κατὰ
432 1390 582 1444 κόσμον
612 1393 761 1447 γίνεται
792 1390 881 1433 οὔτε
914 1395 1058 1445 φυτοῖς
1094 1390 1239 1446 χειμὼν
1277 1393 1394 1444 φίλος
1432 1389 1516 1432 οὔτ’
1557 1391 1771 1448 ἀρότοισιν,

224 1449 322 1491 ἀλλὰ
351 1450 447 1505 χιὼν
479 1452 540 1505 εἴη
571 1452 697 1506 πολλὴ
731 1453 916 1507 μεγάλαις
948 1448 1010 1493 ἐπ’
1046 1451 1235 1508 ἀρούραις
1268 1452 1386 1506 μήπω
1422 1452 1632 1509 κεκριμένῃ
1671 1451 1771 1506 μηδὲ

223 1512 390 1569 βλωθρῇ
417 1511 481 1552 ἐπὶ
506 1513 602 1570 ποίῃ
629 1509 790 1568 (Anien.
817 1514 930 1554 Arat.
962 1509 1115 1569 1810);
1141 1512 1258 1553 Ouid.
1284 1514 1376 1553 fast.
1402 1513 1423 1552 I
1449 1515 1533 1553 679
1566 1511 1652 1553 ‘uos
1679 1514 1771 1554 date

221 1574 435 1623 perpetuos
466 1574 613 1614 teneris
645 1574 888 1613 sementibus
920 1575 1078 1623 auctus,
1116 1587 1187 1613 nec
1218 1586 1325 1613 noua
1354 1587 1427 1624 per
1457 1574 1610 1625 gelidas
1647 1574 1771 1614 herba

223 1633 278 1671 sit
298 1634 390 1672 usta
409 1631 536 1672 niues’
560 1633 710 1673 Colum.
730 1634 794 1673 ΠΙ
816 1637 836 1672 1
851 1634 953 1673 med.
976 1631 1241 1685 ‘exploratum
1259 1635 1395 1673 tamen
1414 1633 1579 1674 habebit
1592 1633 1770 1685 'prudens

224 1693 400 1744 agricola
431 1706 557 1745 genus
587 1694 684 1733 uitis
715 1694 848 1733 habile
881 1706 1034 1745 campo,
1067 1693 1172 1744 quod
1203 1693 1368 1733 nebulas
1394 1695 1659 1745 pruinamque
1685 1694 1769 1734 sine

226 1765 330 1791 noxa
349 1753 516 1804 perfert:
544 1755 647 1804 colli,
675 1754 780 1804 quod
801 1755 1023 1793 siccitatem
1041 1755 1261 1804 uentosque
1285 1751 1456 1805 patitur'
1489 1753 1604 1794 Lucr.
1625 1754 1662 1792 V
1684 1755 1768 1794 215

226 1809 313 1852 ‘aut
349 1814 483 1853 nimiis
521 1816 647 1853 torret
683 1814 906 1854 feruoribus
945 1814 1145 1853 aetherius
1183 1815 1243 1853 sol
1281 1816 1352 1853 aut
1395 1814 1519 1854 subiti
1561 1817 1771 1866 peremunt

222 1873 362 1912 imbris
400 1873 634 1926 gelidaeque
674 1874 842 1925 pruinae
885 1874 1090 1925 flabraque
1132 1876 1343 1914 uentorum
1387 1874 1566 1914 uiolento
1610 1875 1769 1915 turbine

222 1930 398 1973 uexant'.

344 1989 457 2034 667.
489 1994 644 2033 Nonius
675 2009 712 2046 p.
742 1996 840 2045 521,
869 1997 890 2034 1
935 1991 1193 2034 ‘Prouentum
1232 1996 1355 2034 etiam
1395 1996 1591 2034 malarum
1636 2009 1769 2035 rerum

223 2054 303 2093 dici
339 2056 492 2094 ueteres
530 2055 755 2094 uoluerunt.
824 2054 1001 2094 Lucilius
1040 2055 1107 2094 lib.
1134 2055 1267 2094 XXVI
1312 2052 1514 2106 “denique
1553 2054 1630 2110 (sic
1674 2056 1767 2095 edit.

222 2115 365 2165 princ:
409 2115 500 2154 dein
542 2127 642 2165 quae
679 2111 795 2169 codd)
829 2147 836 2154 .
865 2147 872 2154 .
901 2147 908 2154 .
941 2112 1106 2154 male’'.'
1175 2116 1392 2155 Prouenire
1430 2115 1526 2166 quid
1563 2118 1617 2155 sit
1654 2116 1770 2156 docet

223 2173 436 2215 Lorenzius
469 2175 519 2214 ad
549 2174 679 2214 Plaut.
708 2176 824 2215 Most.
853 2176 948 2214 414·
973 2172 1127 2214 ‘uerum
1164 2175 1206 2214 id
1242 2175 1461 2215 uidendum
1498 2178 1575 2226 est,
1611 2175 1653 2215 id
1690 2176 1768 2215 uiri

223 2234 330 2274 docti
363 2237 423 2275 est
454 2247 572 2286 opus,
610 2230 725 2286 quae*
743 2235 952 2287 designata
984 2236 1066 2274 sint
1097 2237 1138 2274 et
1167 2236 1277 2274 facta
1313 2237 1514 2287 nequiter,
1550 2237 1768 2287 tranquille

224 2297 367 2334 cuncta
398 2296 439 2334 et
470 2296 516 2334 ut
546 2296 787 2346 proueniant
818 2297 902 2335 sine
939 2295 1064 2345 malo,
1101 2309 1151 2334 ne
1190 2296 1285 2346 quid
1322 2296 1520 2347 potiatur,
1558 2310 1678 2348 quam
1718 2297 1767 2336 ob

222 2367 306 2393 rem
343 2355 481 2407 pigeat
523 2353 675 2395 uiuere’
728 2356 829 2395 Men.
859 2357 943 2395 964
984 2353 1119 2395 ‘nimis
1163 2357 1403 2406 prouentum
1445 2357 1507 2396 est
1548 2354 1767 2407 nequiter':

223 2414 327 2453 unde
353 2417 521 2466 apparet
548 2412 804 2467 ‘proueniunt
827 2413 947 2455 male'
974 2416 1081 2455 idem
1106 2415 1187 2455 fere
1210 2429 1293 2456 esse
1314 2418 1435 2467 atque
1455 2412 1574 2456 ‘male
1595 2414 1767 2466 cedunt',

225 2471 349 2514 ‘mala
382 2474 484 2514 fiunt
513 2476 669 2515 ratione
702 2477 743 2515 et
772 2473 985 2527 improba'.
1046 2475 1247 2527 Loquitur
1283 2489 1363 2516 non
1401 2476 1660 2526 decumanus,
1698 2477 1767 2516 sed

222 2547 425 2585 possessor
460 2535 655 2588 Lucilius,
695 2537 764 2587 qui
801 2538 984 2587 queritur
1021 2535 1069 2575 de
1106 2536 1264 2575 iniuriis
1303 2536 1628 2576 decumanorum:
1673 2550 1766 2576 nam

223 2595 326 2634 male
354 2607 415 2634 me
446 2597 643 2645 accipiunt
672 2597 860 2643 decimae,
891 2597 917 2637 i.
945 2610 975 2636 e.
1009 2597 1157 2635 uexant
1194 2596 1399 2636 dominum
1435 2596 1687 2648 praediorum
1728 2600 1768 2636 et

222 2655 400 2694 irritant:
434 2653 512 2694 Cic.
538 2656 581 2694 in
599 2656 711 2695 Verr.
739 2658 814 2696 act.
839 2657 882 2695 H
905 2657 973 2695 lib.
998 2657 1020 2695 I
1048 2658 1133 2696 140
1160 2653 1279 2696 ‘male
1306 2658 1453 2708 accipit
1478 2656 1608 2696 uerbis
1632 2657 1766 2696 Habo-

223 2711 349 2753 nium'
382 2714 513 2754 Plaut.
539 2715 629 2754 Aul.
658 2717 744 2756 630
784 2714 873 2768 ‘ego
910 2717 979 2767 pol
1015 2718 1073 2766 te,
1116 2718 1442 2768 praestrigiator,
1486 2718 1641 2756 miseris
1684 2718 1766 2756 iam

225 2774 418 2825 accipiam
450 2772 605 2815 modis’.
666 2776 714 2814 In
745 2776 862 2815 rebus
893 2777 996 2816 male
1026 2778 1217 2826 accipere,
1255 2777 1346 2816 bene
1378 2778 1550 2826 accipere
1581 2778 1767 2816 similiter

225 2835 345 2884 atque
370 2834 548 2874 Lucilius
579 2837 747 2887 usurpat
776 2836 928 2875 Muscio
959 2836 1028 2875 ille
1053 2836 1228 2875 medicus
1255 2837 1325 2887 qui
1349 2837 1509 2889 uulgari
1533 2837 1663 2875 utitur
1687 2849 1764 2876 ser-

223 2906 356 2932 mone:
388 2895 483 2933 conf
511 2894 654 2934 Sorani
686 2894 979 2946 Gynaeciorum
1015 2897 1131 2935 uetus
1169 2897 1307 2935 transl.
1337 2895 1484 2935 Latina
1515 2896 1563 2935 ed
1587 2896 1636 2935 V.
1662 2897 1766 2936 Rose

223 2953 331 3005 Lips.
355 2955 468 2994 1882
496 2967 580 3006 cap.
603 2956 654 2994 91
686 2952 906 3001 ‘Quomodo
933 2955 1031 2994 dicis
1057 2956 1098 2994 in
1124 2956 1323 3007 principio
1348 2956 1545 2995 infantem
1570 2956 1675 2995 male
1701 2969 1764 2995 ac-

224 3015 316 3065 cipi,
338 3045 345 3053 .
362 3045 369 3053 .
385 3045 393 3053 .
407 3014 441 3054 si
460 3015 595 3054 nutrix
616 3016 698 3054 eius
718 3017 857 3055 uinum
878 3015 1047 3054 multum
1068 3015 1182 3054 bibat
1203 3047 1210 3054 .
1232 3047 1239 3055 .
1263 3014 1298 3055 .?
1318 3016 1375 3056 sic
1396 3048 1403 3055 .
1427 3048 1433 3055 .
1456 3048 1463 3055 .
1484 3016 1716 3056 malleolus.
1733 3049 1740 3056 .
1757 3049 1764 3056 .

1408 3082 1477 3119 16*
