2060 3444
904 241 955 278 111
980 253 1015 278 u.
1046 244 1124 277 123.
1746 241 1804 285 59

257 357 382 398 totius
425 355 532 396 orbis
575 357 792 409 terrarum3
841 358 907 398 cui
949 358 1138 398 successit
1179 357 1321 409 postea
1363 356 1648 407 Puteolanum,
1698 356 1805 408 quod

257 417 520 470 municipium
551 416 747 457 Graecum
778 419 897 458 antea
929 418 1163 458 Dikiarchia
1194 418 1418 457 uocitatum
1458 419 1528 458 est.
1591 417 1696 458 unde
1727 416 1805 456 Lu-

258 478 374 519 cilius
427 473 552 518 “inde
607 478 844 518 diciarchica
883 510 890 518 .
925 510 932 518 .
966 509 975 518 .
1013 474 1269 518 minorem''.'
1301 471 1309 531 ζ
1353 476 1492 529 Capua
1539 477 1806 530 proficiscitur

257 537 445 579 Puteolos
478 538 585 589 quod
616 538 856 579 uocabulum
887 551 1025 579 uersus
1056 539 1200 579 herous
1235 550 1316 577 non
1354 539 1464 589 capit
1492 540 1569 578 'uia
1600 538 1807 590 Campana

258 598 460 640 consulari
498 593 620 653 (Plin.
658 601 741 638 nat.
778 600 872 640 hist.
898 599 1036 638 XVIII
1065 592 1169 652 111)
1213 599 1292 638 iter
1334 599 1515 638 facturus
1553 613 1605 638 m.
1636 614 1674 650 p.
1701 599 1805 638 XXI.

258 658 445 700 Puteolos
476 671 621 699 nomen
659 659 802 712 herous
834 673 914 700 11011
952 660 1078 710 capit:
1120 671 1243 710 quare
1280 659 1441 698 nomine
1480 658 1630 699 Graeco
1668 660 1807 699 urbem

258 720 454 772 appellat:
493 719 600 770 quod
631 732 775 760 nomen
807 733 898 759 cum
928 721 1100 760 metrum
1131 732 1212 759 non
1242 720 1407 770 respuat
1442 741 1492 746 —
1528 718 1671 770 potuit'
1701 720 1807 759 0111111

258 779 430 820 scribere
463 776 571 819 ‘inde
602 779 928 820 Dicaearchitum
958 780 1098 820 urbem
1128 779 1354 830 Delumque
1390 777 1601 819 minorem'
1635 801 1694 807 ——
1725 780 1808 819 alia

259 852 380 881 causa
411 841 632 890 commotus
663 840 825 881 uidetur
853 842 1048 890 mutasse,
1085 841 1132 880 ut
1162 840 1302 879 urbem
1332 852 1413 879 non
1443 839 1706 893 Δικαιαρχίαν
1739 840 1808 879 sed

259 900 478 954 Δικαρχίαν
509 900 670 941 diceret.
721 900 799 948 Qui
829 902 956 941 secuti
987 902 1080 941 sunt
1110 900 1313 940 Lucilium
1343 900 1447 939 hanc
1477 900 1703 941 breuiorem
1727 900 1806 940 for-

258 974 368 1001 mam
397 962 590 1012 ponentes
626 962 669 1000 in
707 961 949 1002 carminibus
988 960 1143 1002 Statius
1179 960 1473 1011 Neapolitanus
1512 954 1620 1014 (silu.
1646 961 1689 1000 H
1715 962 1754 1011 2,
1781 962 1806 1000 3

259 1021 330 1061 11111
359 1021 453 1062 111ᾶο
483 1021 679 1062 Vollmeri
710 1016 863 1076 adnot.)
899 1021 1020 1062 Silius
1045 1021 1148 1061 Vm
1174 1022 1259 1061 533
1294 1020 1404 1071 alibi,
1439 1022 1512 1072 qui
1542 1023 1644 1061 teste
1675 1021 1808 1060 Plinio

261 1082 375 1134 epist.
395 1082 458 1121 H]
480 1083 503 1121 7
529 1083 573 1122 in
590 1082 860 1133 Neapolitano
886 1095 957 1122 suo
984 1082 1097 1132 obiit,
1122 1082 1169 1121 ut
1186 1080 1378 1131 Lucilius,
1402 1081 1615 1122 Petronius
1638 1083 1736 1131 120,
1752 1081 1806 1120 68

261 1143 332 1194 qui
363 1140 498 1182 Cumis
529 1143 711 1182 mortuus
743 1144 820 1193 est,
855 1143 927 1184 isti
957 1144 1101 1194 poetae
1133 1154 1269 1182 omnes
1300 1143 1383 1182 illis
1413 1142 1644 1194 regionibus
1683 1142 1808 1182 domi-

260 1202 399 1243 cilium
440 1202 643 1242 habebant
686 1204 733 1242 ut
774 1202 955 1243 Lucilius
999 1216 1134 1243 senex:
1185 1215 1310 1254 quare
1353 1202 1563 1254 uulgarem
1607 1203 1809 1253 quandam

259 1264 432 1303 formam
468 1262 550 1303 illis
593 1263 823 1316 regionibus
866 1263 1008 1304 tritam
1051 1276 1118 1304 eos
1162 1262 1298 1303 credas
1343 1263 1524 1303 consulto
1569 1262 1808 1303 adhibuisse.

261 1322 486 1375 Corripitur
516 1338 559 1363 αι
589 1324 633 1363 111
664 1323 817 1373 δίκαιος
846 1324 1045 1364 adiectiuo
1071 1324 1130 1364 ita
1154 1325 1201 1363 ut
1227 1323 1386 1364 δικαίαν
1411 1324 1466 1364 sit
1489 1336 1563 1375 pro
1589 1325 1808 1375 anapaesto

259 1385 304 1424 in
341 1385 629 1436 epigrammate
665 1383 805 1425 Attico
847 1385 954 1436 apud
989 1384 1220 1424 Kaibelium
1256 1385 1394 1436 Epigr.
1434 1383 1499 1423 Gr.
1534 1384 1603 1434 95,
1630 1385 1675 1423 3:
1720 1384 1814 1423 conf

260 1444 307 1484 E.
329 1444 615 1485 Hoffmannum
643 1444 794 1498 Syllog.
822 1446 946 1497 epigr.
973 1444 1038 1485 Gr.
1068 1446 1151 1484 148
1179 1444 1231 1484 ad
1257 1458 1293 1483 u.
1322 1445 1347 1484 3
1375 1446 1416 1483 et
1440 1444 1572 1484 Plaut.
1598 1444 1682 1483 Mil.
1710 1445 1808 1483 436.

261 1504 501 1545 Genetiuum
532 1505 827 1545 Diciarchitum
857 1505 1024 1556 praebet
1054 1506 1170 1545 uetus
1205 1504 1328 1544 editio
1366 1505 1553 1556 glossarii
1585 1504 1809 1544 Salomonis

261 1565 369 1618 apud
387 1564 601 1605 Loeweum
626 1565 744 1617 gloss.
770 1579 875 1605 nom.
900 1579 939 1616 p.
962 1567 1066 1605 232:
1092 1565 1317 1605 breuiorem
1342 1566 1514 1605 formam
1534 1565 1810 1604 Dicarchitum

262 1625 593 1666 commendarunt
622 1625 669 1664 R.
689 1626 872 1678 Vngerus
903 1625 948 1665 L.
973 1626 1200 1665 Muellerus.
1270 1624 1348 1671 Qui
1384 1626 1595 1677 genetiuus
1638 1638 1714 1676 par
1751 1627 1811 1664 est

261 1686 424 1726 illorum
466 1685 715 1726 Phaselitum
755 1685 833 1725 Cic.
872 1686 920 1725 de
956 1687 1032 1738 leg.
1072 1699 1155 1738 agr.
1181 1686 1223 1725 H
1250 1685 1306 1725 50
1349 1685 1655 1736 Metropolitum
1699 1683 1808 1725 Caes.

261 1746 299 1785 b.
320 1758 351 1785 0.
371 1745 434 1785 III
461 1747 529 1795 81,
550 1747 574 1785 2
609 1740 725 1800 (conf
744 1746 906 1787 Neueus
937 1746 985 1786 de
1016 1746 1156 1786 formis
1174 1747 1200 1785 1.
1220 1745 1265 1784 L.
1284 1740 1324 1785 Ι3
1348 1759 1386 1797 p.
1409 1739 1504 1799 34):
1537 1747 1811 1798 Δικαιαρχῖται

264 1805 434 1846 audiunt
476 1806 690 1846 Puteolani
738 1806 846 1858 apud
887 1806 1101 1858 Polybium
1143 1805 1291 1845 Lucilii
1341 1807 1548 1857 aequalem
1579 1806 1643 1845 ΠΙ
1675 1807 1744 1856 91,
1771 1807 1809 1845 4.

262 1866 434 1919 Egregie
464 1868 585 1917 poeta
616 1866 786 1917 emporii
815 1867 1116 1907 multitudinem
1148 1868 1188 1906 et
1219 1866 1356 1906 turbas
1389 1867 1583 1917 expressit
1613 1866 1808 1905 uocabulo

262 1927 451 1978 populos:
495 1927 653 1977 epicum
695 1939 834 1967 uersus
877 1928 1109 1967 charactera
1152 1939 1235 1966 esse
1278 1928 1415 1967 monet
1458 1926 1690 1966 Gerlachius
1740 1928 1811 1977 qui

264 1988 472 2038 comparat
507 1987 657 2039 Vergil.
685 1986 783 2026 Aen.
809 1987 869 2027 VI
895 1988 980 2027 588
1027 1985 1114 2038 ‘per
1154 1987 1320 2027 Graium
1364 1988 1533 2038 populos
1577 1987 1811 2037 mediaeque

263 2061 335 2099 per
371 2046 500 2087 Elidis
537 2047 677 2086 urbem
714 2048 802 2087 ibat
839 2044 992 2088 ouans'.
1061 2047 1187 2094 Quem
1224 2060 1385 2087 uersum
1422 2049 1580 2087 secutus
1625 2047 1811 2099 suppleas

263 2107 393 2147 ueluti
424 2104 687 2148 ‘transimus’t
725 2109 821 2147 conf
843 2107 922 2149 Cic.
948 2107 1034 2148 Att.
1060 2108 1117 2147 IX
1145 2110 1183 2159 3,
1212 2110 1255 2147 1:
1295 2104 1466 2147 ‘Domiti
1502 2108 1609 2148 filius
1647 2108 1812 2147 transiit

264 2168 446 2208 Formias
471 2167 572 2207 VIII
602 2167 697 2208 Idus
723 2181 882 2208 currens
908 2168 960 2207 ad
985 2169 1156 2208 matrem
1180 2164 1422 2219 Neapolim'.
1473 2168 1633 2208 Puteoli
1656 2168 1810 2207 Hanni-

263 2228 440 2268 balicum
473 2225 559 2279 ‘per
588 2228 739 2268 bellum
771 2229 956 2280 coeptum
987 2229 1237 2280 frequentari
1272 2226 1508 2279 emporium'
1545 2223 1652 2282 (Liu.
1678 2228 1811 2267 XXIV

269 2290 306 2338 7,
334 2282 424 2342 10),
447 2288 519 2328 1110
546 2290 726 2340 tempore
751 2288 912 2340 Capuae
937 2291 1146 2340 tamquam
1171 2291 1311 2340 portus
1337 2290 1397 2328 est
1423 2282 1573 2342 (Plaut.
1600 2289 1701 2328 Rud.
1725 2290 1805 2332 631

267 2345 450 2398 ‘eamque
486 2350 720 2388 euenturam
758 2363 978 2402 exagogam
1011 2348 1190 2400 Capuam
1227 2349 1383 2388 saluam
1415 2350 1456 2388 et
1486 2345 1694 2400 sospitem'
1726 2350 1752 2388 i.
1779 2363 1810 2388 0.

269 2402 464 2462 Cyrenis).
517 2408 725 2449 Strabonis
757 2411 889 2450 aetate
920 2407 945 2462 ἡ
974 2407 1015 2449 δὲ
1047 2408 1160 2458 πόλις
1184 2407 1375 2461 ἐμπόριον
1400 2406 1605 2462 γεγένηται
1630 2406 1812 2462 μέγιστον

267 2463 323 2523 (V
348 2481 386 2519 p.
413 2468 498 2508 245
511 2464 627 2524 extr.)
667 2470 774 2520 quod
810 2471 908 2510 scite
939 2469 1117 2510 Lucilius
1157 2469 1381 2521 appellauit
1415 2469 1562 2508 Delum
1598 2470 1811 2508 minorem:

266 2541 360 2568 nam
379 2528 500 2569 Delos
519 2527 710 2583 ἐμπόριον
731 2527 827 2583 μέγα
845 2528 912 2570 καὶ
931 2529 1235 2583 πολυχρήματον
1259 2523 1409 2584 (Strab.
1424 2529 1520 2568 XIV
1539 2543 1577 2581 p.
1594 2529 1678 2568 668
1694 2524 1810 2583 extr.)

268 2587 375 2639 quod
418 2586 473 2628 ἔτι
517 2590 664 2641 μᾶλλον
707 2587 856 2642 ηὔξησε
899 2593 1194 2641 κατασκαφεῖσα
1236 2587 1316 2629 ὑπὸ
1349 2583 1552 2641 Ῥωμαίων
1587 2587 1812 2643 Κόρινθος·

267 2647 388 2688 ἐκεῖσε
419 2646 493 2702 γὰρ
523 2648 797 2703 αετεχώρησαν
822 2649 865 2690 οἷ
885 2648 1051 2703 ἔμποροι
1076 2645 1240 2705 (Strabo
1266 2649 1302 2688 X
1333 2663 1372 2700 p.
1400 2650 1484 2688 486
1513 2643 1635 2703 init..)
1684 2649 1811 2689 Mino-

267 2721 353 2748 rem
377 2707 480 2749 dixit
504 2709 721 2749 secundum
746 2709 904 2749 dicendi
928 2710 1256 2750 consuetudinem
1279 2709 1528 2759 Latinorum,
1555 2723 1644 2748 cum
1670 2708 1814 2749 Graeci

269 2768 406 2808 dicant
436 2765 462 2820 ἡ
494 2767 615 2823 μικρὰ
641 2764 758 2817 Ἰλιας
789 2766 815 2821 ἡ
848 2769 993 2822 μεγάλη
1021 2764 1174 2821 Ἑλλάς,
1206 2770 1327 2810 sicuti
1358 2769 1505 2809 dicitur
1537 2768 1672 2820 Scipio
1704 2768 1813 2808 Afri-

270 2841 393 2868 canus
435 2828 566 2869 minor
607 2830 840 2881 primusque
879 2828 1041 2870 Orosius
1066 2831 1087 2870 I
1114 2832 1152 2880 2,
1181 2825 1244 2870 26
1274 2830 1480 2880 scripsisse
1517 2829 1678 2868 uidetur
1714 2828 1813 2869 Asia

269 2889 417 2938 minor,
462 2888 618 2929 Plinius
661 2891 743 2929 nat.
780 2890 871 2930 hist.
898 2890 958 2928 IV
984 2891 1038 2929 67
1083 2903 1203 2963 quem
1247 2890 1378 2929 locum
1423 2889 1554 2929 adfert
1595 2889 1812 2941 Vargesius

269 2949 430 2987 Naxum
458 2949 633 2989 insulam
665 2946 862 2990 Siciliam
893 2947 1103 2990 minorem’
1136 2950 1258 2990 refert
1289 2962 1374 2990 esse
1407 2950 1655 3001 appellatam
1692 2963 1813 3001 quam

271 3007 418 3049 Graece
442 3007 734 3061 Agathemerus
764 3004 966 3064 (Muelleri
991 3009 1132 3063 Geogr.
1159 3009 1224 3051 Gr.
1250 3009 1346 3050 Min.
1371 3010 1414 3050 H
1443 3024 1481 3061 p.
1509 3011 1608 3061 486,
1635 3004 1681 3065 4)
1714 3010 1814 3050 dicit
