2060 3444
306 260 396 302 ‘338
861 257 962 292 XXX
987 270 1022 292 u.
1052 260 1299 293 loeo—1063.

313 373 389 411 Cic.
416 374 457 410 in
489 372 567 410 Pis.
597 373 649 410 67
686 368 845 410 ‘Graeci
876 372 1030 421 stipati,
1063 370 1175 420 quini
1205 370 1248 408 in
1279 371 1404 419 lectis,
1435 382 1552 420 saepe
1583 370 1734 421 plures:
1765 371 1851 420 ipse

311 429 432 471 solus'
514 431 679 470 Philem.
709 430 822 469 OAF
848 430 889 468 II
920 444 957 480 p.
980 431 1078 479 485,
1106 430 1212 469 26K
1250 429 1485 481 σκιμπόδιον
1515 430 1565 469 ἲν
1602 428 1667 469 καὶ
1703 427 1851 485 κῴδιον

311 490 377 530 καὶ
408 491 583 541 ψιάθιον
616 490 709 538 ἴσως
739 492 951 541 παλαστῆς.
1012 490 1178 529 restibus
1215 493 1332 539 aptus
1369 492 1504 540 aperte
1536 503 1618 528 rem
1652 489 1851 528 sordidam

311 554 351 590 et
393 551 612 590 obsoletam
654 551 825 589 indicat:
876 550 1139 602 elegantiores
1188 549 1283 588 lecti
1338 549 1509 589 restibus
1554 549 1731 589 subtenti
1772 561 1852 588 non

310 611 498 650 uidentur
527 611 660 650 fuisse.

435 665 577 710 1061.
608 670 762 709 Nonius
794 683 831 720 p.
853 671 922 719 35,
950 671 1005 708 20
1039 667 1219 708 ‘Priuum
1251 670 1312 709 est
1338 670 1545 720 proprium
1577 670 1695 708 unius
1722 667 1851 708 cuius·

258 771 260 773 ,
312 744 406 780 que,
437 730 541 768 unde
566 732 606 768 et
630 742 693 769 res
717 729 888 780 priuata.
945 729 1122 768 Lucilius
1147 729 1216 768 lib.
1236 729 1346 767 XXX
1373 725 1617 768 “culcitulae
1646 723 1853 782 (culcituae

311 785 536 843 Leidensis)
564 821 571 828 .
594 821 601 827 .
624 821 631 828 .
656 786 804 828 binis''.
852 789 959 828 idem
991 784 1077 842 (lib.
1098 789 1118 827 I
1142 803 1179 827 u.
1202 784 1276 843 50)
1311 785 1557 828 “abdomina
1589 789 1705 827 tunni
1734 789 1852 842 priua

312 846 474 889 dabo'’.’
557 849 806 888 Describitur
861 849 1020 901 grabati
1075 851 1238 888 ornatus
1295 848 1477 888 sordidus
1533 850 1573 887 et
1629 847 1851 887 illiberalis.

312 909 510 959 Culcitae,
557 911 626 959 qui
669 911 762 948 sunt
797 910 878 948 tori
914 909 1026 958 lecti,
1069 921 1217 959 paruae
1255 910 1370 947 erant
1410 910 1450 947 et
1480 909 1691 960 angustae:
1729 920 1851 958 qnare

312 969 600 1008 deminutiuum
646 968 791 1020 posuit.
865 967 992 1020 Super
1034 969 1106 1008 has
1151 969 1333 1017 culcitas,
1378 968 1515 1018 quales
1553 967 1616 1006 III
1666 967 1867 1017 capiebat>
1921 998 1925 1003 .

311 1030 456 1078 lectus,
493 1029 687 1068 sternitur
723 1029 847 1067 uestis
880 1028 1077 1080 stragula,
1114 1029 1173 1067 ita
1204 1030 1338 1067 tamen
1369 1030 1416 1066 ut
1446 1027 1531 1066 bini
1562 1029 1746 1066 centones
1778 1028 1852 1065 im-

311 1091 514 1139 ponantur
556 1089 724 1139 singulis
767 1089 876 1127 toris.
949 1087 1098 1133 Quibus
1142 1088 1374 1127 centonibus
1418 1087 1606 1127 uidelicet
1646 1087 1724 1126 loci
1761 1099 1851 1126 con-

312 1150 497 1187 uiuarum
531 1148 821 1187 indicabantur.
883 1148 1003 1186 Recte
1042 1149 1076 1187 si
1116 1148 1213 1186 haec
1245 1150 1360 1186 erunt
1391 1149 1571 1197 exposita
1602 1159 1669 1186 sex
1699 1147 1743 1185 in
1773 1159 1852 1185 uno

312 1209 415 1247 lecto
447 1208 661 1246 collocatos
693 1208 815 1246 fuisse
841 1209 1030 1246 conuiuas
1057 1209 1225 1257 apparet
1293 1206 1447 1246 Culcita
1473 1207 1546 1246 hoc
1570 1207 1657 1245 loco
1689 1207 1852 1245 minime

312 1268 419 1307 idem
456 1270 516 1306 est
552 1267 659 1318 quod
695 1267 763 1305 lib.
789 1267 851 1305 III
877 1281 913 1306 u.
942 1268 1025 1306 138
1071 1268 1299 1306 nominatur
1335 1267 1542 1317 puluinus:
1586 1266 1682 1305 conf
1720 1265 1850 1304 Plaut.

312 1328 483 1367 Mostell.
512 1328 596 1366 894
629 1326 697 1365 ubi
735 1339 871 1366 seruus
910 1327 1056 1366 dicitur
1091 1340 1164 1377 per
1194 1327 1416 1366 conuicium
1449 1326 1504 1364 eri
1537 1325 1739 1365 culcitella
1771 1324 1851 1365 Cic.

313 1387 427 1426 Tusc.
454 1387 516 1425 ΠΙ
542 1387 596 1425 46
631 1384 895 1426 ‘conlocemus
932 1387 974 1425 in
1012 1387 1158 1425 culcita
1194 1383 1369 1436 plumea'
1411 1385 1498 1424 Sen.
1525 1387 1639 1436 epist.
1670 1385 1767 1435 108,
1795 1386 1849 1424 23

314 1444 492 1486 ‘laudare
535 1446 688 1485 solebat
731 1446 893 1485 Attalus
932 1447 1136 1495 culcitam,
1180 1459 1282 1496 quae
1319 1445 1522 1485 resisteret
1558 1446 1732 1495 corpori:
1777 1445 1852 1483 tali

311 1509 404 1545 utor
441 1507 563 1545 etiam
601 1519 735 1556 senex,
772 1506 814 1544 111
852 1518 930 1556 qua
968 1506 1185 1557 uestigium
1223 1518 1414 1556 apparere
1452 1518 1530 1544 non
1571 1501 1712 1555 possit'
1744 1504 1851 1543 idem

313 1568 426 1617 epist.
455 1567 523 1615 87,
551 1568 574 1604 2
608 1566 891 1616 pauperculam
930 1578 1065 1604 cenam
1104 1565 1294 1604 describit
1327 1562 1490 1604 ‘culcita
1526 1566 1569 1602 in
1600 1566 1707 1603 terra
1736 1564 1852 1614 iacet,

313 1639 385 1678 ego
428 1628 470 1664 in
514 1626 670 1664 culcita.
741 1638 787 1664 ex
831 1625 985 1664 duabus
1028 1626 1210 1675 paenulis
1260 1625 1388 1664 altera
1437 1624 1676 1676 stragulum,
1725 1623 1854 1663 altera

313 1687 558 1736 opertorium
601 1686 710 1724 facta
753 1686 823 1724 est.
892 1685 939 1724 de
982 1685 1151 1735 prandio
1188 1685 1290 1723 nihil
1331 1684 1487 1724 detrahi
1523 1681 1672 1735 potuit'
1713 1696 1744 1722 e.
1765 1696 1801 1734 q.
1821 1695 1851 1722 s.

315 1746 429 1784 Vnde
462 1747 630 1795 apparet
660 1757 814 1795 corpus,
846 1758 925 1784 non
957 1745 1134 1784 cubitum
1166 1745 1262 1795 poni
1291 1745 1334 1783 in
1366 1744 1523 1784 culcita.

436 1799 578 1844 1062.
609 1805 764 1844 Nonius
802 1818 840 1855 p.
862 1806 936 1854 83,
958 1806 1012 1843 12
1053 1801 1204 1844 ‘Caries
1242 1806 1303 1844 est
1340 1806 1531 1843 uetustas.
1571 1834 1579 1842 .
1599 1834 1638 1842 ..
1675 1802 1851 1842 Lucilius

312 1864 380 1903 lib.
401 1865 510 1902 XXX
542 1861 725 1913 “plauda
756 1876 836 1902 una
861 1866 921 1902 est
946 1864 1112 1913 pedibus
1138 1865 1303 1903 cariosis
1326 1860 1657 1903 mensulibamo''.'
1708 1863 1852 1902 clauda

313 1926 418 1962 recte
452 1923 639 1962 Guietus:
670 1924 729 1961 ita
760 1934 855 1971 orpo
885 1936 957 1972 pro
991 1923 1089 1962 Orco
1120 1918 1207 1976 (lib.
1228 1923 1360 1962 XXVI
1384 1937 1422 1962 u.
1444 1918 1550 1977 663)
1582 1935 1643 1973 ap.
1675 1922 1852 1962 Nonium

315 1997 352 2032 p.
369 1983 467 2031 283,
494 1983 562 2032 25,
595 1984 756 2030 erepiteo
787 1995 859 2032 pro
886 1983 1049 2021 erectheo
1080 1996 1118 2032 p.
1140 1983 1237 2031 290,
1266 1984 1331 2021 17.
1388 1983 1503 2021 Hom.
1530 1997 1555 2021 υ
1589 1983 1672 2021 259
1707 1981 1853 2033 δίφρον
1935 1982 1940 1988 ’

314 2039 505 2080 ἀεικέλιον
548 2039 734 2088 καταθεὶς
779 2038 915 2093 ὀλίγην
958 2055 996 2079 τε
1035 2040 1237 2093 τράπεζαν.
1305 2041 1443 2080 Mensa
1479 2041 1551 2080 illa
1589 2043 1629 2080 et
1665 2043 1780 2080 uetus
1812 2043 1853 2080 et

314 2102 432 2139 nimis
471 2102 557 2138 erat
596 2101 784 2151 angusta:
828 2100 1009 2150 pluribus
1053 2101 1158 2139 enim
1202 2113 1300 2150 opus
1345 2103 1440 2139 erat.
1508 2100 1660 2139 Philox.
1688 2100 1852 2140 δεῖπνον

315 2158 429 2198 PLG
459 2159 521 2197 ΠΙ
557 2173 595 2209 p.
624 2160 728 2208 601,
763 2159 836 2197 2Β
885 2159 940 2207 εἰς
990 2154 1026 2198 δ’
1062 2155 1204 2211 ἐψερον
1254 2158 1408 2199 διπλόοι
1457 2159 1595 2207 παῖδες
1644 2162 1852 2212 λιπαρῶπα

316 2217 521 2270 τράπεζαν,
546 2216 659 2270 ἄμμι,
683 2216 817 2271 ἑτέραν
843 2214 880 2257 δ’
903 2216 1060 2271 ἑτέροις,
1085 2217 1194 2259 ἄλλοι
1220 2214 1256 2258 δ’
1260 2217 1420 2293 ἑτέραν
1438 2217 1546 2272 μέχρι
1570 2213 1618 2259 οὗ
1638 2218 1851 2272 πλήρωσαν

316 2273 441 2316 οἷκον·
463 2293 525 2316 ται
545 2275 587 2316 δὲ
606 2276 705 2331 πρὸς
723 2276 970 2330 ὑψιλύχνους
983 2277 1160 2331 ἔστιλβον
1174 2277 1298 2331 αὐγὰς
1311 2277 1546 2329 ευστέφανοι
1558 2278 1740 2327 λεκάναις
1752 2281 1850 2318 mk:

316 2338 411 2376 conf
438 2337 489 2375 ad
518 2337 585 2376 lib.
605 2338 678 2376 XX
703 2352 740 2376 u.
766 2338 862 2376 568.

437 2391 578 2437 1063.
619 2397 772 2436 Nonius
808 2411 845 2447 p.
868 2398 941 2446 96,
976 2399 1030 2437 10
1064 2395 1355 2447 ‘Deblaterare,
1393 2398 1572 2448 obloqui,
1617 2398 1850 2449 confingere.

315 2455 495 2495 Lucilius
538 2457 605 2495 lib.
630 2457 740 2495 XXX
782 2451 874 2510 <XX
900 2451 997 2511 G)‘
1003 2454 1269 2496 ‘deblaterant
1304 2458 1473 2507 plennus
1510 2458 1638 2497 bonus
1679 2458 1851 2497 rusticus

316 2515 490 2554 concinit
532 2513 625 2554 una'
632 2513 671 2554 '.’
729 2516 839 2555 Paul.
871 2516 975 2555 Fest.
1008 2518 1102 2567 epit.
1133 2530 1171 2567 p.
1201 2518 1253 2555 72
1300 2513 1573 2556 Deblaterare
1625 2519 1687 2557 est
1728 2517 1850 2557 stulte

315 2575 437 2624 loqui.
480 2575 585 2614 Nam
612 2574 753 2614 Graeci
776 2574 922 2627 βλάκας
948 2577 1094 2615 stultos
1120 2573 1352 2626 appellant’.
1403 2577 1658 2616 Deblaterare
1684 2576 1850 2616 uerbum

315 2636 434 2683 poeta
465 2647 512 2672 ex
542 2634 687 2673 Plauto
719 2636 888 2685 sumpsit
918 2635 984 2684 qui
1016 2635 1108 2674 Aul.
1137 2636 1220 2674 268
1254 2632 1339 2674 ‘ubi
1369 2638 1414 2675 tu
1446 2649 1486 2675 es
1525 2638 1595 2687 qui
1631 2636 1849 2676 deblatera-

316 2694 413 2731 uisti
461 2693 542 2732 iam
590 2693 732 2733 uicinis
782 2694 963 2734 omnibus
1011 2707 1122 2733 meae
1170 2708 1234 2733 me
1282 2695 1388 2735 filiae
1437 2696 1624 2735 daturum
1672 2692 1847 2735 dotem?'

317 2753 479 2792 blcnnus
503 2753 658 2792 Iunius:
692 2753 797 2803 quod
820 2753 1059 2792 uocabulum
1083 2755 1181 2793 item
1207 2757 1266 2794 est
1290 2754 1538 2794 Plautinum:
1568 2755 1711 2794 Bacch.
1735 2755 1847 2795 1088

318 2808 448 2850 stulti
480 2813 632 2863 stolidi,
663 2813 769 2851 fatui
800 2813 931 2865 fungi,
962 2814 1077 2852 bardi
1107 2813 1242 2852 blenni
1266 2813 1486 2854 buccones'.
1531 2814 1636 2853 Conf
1651 2813 1750 2853 GGF
1775 2814 1796 2852 I
1824 2817 1845 2853 1

315 2872 473 2921 p.113,
508 2874 591 2911 119
624 2872 797 2911 Kaibelii
834 2867 1056 2927 βλεν(ν)όν·
1095 2872 1164 2912 τὸν
1199 2876 1316 2926 νωθῆ
1354 2873 1421 2913 καὶ
1459 2873 1601 2927 μωρόν.
1663 2873 1848 2927 Σώφρων

315 2927 409 2981 <καὶ
448 2925 686 2984 Ἐπίχαρμος
734 2933 814 2971 add
856 2929 1079 2984 Berykius>
1129 2934 1349 2985 Προμηθεῖ
1392 2934 1615 3000 Hesychius
1665 2932 1846 2985 βλεννόν

316 2992 431 3040 νωθῆ
463 2990 606 3041 μωρόν.
661 2991 874 3030 Hominem
905 2993 976 3041 qui
1005 3004 1147 3042 parum
1178 2992 1232 3032 sit
1262 2995 1468 3032 emunctae
1499 2992 1607 3032 naris
1633 2992 1713 3031 dici
1737 2993 1850 3043 patet
