2060 3444
840 266 892 302 III
916 278 951 302 u.
983 270 1180 303 125—127.
1725 269 1779 312 61

235 392 320 421 esse
350 391 470 420 uersu
501 379 675 420 efficitur
709 382 805 430 127,
844 393 922 431 quo
955 380 1086 420 media
1117 383 1232 421 nocte
1272 394 1363 420 eum
1393 380 1632 422 Palinurum
1662 385 1782 423 remis

231 441 389 480 uenisse
425 453 466 480 se
504 442 696 480 testatur:
741 438 762 480 ὅ
801 440 981 493 δεύτερος
1018 442 1143 489 πλοῦς
1180 439 1261 481 ἐστι
1302 441 1435 493 δήπου
1479 442 1688 496 λεγόμενος
1730 442 1782 483 ἂν

234 497 412 556 ἀποτύχῃ
438 514 497 548 τις
521 498 663 554 οὐρίου
689 499 861 540 κώπαισι
885 503 998 540 πλεῖν
1023 500 1240 541 Menander
1266 500 1367 540 GAF
1393 502 1455 541 III
1485 516 1523 553 p.
1546 503 1615 553 69,
1637 505 1717 543 241
1733 504 1781 543 Κ.

232 559 428 599 Similiter
454 560 591 600 Cicero
624 561 675 600 ad
699 561 786 600 Att.
813 561 908 600 XVI
935 562 973 613 6,
1003 564 1023 600 1
1062 558 1205 613 ‘magis
1237 562 1442 602 commode
1475 576 1597 613 quam
1622 566 1782 604 strenue

231 621 444 673 nauigaui3
483 622 605 660 remis
637 622 743 660 enim
775 634 963 674 magnam
994 623 1169 672 partem,
1206 621 1411 672 prodromi
1442 623 1545 662 nulli
1579 655 1585 661 .
1620 655 1627 662 .
1663 656 1669 662 .
1702 624 1780 663 duo

230 681 340 720 sinus
371 680 551 731 fuerunt,
589 693 689 731 quos
720 682 897 721 tramitti
928 682 1149 732 oporteret,
1187 681 1408 722 Paestanus
1450 684 1491 722 et
1522 682 1778 724 Vibonensis'

231 753 262 780 e.
289 754 327 792 q.
353 753 383 780 s.
427 740 568 780 Petere
598 743 761 792 poetam
794 741 1003 781 Salernum
1026 742 1297 782 intelleximus
1329 756 1366 781 u.
1397 744 1500 782 124:
1531 743 1625 783 hinc
1651 745 1782 784 tendit

232 801 283 840 ad
315 800 434 840 Silari
470 802 628 841 ostium.
1639 809 1641 811 ’

354 855 462 902 126.
495 861 648 902 Probus
694 861 745 901 ad
782 861 954 914 Vergilii
997 874 1130 914 georg.
1156 862 1220 901 ΙΠ
1247 863 1330 901 146
1364 876 1402 913 p.
1431 863 1536 913 381,
1565 863 1670 902 15H
1703 861 1779 903 ‘Si-

228 920 337 960 larus
368 921 516 961 flumen
547 923 608 961 est
638 921 849 962 Lucaniae.
899 923 1039 972 portus
1070 921 1275 962 Alburnus
1314 924 1355 962 et
1386 923 1564 963 eiusdem
1602 926 1775 964 nominis

231 993 344 1021 mons
370 981 422 1020 ad
447 983 602 1021 sextum
627 994 652 1020 a
677 981 822 1021 Primis
849 976 1023 1034 (parmis
1047 977 1274 1037 Parisinus)
1300 982 1490 1023 tabernis.
1534 985 1778 1024 mentionem

230 1041 329 1081 facit
365 1040 543 1081 Lucilius
580 1042 655 1081 hoc
692 1054 811 1081 uersu
850 1039 1076 1093 “quattuor
1113 1042 1207 1082 hinc
1244 1043 1298 1082 ad
1334 1042 1461 1083 Silari
1496 1045 1644 1092 flumen
1687 1058 1778 1095 por-

228 1103 394 1152 tumque
431 1098 717 1141 Alburnum’'.'
786 1102 911 1152 Hinc,
948 1103 974 1141 i.
1008 1115 1039 1141 e.
1079 1102 1245 1142 Salerno
1289 1103 1523 1156 remigando
1567 1106 1683 1144 nauis
1728 1105 1777 1144 ad

227 1162 375 1201 ostium
407 1161 531 1201 Silari
561 1162 694 1212 fluuii,
726 1163 791 1202 cui
820 1164 1026 1213 proximus
1059 1164 1120 1202 est
1150 1165 1290 1214 portus
1322 1163 1546 1214 Alburnus,
1585 1166 1778 1215 quattuor

226 1221 335 1262 horis
366 1223 567 1272 peruenit:
605 1235 699 1261 nam
731 1222 811 1261 diei
843 1222 1007 1273 aliquod
1039 1224 1215 1275 spatium
1250 1226 1434 1272 quattuor
1470 1238 1636 1264 numero
1673 1225 1777 1264 indi-

227 1282 312 1321 cari
348 1282 580 1334 colligemus
611 1295 651 1321 u.
686 1283 769 1321 127
810 1282 880 1322 ubi
915 1283 1066 1335 legitur
1104 1280 1251 1323 ‘media
1287 1281 1393 1323 nox'.
1455 1284 1516 1323 De
1554 1287 1675 1335 portu
1706 1286 1777 1325 Al-

226 1340 354 1381 burno
394 1340 588 1382 Cluuerus
624 1344 667 1381 in
704 1342 796 1382 Ital.
835 1344 961 1394 antiq.
987 1343 1030 1382 H
1060 1357 1098 1394 p.
1128 1345 1243 1383 1254
1289 1339 1427 1399 (quem
1467 1345 1600 1384 locum
1645 1346 1777 1385 adfert

227 1397 478 1457 Gerlachius)
507 1400 661 1453 ‘portus
686 1402 891 1442 Alburnus
917 1403 1026 1443 haud
1051 1404 1171 1443 dubie
1197 1404 1335 1443 eodem
1360 1405 1440 1444 fuit
1467 1406 1548 1444 situ
1574 1405 1643 1444 ubi
1668 1419 1774 1445 nunc

227 1463 289 1503 est
318 1463 510 1502 traiectus
541 1463 708 1502 inferior
738 1463 913 1503 fluminis
938 1464 1002 1502 ΠΙ
1030 1465 1189 1504 circiter
1213 1465 1328 1504 milia
1353 1478 1377 1504 a
1402 1466 1525 1504 mari:
1557 1466 1706 1517 quippe
1732 1468 1774 1505 in

226 1522 344 1562 laeua
375 1524 503 1562 amnis
539 1524 630 1574 ripa
666 1525 815 1563 ueteris
853 1525 938 1563 siue
978 1524 1120 1574 templi
1157 1525 1241 1563 siue
1280 1525 1437 1564 castelli
1473 1526 1614 1565 ruinae
1653 1526 1775 1565 etiam

226 1595 332 1622 nunc
369 1583 529 1635 uulgari
565 1583 760 1623 uocabulo
798 1584 940 1623 incolis
978 1583 1166 1623 dicuntur
1202 1582 1413 1634 Alfurno':
1454 1586 1549 1624 conf
1581 1586 1774 1626 Nissenus

226 1642 319 1682 Ital.
351 1642 643 1682 Landeskunde
667 1643 710 1682 H
736 1644 760 1682 2
793 1657 832 1694 p.
860 1644 958 1683 892.
1022 1643 1191 1683 Gratum
1222 1645 1319 1683 fecit
1351 1645 1460 1695 quod
1489 1645 1593 1685 hanc
1624 1646 1775 1685 samam

227 1702 334 1741 solus
360 1702 475 1742 nobis
501 1704 681 1742 seruauit
705 1704 956 1755 geographus
983 1705 1049 1743 cui
1073 1705 1356 1744 auctoritatem
1381 1707 1422 1744 et
1444 1705 1563 1745 fidem
1583 1706 1774 1759 derogare

227 1775 302 1813 par
331 1775 412 1802 non
444 1764 514 1802 est.
576 1762 702 1802 Silari
732 1763 787 1802 ad
819 1765 984 1812 flumen,
1022 1766 1071 1803 ut
1101 1763 1214 1803 Pind.
1249 1762 1407 1815 Olymp.
1433 1765 1492 1804 IX
1519 1767 1572 1804 27
1603 1762 1774 1818 Ἀλφεοῦ

226 1836 266 1862 τε
296 1819 481 1876 ῥέεθρονι
518 1836 599 1862 non
630 1825 692 1863 est
721 1824 932 1875 genetiuus
970 1825 1244 1876 epexegeticus
1280 1838 1410 1875 neque
1447 1825 1512 1865 hic
1549 1839 1678 1877 neque
1716 1828 1772 1866 eis

226 1882 336 1932 locis,
368 1895 467 1933 quos
498 1882 723 1936 Draegerus
755 1885 859 1935 synt.
885 1884 910 1922 l.
936 1883 980 1922 L.
1006 1883 1098 1923 hist.
1124 1879 1164 1923 1²
1193 1898 1231 1935 p.
1259 1885 1344 1923 466
1379 1887 1596 1938 congessit3
1629 1886 1772 1937 quibus

225 1941 372 1993 ubique
403 1944 550 1991 tlwmen
572 1942 773 1983 Himellae
799 1938 968 1998 (Vergil.
994 1943 1092 1984 Aen.
1119 1944 1199 1983 VII
1227 1939 1331 1999 714)
1363 1946 1428 1984 uel
1460 1947 1591 1985 amnis
1623 1947 1772 1986 similia

225 2002 432 2042 inuenitur
450 2004 654 2055 scriptum,
679 2017 877 2055 nusquam
895 2006 1056 2052 fluuius.
1108 2003 1428 2055 Spondeiazonta
1448 2007 1609 2046 excusat
1627 2020 1772 2046 nomen

225 2063 436 2114 proprium
467 2064 586 2103 sicuti
616 2064 756 2104 incert.
784 2077 822 2103 u.
852 2065 978 2104 1260.

347 2117 457 2163 127.
491 2123 652 2164 Seruius
685 2126 824 2164 auctus
856 2124 907 2164 ad
932 2123 1131 2164 Aeneidos
1156 2124 1193 2163 X
1220 2126 1306 2164 244
1341 2122 1440 2165 ‘Alii
1468 2139 1577 2166 more
1605 2126 1770 2178 antiquo

225 2183 294 2222 lux
324 2196 398 2234 pro
429 2184 518 2223 luce
549 2185 763 2235 accipiunt.
825 2183 1004 2225 Lucilius
1034 2186 1078 2224 in
1112 2186 1233 2224 tertio
1266 2182 1391 2226 “hinc
1424 2218 1431 2225 .
1461 2218 1468 2225 .
1496 2218 1503 2225 .
1535 2184 1660 2238 nox'',
1697 2201 1770 2238 pro

224 2239 401 2283 nocte”.’
476 2243 583 2283 Mari
624 2244 845 2295 tranquillo
889 2246 930 2284 et
972 2246 1212 2295 tempestate
1255 2258 1395 2286 serena
1440 2247 1533 2286 inde
1579 2260 1603 2286 a
1650 2250 1771 2298 portu

224 2303 445 2342 Puteolano
477 2316 602 2354 usque
632 2304 682 2343 ad
706 2304 890 2344 Palinuri
913 2306 1231 2358 promontorium
1256 2307 1520 2357 procellosum
1545 2320 1661 2347 usum
1687 2320 1770 2347 esse

223 2365 386 2413 poetam
415 2363 509 2402 inde
544 2365 807 2416 cognoscitur,
838 2365 946 2416 quod
975 2366 1096 2405 remis
1128 2379 1175 2405 ex
1205 2367 1321 2416 parte
1351 2368 1487 2417 potuit
1511 2368 1704 2419 nauigare
1730 2370 1771 2407 et

224 2435 350 2473 usque
381 2423 433 2462 ad
462 2423 635 2463 mediam
665 2426 833 2465 noctem.
890 2424 1005 2471 Quod
1034 2438 1114 2465 non
1145 2426 1316 2476 fecisset,
1347 2427 1425 2466 nisi
1458 2439 1628 2477 aequore
1659 2429 1770 2467 tran-

225 2483 352 2533 quillo
383 2483 526 2523 fuisset
555 2485 597 2523 et
626 2485 784 2535 placido
817 2498 993 2535 securus3
1026 2486 1174 2525 etenim
1204 2483 1330 2525 ὠδῖνα
1361 2485 1479 2526 τίκτει
1515 2485 1587 2535 νὺξ
1627 2488 1770 2540 κυβερ-

224 2541 325 2599 νήτῃ
362 2546 480 2598 σοφῷ.
548 2544 688 2595 Neque
729 2546 864 2584 tamen
908 2558 1027 2585 ausus
1071 2547 1133 2585 est
1168 2546 1379 2596 procedere
1422 2546 1465 2584 in
1508 2547 1656 2586 altum:
1700 2548 1768 2586 sed

223 2603 398 2652 primum
429 2604 530 2655 legit
561 2616 673 2644 oram
705 2603 949 2656 Campaniae
980 2617 1105 2656 usque
1138 2606 1189 2645 ad
1221 2605 1344 2645 Silari
1375 2606 1491 2656 ostia,
1523 2607 1665 2646 deinde
1690 2606 1767 2646 Lu-

225 2663 380 2702 caniae:
416 2665 631 2715 postquam
663 2665 714 2704 ad
743 2664 978 2705 Leucosiam
1008 2667 1327 2716 promontorium
1358 2668 1576 2717 superauit,
1607 2667 1767 2706 Veliam

223 2723 418 2773 peruenit,
448 2724 539 2763 hinc
568 2724 701 2763 media
725 2726 840 2764 nocte
865 2726 985 2764 remis
1010 2725 1257 2765 Palinurum.
1307 2726 1368 2765 De
1392 2726 1467 2766 hoc
1493 2728 1767 2777 promontorio

223 2782 409 2833 procellis
439 2784 662 2834 periculoso
694 2784 786 2823 uide
816 2785 1053 2835 interpretes
1085 2785 1136 2825 ad
1165 2785 1305 2825 Horat.
1337 2798 1456 2826 carm.
1483 2786 1546 2825 III
1571 2788 1611 2836 4,
1639 2787 1693 2826 28
1727 2789 1768 2827 et

223 2842 364 2881 Vellei.
383 2843 426 2881 H
447 2844 514 2893 79,
541 2844 585 2882 3:
617 2844 697 2883 fuit
719 2845 859 2895 portus
887 2839 1070 2899 (Dionys.
1095 2845 1225 2884 Halic.
1253 2846 1447 2886 archaeol.
1473 2846 1494 2885 I
1521 2847 1588 2896 53,
1617 2848 1640 2885 2
1668 2846 1767 2886 κατὰ

223 2899 360 2954 λιμένα
390 2900 460 2942 τὸν
491 2898 767 2958 Παλίνουρον)
798 2904 1068 2944 memorabilis
1101 2917 1148 2944 ea
1178 2918 1239 2957 re,
1274 2906 1380 2956 quod
1412 2919 1459 2945 ex
1490 2919 1536 2945 eo
1569 2903 1675 2946 ‘sinu
1706 2920 1765 2946 re-

223 2961 386 3001 cedente
417 2963 608 3003 traiectus
646 2963 697 3002 ad
729 2962 966 3003 Columnam
1000 2964 1169 3016 Regiam
1195 2964 1224 3003 O
1249 2979 1300 3004 m.
1326 2963 1380 3017 p.'
1415 2960 1537 3020 (Plin.
1563 2968 1645 3005 nat.
1671 2967 1763 3007 hist.

223 3021 285 3060 111
312 3016 399 3076 71).
467 3021 596 3074 Prope
632 3025 793 3074 portum
832 3024 1067 3075 oppidulum
1104 3025 1225 3065 fuisse
1269 3028 1577 3066 consentaneum
1622 3029 1682 3066 est
1725 3030 1765 3067 et
