2060 3444
764 216 893 252 incert.
921 216 997 252 sed.
1025 228 1061 252 u.
1091 219 1338 252 1130—1133.
1743 217 1830 260 359

277 343 393 371 nemo
450 331 524 370 illa
573 331 706 370 aetate
763 329 977 369 dubitauit.
1058 330 1185 369 Immo
1233 330 1275 368 in
1325 330 1509 370 omnibus
1569 331 1660 371 aliis
1717 331 1830 372 libris

275 393 395 442 poeta
426 391 562 442 potuit
593 390 764 446 scribere
797 387 945 430 ‘enisus
978 403 1018 430 es
1044 390 1240 440 omnibus,
1271 391 1438 441 inquam
1463 391 1632 442 uiribus,
1660 391 1829 432 Cecilius

276 453 412 503 pretor
442 465 492 491 ne
523 452 696 490 rusticus
727 447 815 490 fiat'
847 451 978 490 ueluti
1002 452 1045 490 in
1070 451 1138 491 lib.
1159 450 1197 489 V
1227 451 1298 490 ubi
1323 451 1371 490 de
1397 453 1595 503 praetoris
1622 453 1830 492 cuiusdam

275 511 476 565 designati
507 512 610 551 facie
641 512 794 551 rustica
824 511 1030 550 ludentem
1061 511 1236 551 uidimus
1274 515 1438 562 poetam
1469 526 1506 551 u.
1536 514 1633 552 210.
1699 513 1829 559 Quare

273 572 375 611 libro
394 572 433 610 V
456 572 562 611 hunc
587 586 624 611 u.
644 571 856 612 tribuerim
882 572 922 611 et
941 570 1179 623 Caprarium
1204 572 1472 612 intellexerim
1492 586 1572 624 quo
1596 573 1644 612 de
1665 573 1757 612 uide
1778 574 1828 613 ad

272 646 308 672 u.
321 645 350 672 s.
362 646 391 672 s.
418 646 520 684 quae
547 633 730 672 diximus.
781 631 856 679 Qui
877 632 1058 683 loquitur
1084 632 1192 684 apud
1216 632 1431 683 Lucilium,
1458 634 1499 671 et
1518 632 1657 673 Cecilii
1683 647 1828 673 nomen

271 695 311 732 et
335 694 507 745 pretoris
532 693 724 732 honorem
749 694 989 744 pronuntiat
1012 694 1223 744 tamquam
1242 706 1310 733 ore
1332 692 1515 744 Caprarii
1535 694 1679 745 ipsius:
1706 707 1828 745 quam

269 753 641 805 pronuntiationem
659 755 852 793 rusticam
871 753 991 805 longe
1011 767 1035 793 a
1055 766 1094 792 se
1110 753 1246 793 abesse
1268 754 1422 793 indicat
1442 755 1663 794 consula-ris
1683 755 1734 794 L.
1753 755 1828 795 Oa-

271 814 420 854 emilius
439 814 512 853 alii
530 814 819 866 orthographia
839 827 886 853 ea
906 827 984 864 qua
1004 826 1099 854 usus
1120 816 1180 854 est
1195 813 1292 858 CIL
1305 815 1327 853 Ι
1342 815 1426 854 547
1450 813 1621 854 Graecos
1642 815 1826 856 imitatus

233 890 235 892 ¹
269 875 341 925 qui
371 888 485 923 παεις
515 874 762 926 dissyllabon
794 875 854 914 ita
885 874 1056 914 scribere
1087 875 1302 914 uoluerunt
1332 874 1518 914 IGIMA
1542 875 1585 914 H
1613 877 1698 915 304
1726 875 1826 915 codd

270 933 384 974 Orac.
406 934 548 986 Sibyll.
567 935 589 974 Ι
615 936 699 974 348
726 935 790 974 ΠΙ
810 936 896 974 494
928 935 1071 988 fragm.
1091 935 1112 974 I
1141 936 1194 974 18
1229 935 1326 986 φαεί
1354 949 1427 986 pro
1464 935 1549 987 φαί.
1612 935 1827 976 Librorum

269 995 570 1035 Lucilianorum
602 996 643 1035 et
675 995 991 1035 Catonianorum
1022 996 1222 1046 scriptura
1252 997 1295 1034 in
1327 1009 1374 1035 ae
1400 998 1440 1035 et
1472 1010 1492 1035 e
1521 996 1669 1036 litteris
1694 997 1823 1036 Varro

269 1057 343 1095 illa
374 1057 506 1095 aetate
538 1056 675 1107 potuit
705 1057 925 1095 etiamtunc
952 1056 1146 1095 confidere
1177 1051 1295 1111 (Gell.
1323 1057 1419 1095 XVI
1447 1058 1514 1107 12,
1543 1051 1600 1111 8).
1661 1057 1825 1096 Caecilii

268 1116 529 1156 Praenestina
572 1117 682 1155 fuere
726 1116 883 1156 familia
926 1111 1057 1171 (Paul.
1090 1130 1136 1156 ex
1179 1117 1284 1156 Fest.
1319 1131 1357 1168 p.
1386 1109 1482 1171 44),
1527 1119 1567 1157 et
1611 1117 1825 1158 Praeneste

267 1177 587 1227 pronuntiabant
620 1176 765 1217 Grecia
796 1171 1049 1231 (Schneideri
1074 1177 1147 1216 del.
1174 1177 1291 1217 inscr.
1321 1179 1404 1216 222
1435 1176 1520 1216 CIL
1545 1178 1642 1217 XIV
1669 1173 1824 1233 3304):

266 1237 620 1277 Praenestinorum
674 1250 895 1277 sermonem
943 1237 1126 1277 irriserat
1178 1237 1357 1277 Lucilius
1412 1232 1570 1292 (incert.
1602 1253 1640 1277 u.
1677 1234 1824 1293 1322),

265 1298 420 1337 Metelli
450 1298 698 1337 Macedonici
734 1298 863 1337 filium
901 1310 925 1336 a
956 1298 1113 1338 Lucilio
1151 1298 1304 1338 laesum
1341 1298 1464 1339 fuisse
1495 1300 1670 1338 testatur
1701 1300 1822 1339 schol.

267 1371 489 1410 anonymus
521 1359 564 1397 in
596 1358 735 1398 Horat.
763 1371 878 1398 serm.
904 1358 946 1397 H
975 1360 1012 1409 1,
1040 1360 1107 1398 67.

388 1413 532 1459 1131.
571 1418 733 1458 Seruius
779 1419 830 1458 ad
875 1419 1046 1472 Vergilii
1089 1432 1223 1472 georg.
1256 1420 1297 1458 H
1331 1420 1385 1458 98
1433 1416 1532 1458 ‘Rex
1581 1421 1668 1470 ipse
1717 1420 1819 1460 Pha-

265 1491 400 1519 naeus.
456 1479 516 1518 De
549 1479 703 1518 Lucilio
735 1480 809 1519 hoc
839 1481 1017 1519 tractum
1048 1481 1120 1529 est,
1152 1481 1222 1530 qui
1254 1480 1313 1518 ait
1345 1478 1444 1526 Χῖός
1475 1494 1514 1519 τε
1547 1479 1746 1532 δυνάστης
1776 1481 1818 1519 id

265 1541 325 1578 est
344 1534 481 1587 olvog'.
530 1538 988 1579 XIOCTAYNACTHC
1008 1540 1082 1579 cod
1100 1540 1334 1589 VaticanuS,
1355 1541 1506 1579 exiocte
1527 1539 1820 1580 AYNACTHC

264 1599 338 1638 cod
369 1599 585 1649 Parisinus,
615 1600 862 1650 reliquorum
893 1601 1115 1650 scripturae
1141 1600 1265 1643 ,modo
1297 1613 1387 1639 cum
1418 1600 1540 1639 huius
1575 1592 1694 1640 modo
1727 1614 1818 1640 cum

263 1659 373 1699 illius
393 1660 540 1700 codicis
560 1661 759 1711 scriptura
779 1661 1042 1700 consentiunt.
1095 1659 1238 1699 Graeci
1256 1663 1397 1711 poetae
1417 1660 1546 1699 ueluti
1564 1660 1817 1701 Archestrati

263 1719 426 1760 uidetur
467 1720 591 1760 uerba
635 1721 819 1760 attulisse
862 1720 1051 1760 Lucilius.
1121 1721 1180 1760 De
1227 1719 1325 1759 Chio
1366 1721 1610 1772 Hermippus
1651 1720 1767 1761 CAF
1798 1722 1818 1760 I

262 1794 301 1831 p.
325 1781 423 1830 249,
451 1780 557 1819 82K
594 1785 736 1820 τοῦτον
773 1778 848 1834 ἐγὼ
886 1780 1009 1834 κρίνω
1047 1779 1150 1821 πολὺ
1188 1780 1350 1821 πάντων
1388 1776 1490 1820 εἶναι
1533 1778 1696 1834 ἄριστον
1741 1787 1820 1822 τῶν

263 1837 392 1880 ἄλλων
424 1840 546 1880 οἴνων
579 1835 653 1893 μετ’
689 1839 877 1893 ἀμύμονα
908 1842 1012 1881 Χῖον
1043 1838 1208 1881 ἄλυπον.
1274 1841 1469 1880 Similiter
1502 1841 1640 1892 Alpini
1677 1843 1820 1895 regina

262 1901 350 1952 iugi
382 1901 528 1940 dicitur
560 1914 769 1952 cupressus
803 1900 905 1940 Stat.
932 1902 1053 1941 Theb.
1080 1901 1139 1940 VI
1166 1903 1263 1941 829.

385 1956 527 2003 1132.
559 1962 783 2013 Porphyrio
804 1962 857 2001 ad
874 1961 1036 2001 Horatii
1057 1964 1172 2013 epist.
1192 1963 1234 2001 H
1256 1964 1293 2012 2,
1317 1963 1383 2001 94.
1407 1963 1461 2001 95
1485 1963 1635 2002 circum
1658 1962 1815 2013 Specte-

261 2033 350 2060 mus
371 2019 477 2061 ‘Vna
500 2035 594 2073 pars
621 2023 814 2062 orationis
841 2024 902 2062 est
926 2022 1058 2062 diuisa
1083 2023 1125 2061 in
1152 2022 1250 2062 duos
1269 2035 1419 2073 uersus,
1446 2022 1579 2062 Lucili
1600 2018 1679 2078 (ita
1699 2023 1816 2071 Guel-

261 2081 423 2133 ferbym
455 2083 549 2122 lucii
579 2077 746 2136 reliqui)
772 2096 882 2122 more
907 2083 947 2122 et
973 2081 1260 2133 antiquorum'.
1320 2082 1443 2122 Cuius
1468 2096 1564 2123 usus
1591 2084 1816 2135 exemplum

261 2144 413 2181 certum
439 2143 546 2194 apud
569 2142 771 2182 Lucilium
798 2157 878 2183 non
905 2145 1032 2182 extat:
1058 2143 1150 2182 uide
1177 2144 1228 2182 ad
1253 2143 1321 2182 lib.
1341 2144 1384 2182 H
1409 2158 1445 2182 u.
1469 2145 1536 2183 62.
1556 2144 1636 2183 XII
1654 2158 1692 2183 u.
1713 2146 1812 2184 433.

384 2197 528 2243 1133.
559 2203 694 2242 Verba
729 2203 902 2256 Vergilii
938 2205 1032 2243 sunt
1071 2201 1231 2243 ‘sternit
1368 2203 1584 2256 Ortygium
1623 2204 1816 2254 Caeneus,

260 2263 455 2302 uictorem
493 2262 648 2302 Caenea
689 2263 864 2314 Turnus,
909 2264 1066 2302 Turnus
1110 2263 1205 2314 Ityn
1251 2261 1541 2314 Cloniumque'.
1610 2265 1816 2315 Interpres

260 2335 340 2362 non
371 2324 531 2362 tantum
568 2324 725 2374 spectat
758 2324 920 2362 Tur-nus
960 2324 1124 2363 uerbum
1162 2325 1366 2373 iteratum,
1405 2326 1602 2375 quantum
1638 2325 1815 2365 Caeneus

260 2385 301 2421 et
334 2382 489 2422 Caenea
524 2384 567 2422 in
607 2383 749 2433 quibus
786 2397 927 2422 reuera
968 2397 1105 2424 sensus
1137 2385 1317 2423 uarietur
1346 2385 1562 2423 iteratione
1595 2386 1636 2424 et
1667 2386 1813 2424 climax

259 2443 388 2495 figura
429 2444 559 2494 possit
602 2444 783 2496 agnosci,
829 2443 934 2494 quod
977 2445 1020 2483 in
1067 2445 1228 2483 Turnus
1299 2444 1496 2484 uocabulo
1540 2445 1687 2484 iterato
1732 2459 1814 2485 non

259 2503 416 2543 accidit.
492 2502 608 2549 Quod
639 2504 672 2542 si
705 2506 941 2555 spectasset,
983 2505 1087 2543 hanc
1129 2504 1300 2557 figuram
1340 2505 1639 2555 epanalempsin
1680 2506 1812 2556 qualis

259 2564 320 2603 est
362 2563 430 2602 lib.
459 2563 523 2603 HI
565 2563 711 2603 Lucilii
747 2578 785 2603 u.
815 2566 911 2604 110.
948 2566 1029 2604 111
1072 2565 1205 2616 potius
1245 2565 1420 2604 dixisset.
1494 2565 1811 2616 Epanalempsin

258 2636 339 2663 una
369 2635 460 2663 cum
491 2624 653 2664 climace
677 2625 828 2664 tractat
853 2624 1122 2677 Hermogenes
1148 2625 1196 2664 de
1222 2625 1274 2663 id.
1300 2625 1321 2663 I
1347 2623 1424 2664 RG
1449 2625 1511 2663 IH
1536 2639 1574 2675 p.
1598 2626 1682 2664 286
1699 2626 1751 2663 W
1771 2624 1813 2664 Π

258 2697 295 2733 p.
318 2684 401 2723 336
425 2683 491 2734 Sp.
519 2685 589 2734 qui
613 2686 827 2735 utrumque
853 2690 984 2738 σχῆμα
1009 2685 1107 2724 dicit
1132 2690 1210 2724 τῶν
1236 2684 1572 2732 καλλωπιζόντων.
1633 2685 1812 2725 Climaca

259 2743 415 2795 egregie
449 2743 582 2794 Scipio
615 2746 765 2785 amicus
790 2745 932 2784 habuit
956 2745 999 2783 in
1025 2745 1189 2795 deliciis,
1221 2747 1268 2784 ut
1293 2747 1463 2796 apparet
1488 2746 1678 2796 exemplis
1705 2759 1807 2796 quae

258 2802 435 2842 Isidorus
472 2803 546 2842 RL
584 2817 622 2854 p.
645 2805 742 2843 517.
771 2805 916 2844 1518H
955 2806 1151 2844 seruauit:
1197 2806 1308 2844 cuius
1340 2807 1382 2843 in
1413 2806 1655 2844 rhetoricam
1686 2807 1808 2855 poeta

258 2863 428 2901 fortasse
470 2863 664 2902 illuserat.
740 2863 892 2904 Similis
935 2864 1065 2915 figura
1109 2866 1169 2903 est
1212 2877 1335 2914 quam
1382 2864 1583 2917 διαφοράν
1626 2866 1809 2904 nominat

258 2922 435 2961 Rutilius
473 2921 548 2960 RL
572 2936 610 2973 p.
633 2924 677 2973 8,
706 2924 813 2962 14Η
852 2921 942 2963 ‘hoc
983 2924 1142 2963 schema
1180 2927 1241 2962 est
1278 2936 1370 2962 cum
1415 2924 1581 2963 uerbum
1617 2926 1809 2964 iteratum

259 2983 382 3021 aliam
407 2983 649 3022 sententiam
674 2983 875 3035 significat
899 2996 945 3023 ac
964 2983 1209 3035 significauit
1225 2985 1356 3035 primo
1376 2981 1555 3023 dictum'.
1610 2984 1731 3024 Libro
1751 2985 1809 3024 IX
