2060 3444
836 282 920 318 X111
946 295 981 318 u.
1010 286 1211 319 440—445.
1726 282 1810 326 165

241 398 405 452 ,Versus
436 397 598 436 initium
636 398 747 436 extat
785 410 846 448 ap.
867 397 1022 436 Lucret.
1044 397 1102 436 VI
1130 398 1214 437 299
1256 394 1344 436 ‘hoc
1385 397 1432 436 fit
1469 396 1573 436 idem
1605 397 1646 436 in
1679 398 1808 448 partis

255 455 371 498 alias’
394 474 450 489 =
481 458 607 497 1017.

376 511 487 558 442.
519 517 676 556 Nonius
704 530 749 556 ex
774 519 1035 569 grammatico
1062 531 1098 568 p.
1122 518 1220 567 511,
1251 518 1302 556 16
1339 514 1566 569 ‘Ampliten
1630 517 1808 558 Lucilius

253 578 321 618 lib.
348 578 447 617 XIII
480 574 606 617 “nam
645 577 869 629 sumptibus
910 577 1067 630 magnis
1101 578 1324 617 extructam
1355 578 1545 628 ampliter
1576 580 1691 626 atquc
1722 590 1810 617 cum

253 638 524 678 accumbimus
567 635 764 676 mensa’'.'
835 637 894 676 Ex
939 637 1076 678 eodem
1119 637 1348 678 Priscianus
1385 636 1460 676 GL
1486 637 1548 676 III
1573 651 1611 688 p.
1636 639 1702 688 71,
1732 639 1807 678 2Κ

255 696 448 739 ‘Lucilius
481 698 687 749 ampliter,
726 695 956 750 ignauiter’.
1019 698 1134 737 Licet
1164 697 1310 737 Accius
1349 697 1495 737 dixerit
1525 699 1567 736 in
1599 698 1808 750 tragoedia

252 754 359 814 (217
382 753 435 813 R)
486 755 714 798 ‘accumbat
750 755 958 808 mensam',
1004 757 1160 798 cautius
1204 760 1283 797 erit
1327 758 1507 798 ablatiuo
1550 759 1630 798 loci
1673 771 1808 799 mensa

253 819 405 860 tradito
437 820 514 858 niti
546 819 587 857 in
620 818 876 858 emendandis
908 818 1090 858 uersibus
1117 820 1314 869 corruptis
1347 819 1466 858 sicuti
1491 818 1641 871 Vergil.
1669 819 1767 859 Aen.
1788 819 1807 858 I

256 882 307 920 79
355 879 516 931 scripsit
555 876 615 918 ‘tu
654 879 725 919 das
763 878 891 929 epulis
930 878 1161 918 accumbere
1200 875 1362 918 diuom'.
1435 878 1651 930 Proposuit
1694 882 1808 929 atquc

253 943 414 979 unctam
445 952 533 979 cum
565 939 836 988 Franckenus‚
875 951 922 978 ac
959 940 1217 978 decumanam
1249 939 1541 989 Lachmannus,
1574 942 1688 988 atqwe
1719 941 1809 989 apte

253 1013 342 1040 cum
373 999 416 1039 L.
443 1000 672 1049 Muellerus,
705 999 776 1038 alii
808 1000 904 1038 alia:
938 1012 1011 1051 ego
1043 999 1218 1039 arbitror
1249 999 1379 1039 ueluti
1410 1000 1549 1049 opibus
1580 1001 1652 1039 aut
1683 1001 1807 1049 epulis

219 1072 222 1073 ’
253 1060 454 1101 excidisse.
505 1060 700 1099 Extruere
720 1059 881 1111 proprie
901 1061 961 1099 est
979 1072 1225 1100 mensarum:
1253 1060 1331 1099 Cic.
1354 1060 1467 1099 Tusc.
1488 1060 1526 1097 V
1554 1061 1608 1098 62
1632 1056 1806 1100 ‘mensae

253 1121 601 1172 conquisitissimis
654 1120 781 1171 epulis
832 1116 1137 1159 extruebantur’
1187 1120 1234 1159 de
1288 1133 1366 1160 sen.
1402 1121 1458 1159 44
1510 1116 1636 1159 ‘caret
1679 1121 1806 1171 epulis

253 1182 523 1232 extructisque
549 1177 710 1220 mensis'
737 1181 780 1218 in
807 1180 883 1220 Pis.
913 1181 966 1219 67
996 1177 1194 1220 ‘extructa
1219 1194 1358 1220 mensa
1382 1194 1461 1220 non
1488 1180 1708 1231 conchyliis
1737 1213 1743 1219 .
1768 1213 1774 1219 .
1799 1213 1805 1219 .

253 1241 322 1280 sed
354 1242 482 1280 multa
521 1253 638 1280 carne
679 1238 932 1280 subrancida’
967 1239 1082 1279 Ouid.
1110 1243 1203 1280 met.
1230 1241 1286 1279 XI
1316 1243 1401 1281 120
1434 1237 1606 1281 ‘mensas
1639 1236 1806 1292 posuere

252 1301 427 1341 ministri
459 1302 659 1340 extructas
692 1298 889 1351 dapibus'.

372 1356 484 1401 444.
517 1361 672 1400 Nonius
698 1375 736 1412 p.
759 1362 857 1411 204,
880 1362 932 1400 17
956 1357 1148 1412 ‘Epulum
1168 1362 1323 1412 generis
1347 1362 1480 1400 neutri
1500 1362 1571 1400 est.
1622 1362 1806 1400 feminini

251 1422 430 1461 Lucilius
463 1422 691 1473 satyrarum
724 1421 790 1460 lib.
812 1420 911 1460 XIII
945 1417 1083 1460 “idem
1105 1453 1111 1459 .
1134 1452 1141 1460 .
1165 1453 1171 1460 .
1199 1423 1319 1472 atque
1353 1422 1522 1470 epulatio
1549 1421 1652 1461 iouis
1679 1422 1804 1461 omni-

251 1479 480 1534 potentis'’;
512 1482 582 1532 qui
612 1494 751 1521 uersus
779 1484 996 1531 utrumque
1023 1481 1218 1532 designat.
1275 1481 1478 1533 Vergilius
1504 1481 1571 1520 lib.
1592 1482 1651 1520 VI
1677 1477 1804 1536 (604)

253 1539 520 1593 “Epulaeque
571 1544 664 1582 aute
715 1555 784 1581 ora
833 1542 1000 1592 paratae
1050 1541 1210 1593 regifico
1255 1538 1414 1580 luxu”.'
1490 1542 1650 1590 Epulae
1692 1542 1806 1581 Iouis

251 1603 424 1654 Lipsius.
487 1603 637 1641 Versus
670 1603 798 1641 exitus
832 1615 877 1640 ex
909 1601 1032 1640 Ennii
1067 1601 1278 1640 annalibus
1316 1603 1378 1641 est
1409 1603 1594 1652 sumptus
1626 1596 1732 1655 (458
1748 1597 1804 1656 V)

255 1659 445 1703 ‘riserunt
475 1674 611 1701 omnes
642 1663 729 1700 risu
759 1661 869 1701 Iouis
902 1658 1215 1712 omnipotentis'.
1280 1661 1530 1700 Sententiam
1564 1664 1671 1701 recte
1701 1662 1805 1702 hanc

253 1724 398 1763 statuit
436 1735 518 1762 esse
550 1721 830 1761 Lachmannus
863 1718 983 1760 ‘idem
1025 1721 1135 1761 cibus
1167 1721 1407 1772 eaedemque
1440 1722 1581 1773 epulae
1612 1723 1655 1761 in
1687 1723 1804 1774 epulo

253 1783 361 1822 Iouis
387 1782 530 1834 optimi
555 1778 748 1821 maximi’.
799 1781 902 1821 Nam
930 1782 1094 1832 epulum
1118 1782 1230 1824 Iouis
1251 1776 1540 1835 (Marquardtii
1565 1782 1804 1822 Mommseni

254 1842 441 1894 antiquit.
467 1842 580 1881 Rom.
606 1841 664 1880 VI
693 1838 847 1894 [1885]
887 1856 924 1893 p.
954 1836 1059 1896 348)
1104 1855 1183 1882 non
1227 1843 1362 1893 potest
1404 1855 1484 1881 non
1528 1844 1693 1894 agnosci
1730 1843 1805 1882 hoc

253 1916 390 1953 uersu,
428 1904 539 1942 cuius
578 1901 776 1941 sententia
815 1915 892 1952 quo
931 1903 1084 1953 spectet
1121 1902 1332 1941 obscurum
1365 1904 1434 1942 est.
1497 1902 1638 1953 Neque
1668 1904 1803 1942 tamen

254 1963 414 2003 uidetur
445 1963 511 2015 agi
543 1963 591 2001 de
624 1962 730 2001 cenis
764 1961 1004 2013 Capitolinis
1036 1963 1274 2002 lautissimis
1305 1957 1498 2017 (Martial.
1525 1963 1603 2001 XII
1630 1964 1699 2013 48,
1729 1958 1802 2018 12)

253 2024 399 2074 quibus
432 2023 735 2062 delectabantur
766 2023 920 2062 nobiles
951 2023 994 2061 in
1026 2023 1144 2073 epulo
1177 2022 1299 2073 Iouis,
1331 2023 1399 2062 sed
1432 2023 1480 2062 de
1512 2023 1610 2063 cibis
1643 2023 1699 2062 eis
1731 2025 1803 2074 qui

253 2084 342 2123 Ioui
373 2084 450 2134 ipsi
482 2083 524 2122 in
556 2083 719 2122 uasculo
745 2083 862 2121 fictili
894 2082 1199 2133 apponebantur
1229 2096 1340 2122 more
1368 2083 1566 2122 maiorum
1597 2085 1736 2123 tenues
1763 2086 1804 2123 et

252 2144 390 2195 inopes
428 2143 487 2183 ita
524 2144 571 2182 ut
606 2144 727 2193 poeta
765 2142 911 2182 dixerit
949 2139 1011 2181 ‘tu
1049 2143 1154 2182 hunc
1186 2143 1406 2182 contemnis
1439 2143 1571 2182 cibum
1603 2146 1649 2183 ut
1680 2144 1802 2183 uilem

254 2200 328 2243 “et
358 2216 456 2253 non,
494 2215 648 2255 pauper
678 2204 757 2248 uti,
800 2203 935 2242 Samio
968 2205 1159 2253 curtoque
1186 2200 1351 2243 catino''
1381 2197 1438 2257 (u.
1466 2198 1573 2258 445)
1600 2205 1661 2242 uti
1693 2204 1802 2250 uoles

253 2266 294 2303 in
339 2277 452 2303 cena:
498 2265 540 2302 at
582 2263 688 2301 idem
730 2263 841 2302 cibus
873 2265 915 2302 in
954 2263 1071 2314 epulo
1109 2263 1218 2302 Iouis
1259 2262 1546 2314 omnipotentis
1586 2265 1803 2315 apponitur

253 2325 323 2363 ubi
349 2325 470 2363 etiam
495 2323 603 2362 uasis
630 2322 775 2362 Samiis
801 2325 1010 2363 contentus
1036 2324 1096 2363 est
1120 2320 1243 2363 deus'.
1302 2322 1407 2362 Oonf
1435 2323 1569 2363 Senec.
1597 2323 1710 2375 epist.
1734 2325 1802 2374 98,

258 2385 310 2423 13
357 2381 529 2422 ‘Tubero
574 2384 852 2434 paupertatem
896 2385 936 2422 et
976 2396 1018 2422 se
1061 2383 1224 2435 dignam
1268 2385 1308 2422 et
1351 2382 1550 2433 Capitolio
1593 2384 1801 2433 iudicauit,

255 2458 344 2483 cum
375 2442 564 2482 fictilibus
601 2444 644 2482 in
680 2442 843 2493 publica
881 2456 978 2482 cena
1014 2456 1108 2483 usus
1147 2443 1322 2483 ostendit
1361 2443 1502 2482 debere
1539 2443 1589 2482 iis
1621 2444 1801 2484 homines

255 2517 339 2543 esse
364 2504 607 2553 contentum,
640 2503 782 2553 quibus
808 2503 848 2542 di
875 2505 1106 2542 etiamnunc
1137 2499 1357 2542 uterentur'
1385 2503 1530 2542 Athen.
1557 2503 1615 2541 VI
1640 2517 1677 2554 p.
1701 2505 1799 2553 274,

254 2564 325 2603 ubi
357 2563 404 2602 de
429 2563 516 2615 lege
541 2562 697 2601 Fannia
729 2576 752 2602 a
782 2564 1006 2603 triumuiris
1040 2563 1183 2602 Stoicis
1209 2563 1395 2614 religiose
1426 2563 1640 2602 obseruata
1666 2563 1801 2614 agitur

255 2618 437 2677 (c—F),
488 2625 607 2662 antea
650 2622 834 2663 Larcnsis
879 2623 1092 2662 Posidonio
1144 2636 1240 2662 usus
1292 2623 1390 2662 haec
1434 2623 1482 2662 de
1530 2623 1800 2662 Romanorum

255 2683 431 2722 moribus
468 2683 622 2733 profert
653 2680 783 2722 (τοῦτο
815 2678 851 2722 δ’
887 2682 991 2723 ἔστιν
1028 2681 1071 2722 ἐκ
1108 2688 1186 2722 τῶν
1223 2682 1399 2735 πατρίων
1439 2686 1596 2722 θυσιῶν
1628 2676 1684 2722 ὧν
1715 2681 1799 2723 ἐπι-

255 2745 440 2794 τελοῦμεν
472 2741 572 2782 ἰδεῖν
598 2775 606 2783 .
629 2774 635 2781 .
658 2773 665 2781 .
693 2742 859 2796 κεράμεα
892 2740 934 2783 δὲ
965 2740 1031 2782 καὶ
1063 2745 1184 2795 χαλκᾶ
1215 2741 1262 2781 τὰ
1288 2742 1560 2794 διακονήματα
1586 2743 1797 2794 κομίζομεν

255 2801 331 2842 κάν
362 2802 515 2850 τούτοις
546 2800 677 2854 βρωτὰ
714 2800 780 2841 καὶ
818 2801 919 2842 ποτὰ
956 2801 1118 2842 πάντων
1149 2800 1465 2855 ἀπεριεργότατα,
1496 2800 1645 2842 ἄτοπον
1677 2799 1798 2856 ἡγού-

256 2876 368 2913 μενοι
406 2864 488 2909 τοῖς
519 2859 591 2912 μὲν
622 2864 733 2909 θεοῖς
764 2860 932 2914 πέμπειν
962 2860 1060 2901 κατὰ
1091 2860 1138 2901 τὰ
1169 2861 1331 2915 πάτρια,
1369 2860 1504 2909 αὐτοῖς
1543 2859 1585 2902 δὲ
1617 2866 1800 2916 χορηγεῖν

255 2920 353 2961 κατὰ
384 2919 430 2960 τὰ
460 2918 694 2961 gustuum&

377 2976 488 3021 445.
531 2980 687 3020 Nonius
730 2994 767 3031 p.
796 2982 900 3030 398,
934 2982 989 3019 24
1022 2977 1219 3020 ‘Samium
1262 2983 1323 3020 est
1364 2982 1547 3021 testeum.
1622 2981 1799 3021 Lucilius

257 3044 483 3093 satyrarum
514 3040 582 3081 lib.
601 3040 701 3080 XIII
734 3037 807 3080 “et
843 3054 922 3081 non
947 3042 1199 3091 pauperitiac
1238 3042 1364 3081 samio
1397 3043 1589 3092 curtoque
1620 3038 1798 3082 catino”.
