2060 3444
289 245 377 287 360
770 243 900 279 incert.
928 243 1004 279 sed.
1030 254 1065 277 u.
1095 246 1340 279 1133—1137.

288 357 479 396 tribuitur
506 357 783 408 fragmentum,
814 356 982 394 temere:
1013 357 1064 394 sit
1088 356 1288 396 exordiwm
1317 357 1448 396 editur
1473 358 1578 408 apud
1603 359 1822 409 Thilonem,

289 428 437 465 errore,
480 417 526 454 ut
575 415 750 454 uidetur:
801 415 945 454 climax
992 416 1256 455 masculinum
1305 429 1387 456 esse
1437 420 1569 457 censet
1611 419 1824 458 scholiasta

288 476 573 527 grammaticae
604 487 754 514 memor
783 474 952 513 Latinae
986 469 1077 529 (GL
1104 475 1142 512 V
1172 490 1209 526 p.
1231 477 1331 526 425,
1358 478 1409 516 21
1427 472 1495 531 K).
1884 527 1886 529 ‚

410 529 550 574 1134.
590 534 700 573 CGL
726 534 764 572 V
793 548 831 585 p.
854 535 956 583 233,
985 536 1036 573 21
1078 548 1107 574 s.
1127 549 1164 574 u.
1209 536 1293 586 pila
1337 530 1403 590 (ex
1446 536 1627 576 Suetonii
1670 538 1824 578 ludicra

287 594 453 634 historia
465 591 522 645 ‘?):
556 591 805 645 ‘peritissimi
835 594 985 633 lusores
1015 594 1146 633 habiti
1177 597 1269 634 sunt
1295 594 1452 636 Coelius
1481 597 1609 647 adque
1634 597 1823 637 Veturius

289 648 480 708 (witardus
516 649 619 708 cod).
687 654 746 693 De
790 653 923 693 Coelio
961 654 1017 694 sic
1054 654 1151 693 dicit
1187 655 1364 695 Lucilius
1403 653 1610 706 τε00011113,
1642 657 1825 697 0011111301

289 713 459 762 Galloni,
485 725 631 762 scurra,
657 715 859 765 trigonum
886 726 974 753 cum
1000 714 1122 763 ludet,
1151 715 1257 754 solus
1284 727 1304 751 *
1332 728 1352 751 *
1381 728 1401 752 *
1427 716 1539 755 ludet
1564 718 1604 755 et
1629 714 1821 756 eludet'’.’

277 771 426 812 ‘Edidit
465 773 540 812 hoc
583 774 849 824 fragmentum
892 773 1043 823 primus
1088 773 1418 816 Gundermannus
1460 776 1560 815 Mus.
1591 776 1714 815 Rhen.
1734 775 1826 816 XLI

291 833 401 871 1886
441 846 478 883 p.
507 833 591 871 632
632 832 700 883 qui
744 832 909 871 delendo
953 833 1075 872 uerba
1118 847 1255 886 cogere
1298 834 1494 874 studuerit
1536 837 1579 874 in
1622 848 1822 876 numeros:

289 905 361 943 ego
392 893 685 942 transponendo
718 905 763 931 ea
795 905 935 932 sanare
976 893 1197 933 malueram
1229 895 1330 933 stud.
1356 895 1526 934 Vindob.
1546 895 1683 935 XVIJI
1711 897 1821 935 1896

287 965 324 1002 p.
347 953 430 991 309
460 948 582 991 ‘solus
607 952 719 991 ludet
744 954 784 991 et
809 952 942 992 eludet
966 965 1056 992 cum
1080 951 1218 992 ludet'.
1268 955 1384 993 Nunc
1409 956 1514 994 malo
1541 956 1824 995 Buechelerum

290 1013 447 1050 secutus
473 1012 656 1050 lacunam
684 1014 858 1051 statuere
884 1025 965 1062 qua
987 1011 1034 1052 (10
1054 1015 1253 1052 sententia
1271 1013 1455 1054 Goetzius
1474 1016 1632 1054 rettulit
1650 1016 1823 1055 thesaur.

288 1072 403 1122 gloss.
431 1071 580 1110 emend.
608 1085 636 1110 s.
658 1085 694 1110 u.
714 1072 814 1121 pila.
878 1071 992 1111 Solus
1037 1072 1106 1112 ille
1150 1074 1255 1113 ludet
1297 1077 1331 1113 et
1371 1075 1495 1113 eludet
1535 1074 1578 1113 id
1615 1076 1676 1114 est
1718 1075 1824 1114 solus

288 1132 412 1180 pilam
442 1131 562 1169 iaciet
593 1132 711 1170 simul
743 1133 783 1170 et
813 1132 961 1171 iactam
993 1131 1042 1170 ab
1075 1133 1154 1171 alio
1184 1133 1351 1182 repellet
1382 1134 1563 1183 sinistra,
1596 1147 1674 1184 qua
1704 1134 1752 1173 de
1782 1147 1825 1174 re

288 1190 378 1229 uide
404 1190 722 1240 Marquardtium
740 1191 918 1229 Mauium
938 1191 985 1230 (10
1011 1193 1098 1231 uita
1122 1193 1282 1242 priuata
1301 1207 1338 1244 p.
1362 1193 1407 1231 R.
1428 1208 1464 1244 p.
1488 1194 1586 1243 844,
1607 1196 1643 1233 9.
1695 1193 1825 1234 Codex

287 1251 392 1289 recte
425 1251 620 1299 triyonum
650 1252 675 1288 i.
696 1263 726 1289 e.
759 1250 950 1303 τρίγωνον
982 1252 1131 1302 111311111,
1168 1252 1273 1302 011οᾶ
1310 1254 1402 1292 11010
1439 1254 1594 1293 mutare
1632 1254 1824 1293 editorem

287 1309 508 1360 principem
539 1311 707 1360 secutus,
733 1311 803 1360 qui
828 1311 1029 1361 scripserit
1054 1313 1249 1361 trigamam.
1307 1312 1422 1352 Solus
1449 1313 1645 1352 Martialis
1671 1315 1824 1362 triyona

288 1371 474 1418 triyonem
516 1371 662 1420 triyonc
699 1371 875 1420 scripsit,
919 1371 1017 1409 alibi
1058 1371 1132 1410 hoc
1175 1372 1472 1411 substantiuum
1516 1385 1593 1412 non
1635 1375 1746 1412 extat
1775 1387 1824 1412 110

289 1429 395 1479 apud
439 1428 607 1468 Graecos
657 1430 834 1480 quidem,
881 1432 1159 1480 praeterquam
1210 1432 1316 1481 quod
1358 1431 1570 1471 Horatium
1622 1434 1825 1484 scripsisse

289 1489 502 1527 secundum
545 1489 718 1528 codicem
760 1490 875 1527 illum
911 1490 1221 1530 Blandinianum
1263 1491 1438 1530 traditur
1481 1505 1594 1531 serm.
1619 1492 1640 1531 I
1667 1493 1711 1542 6,
1739 1494 1822 1532 126

289 1549 490 1596 lusumque
526 1550 722 1598 trigonam.
785 1548 871 1595 Quo
907 1549 993 1588 loco
1030 1563 1170 1589 uereor
1206 1563 1255 1590 ne
1293 1550 1488 1602 Cruquius
1526 1552 1663 1591 eodem
1705 1552 1823 1592 modo

289 1607 406 1646 sicuti
449 1600 577 1647 e‘ditor
618 1609 735 1647 huius
772 1609 987 1660 fragmenti
1022 1611 1206 1660 princeps
1244 1611 1269 1650 l.
1291 1623 1318 1649 s.
1363 1624 1442 1649 non
1485 1612 1635 1650 curarit
1678 1612 1823 1651 codicis

288 1667 497 1706 lectionem
534 1669 743 1717 triyonwm,
781 1668 886 1718 quod
915 1669 1191 1708 Heinrichium
1226 1671 1312 1709 iure
1352 1683 1422 1710 suo
1453 1671 1676 1711 restituisse
1707 1671 1823 1711 uideo

290 1739 378 1765 011111
421 1727 663 1766 adiectiuum
704 1728 860 1779 flagitet
903 1731 1172 1781 grammatica.
1249 1729 1405 1769 Coelius
1456 1730 1523 1770 ille
1568 1744 1703 1770 scurra
1744 1744 1824 1771 non

289 1786 393 1825 idem
431 1788 518 1825 erat
557 1789 676 1837 atque
712 1780 857 1826 Lucilii
895 1788 1043 1827 amicus
1075 1789 1123 1827 N.
1146 1788 1302 1829 Caelius
1343 1791 1479 1829 incert.
1506 1805 1543 1829 u.
1568 1792 1679 1830 1295
1713 1786 1823 1843 (uide

290 1846 356 1883 lib.
376 1846 485 1884 XXX
510 1860 546 1884 u.
570 1842 704 1899 1079)
745 1860 870 1896 1100110
903 1847 943 1886 C.
966 1846 1122 1887 Caelius
1153 1849 1271 1888 iudex
1303 1851 1372 1900 qui
1403 1851 1646 1890 memoratur
1676 1851 1822 1892 rhetor.

291 1905 341 1943 ad
366 1905 458 1943 Her.
478 1905 519 1943 H
546 1907 613 1954 13,
642 1907 706 1944 19.
767 1906 826 1945 De
858 1905 1040 1946 Gallonio
1073 1908 1163 1947 uide
1196 1908 1246 1947 ad
1276 1910 1414 1948 incert.
1441 1923 1477 1948 u.
1505 1911 1634 1949 1238.
1697 1917 1702 1959 ξ

413 1959 553 2004 1137.
581 1963 813 2004 Consentius
840 1965 912 2004 GL
932 1966 970 2003 V
988 1980 1025 2016 p.
1048 1968 1144 2017 390,
1167 1967 1272 2006 33K
1297 1967 1344 2007 de
1370 1970 1487 2007 tmesi
1512 1966 1650 2009 ‘aliam
1668 1971 1825 2020 partem

292 2024 374 2061 eius
407 2035 489 2062 esse
514 2023 663 2072 dicunt,
694 2037 785 2063 cum
808 2024 879 2063 uni
903 2026 1010 2076 parti
1036 2027 1228 2065 orationis
1259 2027 1490 2066 immittitur
1514 2042 1607 2078 pars
1633 2030 1824 2069 orationis

293 2083 384 2132 alia,
417 2095 519 2132 quae
548 2084 609 2122 ita
638 2084 681 2121 in
711 2084 840 2123 medio
872 2086 942 2134 est,
974 2086 1020 2123 ut
1050 2085 1140 2125 illas
1172 2086 1272 2126 duas
1302 2088 1454 2136 partes,
1487 2088 1628 2137 quibus
1660 2089 1823 2128 circum-

293 2142 420 2181 cincta
459 2143 535 2193 est,
572 2155 727 2181 necesse
765 2143 819 2182 sit
857 2156 973 2184 sensu
999 2141 1134 2195 atque⁴
1151 2146 1353 2185 auditione
1385 2147 1584 2199 coniungi,
1616 2149 1733 2198 quale
1766 2150 1826 2187 est

293 2197 476 2251 “septem
507 2202 684 2241 subiecta
707 2200 862 2242 trioni”
888 2217 961 2254 pro
987 2205 1260 2255 septemtrioni
1286 2200 1453 2259 (Vergil.
1478 2219 1611 2259 georg.
1629 2207 1693 2246 m
1719 2203 1824 2261 381)

293 2263 332 2299 et
371 2257 553 2311 “conque
589 2260 868 2301 tubernalem”
913 2276 984 2313 pro
1023 2265 1365 2315 contubernalem,
1410 2279 1487 2316 quo
1526 2266 1704 2306 Lucilius
1748 2261 1826 2321 (ita

293 2319 518 2359 Cramerus:
543 2321 669 2360 lucius
695 2317 786 2376 cod)
811 2324 854 2360 in
879 2324 1005 2362 metro
1032 2325 1166 2364 crebro
1191 2321 1346 2364 utitur'.
1395 2326 1499 2365 Vide
1523 2326 1640 2366 indic.
1660 2339 1824 2378 gramm.

293 2392 321 2418 s.
341 2393 377 2417 u.
423 2382 561 2419 tmesis.
638 2380 797 2427 Celebre
839 2383 882 2420 in
924 2383 999 2422 hac
1041 2385 1159 2423 tmesi
1202 2385 1423 2424 enarranda
1475 2387 1518 2424 in
1564 2385 1697 2425 Gallia
1740 2388 1827 2426 erat

292 2438 438 2478 Lucilii
473 2453 633 2479 nomen:
677 2441 823 2492 ineptit
858 2441 1057 2482 Ausonius
1099 2443 1211 2494 epist.
1231 2444 1327 2483 XVI
1354 2445 1407 2484 35
1449 2440 1505 2498 (p.
1527 2446 1612 2484 254
1649 2441 1825 2500 Peiperi)

294 2495 484 2538 ‘inuenies
515 2501 675 2549 praesto
707 2501 915 2540 subiuncta
944 2503 1140 2552 petorrita
1170 2504 1306 2542 mulis:
1337 2504 1438 2543 uilla
1473 2504 1625 2544 Lucani
1649 2526 1710 2533 —
1733 2518 1825 2545 mox

292 2558 456 2608 potieris
495 2581 550 2585 —
590 2572 676 2609 aco,
714 2562 878 2600 rescisso
917 2561 1022 2601 disce
1062 2559 1184 2614 (hoc)
1216 2576 1434 2615 conponere
1466 2566 1623 2604 nomine
1654 2577 1824 2617 uersum,

247 2629 252 2633 ·
292 2617 422 2656 Lucili
463 2619 570 2657 uatis
613 2620 669 2658 sic
711 2619 890 2659 imitator
927 2618 1031 2670 eris',
1075 2622 1278 2674 Eugenius
1315 2624 1483 2674 denique
1517 2624 1732 2663 Toletanus
1763 2624 1825 2664 his

292 2677 455 2726 ineptiis
505 2678 628 2717 fretus
676 2678 875 2730 integrum
919 2692 1077 2719 carmen
1121 2684 1344 2733 composuit
1390 2684 1433 2722 in
1474 2697 1550 2733 quo
1599 2696 1735 2723 uersus
1778 2697 1826 2723 ea

293 2735 447 2775 ratione
479 2749 599 2786 quam
628 2737 774 2776 Lucilii
803 2741 1004 2789 propriam
1038 2740 1255 2780 arbitratur
1286 2739 1421 2793 (carm.
1441 2743 1578 2782 XXHI
1598 2737 1643 2797 9)
1675 2743 1824 2782 dirum-

294 2797 452 2844 puntur.
520 2795 646 2835 Immo
684 2797 859 2836 Ennium
894 2800 1040 2838 rectius
1085 2802 1170 2838 erat
1205 2802 1247 2839 in
1283 2802 1358 2840 hac
1394 2816 1437 2841 re
1475 2804 1675 2842 auctorem
1699 2804 1824 2842 nomi-

293 2867 386 2893 nare
430 2868 549 2904 quam
590 2855 802 2896 Lucilium.
877 2857 1207 2898 Contubernalem
1251 2859 1446 2911 Scipionis
1495 2862 1599 2901 bello
1648 2862 1823 2902 Numan-

293 2913 378 2951 tino
410 2926 492 2953 sese
530 2916 662 2964 ipsum
698 2916 857 2956 uidetur
897 2919 1117 2968 appellasse
1148 2919 1325 2960 Lucilius
1358 2934 1436 2970 quo
1468 2921 1515 2960 de
1546 2923 1703 2961 nomine
1735 2922 1829 2961 conf

293 2972 557 3013 Mommsenus
601 2975 647 3013 de
689 2977 777 3015 iure
819 2977 978 3026 publico
1016 2992 1053 3028 p.
1074 2978 1159 3016 R]
1198 2974 1310 3033 (edit.
1335 2980 1398 3019 ΙΠ
1437 2975 1570 3034 1887)
1607 2994 1646 3031 p.
1667 2982 1769 3031 510,
1799 2983 1820 3020 1
