2060 3444
813 284 934 322 XXVI
959 297 996 322 u.
1024 288 1225 322 644—649.
1708 283 1795 326 237

249 402 372 443 solita
402 401 473 450 sit,
504 413 586 440 non
616 399 732 439 uideo
763 399 871 438 tradi
904 412 928 438 a
958 399 1235 450 scriptoribus:
1272 398 1434 438 uidetur
1464 400 1585 450 poeta
1619 397 1797 449 publica-

249 474 393 502 norum
424 459 621 500 eiusmodi
653 460 859 510 aspernari
894 459 966 498 ino
1004 471 1123 499 uersu
1160 460 1411 509 societatem,
1450 460 1520 509 qui
1555 458 1798 498 redemerint

245 535 274 562 'a
311 521 538 562 censoribus
576 520 763 560 arborum
802 521 982 559 ueterum
1019 522 1060 558 et
1097 520 1264 559 fulmine
1301 521 1502 559 tectarum
1540 518 1796 569 extirpandos

248 583 292 622 in
322 582 423 622 lucis
455 582 626 632 stipites.

370 636 482 682 645.
514 641 669 680 Nonius
701 654 738 691 p.
767 641 842 689 38,
869 640 923 679 28
965 637 1174 690 ‘Expirare
1207 670 1214 678 .
1248 670 1256 678 .
1292 670 1299 677 .
1331 639 1438 678 idem
1469 639 1603 678 XXVI
1641 635 1720 678 “ut
1763 640 1797 679 si

249 703 423 742 eluuiem
451 732 458 740 .
481 733 488 740 .
511 733 518 740 .
545 712 686 740 curare
716 700 903 739 omnibus
931 731 938 739 .
961 731 968 739 .
991 731 998 739 .
1026 701 1181 750 expiret
1217 696 1341 739 uis''.’
1404 699 1516 738 Idem
1547 713 1585 750 p.
1615 700 1712 749 103,
1740 701 1794 738 32

251 759 460 807 ‘Eleuiem
491 762 783 813 purgationem.
828 760 1005 800 Lucilius
1030 760 1098 799 lib.
1124 759 1256 799 XXVI
1287 756 1363 799 “ut
1387 760 1546 798 eleuiem
1571 759 1701 798 facere
1726 772 1798 810 per

248 825 408 862 uentwm
438 818 601 861 uelis''.'
666 820 772 860 Cura
803 823 881 871 est,
918 834 967 860 ne
999 821 1153 871 expiret
1183 822 1325 859 uenter
1356 821 1526 859 eluuiem
1564 833 1585 859 e
1622 819 1797 859 distento

249 895 413 933 corpore
445 895 517 933 per
549 893 684 921 omnes
716 882 823 921 uias:
855 882 914 920 ita
946 893 1011 920 ore
1041 882 1164 920 salem
1202 882 1399 930 expirauit
1431 882 1569 919 incert.
1595 894 1633 919 u.
1663 881 1796 919 1244:

251 945 439 992 expirans
465 944 642 982 animam
659 942 915 991 pulmonibus
941 942 1060 980 aliter
1083 940 1439 992 interpretabimur
1463 940 1531 980 lib.
1557 940 1621 979 III
1639 954 1675 979 u.
1701 941 1796 980 106.

250 1004 370 1043 Recte
415 1003 696 1042 Lachmannus
739 1013 837 1041 cura
878 1013 945 1051 nc,
988 1003 1014 1040 i.
1047 1014 1079 1041 e.
1118 1014 1214 1041 cura
1258 1003 1319 1040 est
1360 1014 1428 1051 ne,
1478 1001 1597 1040 sicuti
1644 1002 1797 1040 Ennius

251 1063 382 1103 annal.
408 1063 429 1102 I
455 1064 510 1103 83
525 1062 562 1100 V
595 1059 793 1102 ‘omnibus
825 1074 921 1101 cura
952 1063 1050 1102 uiris
1081 1064 1172 1101 uter
1197 1063 1300 1101 esset
1324 1058 1614 1112 induperator'.
1659 1061 1799 1100 Vtitur

228 1123 445 1165 uocabulo
489 1124 635 1162 eluuies
678 1123 802 1162 simili
843 1123 1000 1161 ratione
1037 1122 1172 1161 Aurel.
1199 1122 1304 1161 Vict.
1331 1123 1425 1172 epit.
1455 1123 1478 1161 9
1495 1123 1591 1160 extr.
1636 1123 1707 1172 qui
1750 1121 1798 1160 de

250 1184 491 1234 Vespasiani
522 1183 635 1223 obitu
668 1179 824 1222 ‘deinde
849 1183 1003 1222 uentris
1029 1183 1159 1222 eluuie
1184 1183 1323 1231 fessus,
1355 1183 1395 1221 et
1420 1194 1631 1233 assurgens
1657 1179 1797 1221 “stan-

249 1240 363 1283 tem''
398 1244 457 1283 ait
490 1240 804 1294 “imperatorem
836 1242 1020 1282 excedere
1053 1244 1170 1282 terris
1202 1239 1374 1282 decet’'.'
1419 1242 1547 1280 Addit
1578 1244 1698 1293 poeta
1727 1254 1799 1291 per

251 1307 424 1344 uentrem
449 1304 544 1354 quia
570 1304 692 1342 etiam
716 1316 789 1354 per
814 1315 857 1342 os
883 1304 972 1353 quis
998 1303 1171 1342 eluuiem
1195 1303 1337 1342 faciat:
1363 1303 1550 1341 similiter
1575 1303 1622 1341 de
1642 1304 1799 1341 uomitu

253 1363 352 1404 Cato
379 1364 427 1403 de
453 1364 656 1415 agr.,cult.
684 1375 769 1414 cap.
800 1363 897 1413 156,
924 1364 948 1401 2
978 1360 1131 1402 ‘aluum
1157 1363 1190 1402 si
1215 1363 1326 1403 uoles
1351 1363 1503 1402 deicere
1529 1360 1798 1412 summm-ew,

251 1427 391 1464 contra
425 1421 577 1462 ‘aluum
607 1420 774 1463 deicere'
802 1436 887 1474 cap.
917 1424 1014 1473 158,
1043 1425 1079 1462 1.
1107 1426 1144 1462 2.
1171 1445 1230 1450 —-
1256 1424 1436 1462 omnibus
1461 1424 1542 1463 uiis
1567 1436 1639 1473 per
1663 1435 1798 1474 super-

251 1485 444 1524 lationem
474 1485 652 1535 positum
682 1496 756 1534 pro
787 1485 958 1534 utraque
989 1484 1075 1522 uia:
1112 1485 1204 1522 uiae
1236 1485 1330 1523 sunt
1367 1480 1495 1536 ὀχετοί
1522 1483 1798 1534 Xenophontis

251 1545 368 1584 Mem.
395 1544 415 1582 I
442 1545 480 1594 4,
509 1545 545 1583 6.
621 1544 831 1583 Sententia
872 1556 952 1583 non
996 1545 1176 1595 perfecta
1220 1546 1298 1583 est:
1348 1543 1532 1583 additum
1580 1544 1662 1582 fere
1712 1546 1800 1583 erat

255 1602 506 1656 ‘priusquam
538 1605 587 1643 ad
620 1605 772 1643 dolium
802 1605 1014 1654 peruenias
1047 1606 1118 1643 aut
1149 1601 1317 1644 sellam':
1352 1616 1446 1643 nam
1477 1605 1718 1643 uestimenta
1749 1617 1798 1642 ne

254 1665 340 1704 luto
372 1665 569 1715 inquines,
600 1677 695 1704 cura
727 1665 788 1703 est
818 1665 859 1703 et
890 1664 1115 1703 anxietudo.
1166 1663 1281 1710 Quod
1309 1663 1416 1703 idem
1441 1665 1476 1703 si
1500 1676 1624 1715 puero
1650 1665 1799 1703 infanti

255 1725 414 1773 accidit,
444 1726 571 1764 risum
602 1724 665 1763 illi
695 1725 831 1763 mouet
862 1725 903 1763 et
934 1725 1183 1774 cachinnum,
1214 1737 1294 1763 non
1324 1724 1529 1775 pudorem.

375 1779 488 1825 647.
520 1785 674 1824 Nonius
699 1798 738 1835 p.
768 1785 866 1834 103,
893 1781 1140 1835 29'‘E1euit,
1172 1785 1403 1824 maculauit.
1447 1784 1627 1824 Lucilius
1650 1785 1717 1823 lib.
1740 1785 1804 1824 VI

256 1841 323 1884 “si
353 1845 418 1884 hic
449 1846 690 1884 uestimenta
721 1845 844 1884 eleuit
873 1845 960 1884 luto
992 1844 1042 1883 ab
1075 1857 1121 1884 eo
1157 1846 1284 1884 risum
1320 1857 1512 1896 magnum
1551 1845 1604 1884 ad
1641 1845 1799 1884 chacin-

255 1919 348 1944 num
375 1904 591 1955 inprudens
617 1901 807 1944 subicit’'.
839 1905 1032 1951 Eleuiem,
1056 1905 1348 1957 purgationem.
1374 1904 1553 1944 Lucilius
1578 1905 1646 1943 lib.
1668 1905 1799 1943 XXVI

257 1962 337 2004 “ut
367 1965 535 2004 eleuiem
566 1966 696 2004 facere
728 1978 799 2016 per
829 1967 995 2004 uentum
1026 1962 1187 2004 uelis’'.'
1244 1965 1385 2004 Altero
1416 1966 1491 2004 hoc
1522 1966 1610 2004 loco
1643 1967 1799 2004 eleuiem

257 2025 359 2064 falso
391 2026 567 2080 positum
598 2037 681 2064 esse
713 2037 738 2064 a
768 2024 932 2064 librario
965 2026 1036 2076 qui
1066 2026 1190 2064 fuerit
1213 2025 1285 2064 illa
1310 2027 1425 2064 eleuit
1448 2026 1578 2065 forma
1603 2025 1800 2075 seductus,

256 2085 374 2124 facile
406 2087 584 2136 apparet.
646 2085 761 2124 Vnde
793 2086 907 2124 eleuit
939 2085 1179 2124 seruandum
1217 2085 1294 2124 erit
1332 2087 1555 2136 antiquitus
1592 2086 1799 2136 traditum,

257 2145 469 2184 deductum
514 2145 563 2184 ab
608 2140 791 2185 elinendo
837 2145 943 2195 quod
986 2145 1155 2185 uerbum
1198 2145 1298 2184 alibi
1339 2158 1418 2185 non
1456 2146 1616 2185 uidetur
1653 2148 1798 2185 extare.

257 2205 418 2245 elouie‘m
448 2205 673 2244 Muellerus.
705 2227 765 2233 —
795 2203 859 2244 Ab
892 2217 933 2244 eo
963 2208 1011 2244 ut
1040 2203 1119 2245 ἀπὸ
1152 2201 1188 2245 δ’
1227 2205 1350 2245 αὐτοῦ
1381 2205 1497 2244 Hom.
1534 2203 1568 2245 Θ
1601 2207 1657 2245 54
1695 2206 1800 2257 posi-

256 2267 343 2304 tum
380 2278 453 2315 pro
489 2265 601 2304 inde:
642 2267 702 2304 ita
745 2264 912 2304 Ouidius
956 2265 1063 2305 solus
1106 2266 1156 2304 ab
1196 2267 1257 2305 his
1294 2267 1454 2305 metam.
1479 2266 1539 2305 IV
1566 2267 1649 2306 329
1697 2263 1800 2305 ‘nais

258 2326 308 2364 ab
340 2325 403 2364 his
436 2322 578 2364 tacuit'
611 2325 674 2364 III
701 2327 784 2364 273
818 2325 918 2364 VIII
945 2326 1042 2364 611.
1107 2324 1214 2366 curt.
1241 2325 1278 2363 V
1307 2328 1343 2376 2,
1372 2327 1396 2365 5
1437 2323 1544 2376 ‘post
1580 2327 1652 2365 hos
1683 2326 1800 2365 Anti-

259 2397 404 2436 gonus,
450 2386 492 2424 et
534 2384 583 2424 ab
628 2398 674 2424 eo
718 2385 932 2435 Lyncestes
969 2385 1167 2436 Amyntas
1210 2383 1316 2425 fuit'.
1378 2387 1457 2431 hic,
1507 2400 1607 2436 puer
1648 2387 1801 2426 infans:

259 2445 346 2484 luto
383 2445 530 2484 elinere
573 2446 830 2495 uestimenta,
874 2444 1060 2496 μολύνειν
1099 2444 1147 2484 τὰ
1190 2445 1323 2497 ἱμάτια
1365 2446 1530 2497 Apocal.
1562 2447 1646 2493 Ioh.
1672 2447 1735 2485 HI
1761 2448 1799 2485 4.

260 2505 455 2544 Numeros
492 2517 631 2544 uersus
669 2505 831 2545 secundi
869 2506 1078 2545 emendare
1115 2518 1194 2545 non
1231 2506 1381 2556 poteris
1418 2507 1498 2545 nisi
1534 2519 1582 2545 ea
1620 2519 1700 2556 qua
1739 2508 1801 2546 usi

260 2567 354 2604 sunt
390 2565 469 2604 uiri
511 2565 620 2605 docti
660 2567 982 2616 transpositione.
1053 2565 1130 2605 Sed
1173 2567 1296 2605 etiam
1338 2567 1379 2604 in
1397 2579 1542 2606 *uersu
1586 2567 1718 2618 priore
1761 2569 1802 2605 et

260 2625 442 2676 legitima
479 2625 728 2665 desideratur
764 2638 928 2665 caesura
968 2627 1009 2664 et
1051 2627 1276 2677 epitheton,
1320 2639 1398 2677 quo
1443 2627 1561 2677 quale
1604 2628 1658 2666 sit
1700 2627 1801 2665 illud

261 2685 409 2734 lutum,
447 2689 630 2725 accurate
666 2685 875 2725 indicetur.
936 2698 985 2725 ac
1017 2687 1267 2732 cachinnwm,
1304 2689 1352 2725 ut
1391 2699 1438 2726 ac
1474 2700 1615 2726 cenum
1651 2687 1719 2726 lib.
1744 2687 1801 2726 IX

262 2757 300 2782 u.
328 2745 424 2784 329.

383 2798 495 2844 649.
526 2804 682 2843 Nonius
707 2818 745 2855 p.
773 2806 842 2855 38,
869 2806 923 2844 23
958 2802 1126 2845 ‘Idiotas
1158 2817 1182 2844 a
1214 2805 1364 2846 Graeco
1402 2809 1594 2855 tractum,
1634 2807 1803 2857 inutilis,

265 2863 378 2913 quasi
417 2862 494 2902 sibi
535 2864 695 2902 tantum
739 2877 818 2903 non
861 2865 1044 2915 plurimis
1090 2862 1295 2919 (pluribus
1330 2861 1627 2920 Lachmannus)
1671 2867 1803 2906 utiles.

264 2922 442 2962 Lucilius
474 2922 541 2961 lib.
566 2923 698 2962 XXVI
743 2920 870 2974 “quid
908 2925 952 2963 ni
978 2956 985 2963 .
1013 2956 1021 2963 .
1050 2956 1057 2963 .
1083 2922 1293 2977 diceres”.’
1363 2925 1592 2965 Inliteratos
1636 2926 1803 2978 Ligures

266 2983 541 3032 appellauerat
580 2982 678 3022 Cato
716 2984 813 3035 orig.
839 2984 882 3023 H
905 2997 943 3034 p.
972 2986 1010 3033 9,
1045 2986 1099 3023 10
1113 2984 1236 3035 Iord.;
1273 2986 1368 3034 quid
1403 2987 1447 3025 ni
1484 2986 1549 3026 hic
1585 2999 1675 3026 cum
1711 2999 1803 3026 con-

265 3043 445 3082 iunctiuo
482 3044 544 3082 est
579 3044 754 3093 positum
791 3046 837 3082 ut
873 3056 991 3094 saepe
1029 3045 1069 3082 et
1106 3045 1276 3083 similem
1314 3046 1646 3096 significationem
1684 3047 1805 3086 habet
