2060 3444
868 255 921 292 Ν
946 267 982 294 u.
1010 258 1212 294 153—160.
1757 257 1814 302 73

264 367 422 422 “usque
451 369 549 410 adeo
574 369 708 410 studio
735 371 856 422 atque
882 370 974 412 odio
998 371 1109 412 illius
1135 367 1372 421 efferori8’'.'
1421 371 1561 413 Verba
1581 373 1677 413 sunt
1699 372 1814 413 Paci-

262 431 398 473 deiani
426 432 475 470 ut
506 429 643 470 Cicero
674 430 837 471 iudicat.
892 430 1102 472 Certamen
1133 431 1404 485 gladiatorum
1435 433 1507 484 qui
1535 433 1691 486 gladios
1716 447 1814 474 non-

262 492 359 532 dum
390 492 636 531 strinxerant
661 492 843 532 anteibat
872 492 1087 533 uerborum
1118 492 1302 533 uelitatio
1329 495 1370 533 et
1396 494 1670 534 conuiciorum
1695 494 1816 535 sicuti

261 553 330 593 lib.
355 552 420 592 m
444 566 482 591 u.
511 554 595 592 117
611 564 720 603 seqq.
785 551 945 593 Clamat
975 553 1238 594 Pacideianus
1276 565 1317 593 se
1347 554 1408 593 ita
1440 566 1525 594 esse
1563 555 1732 605 iratum,
1769 557 1816 595 ut

260 612 528 654 Aeserninum
564 626 646 652 non
682 614 843 653 tantum
880 614 1063 654 uicturus
1101 614 1155 654 sit
1188 614 1257 654 sed
1295 615 1419 654 etiam
1456 616 1669 656 occisurus.
1696 637 1753 643 —
1781 617 1816 655 si

261 673 304 714 id
343 669 556 727 quaeritis]
588 673 682 713 uide
720 673 771 712 ad
807 674 876 713 lib.
902 674 977 713 XV
1001 688 1039 713 u.
1068 674 1165 714 515.
1233 674 1482 726 Adloquitur
1525 689 1724 716 coronam.
1757 698 1814 704 —

205 748 207 750 ’
263 734 360 774 154.
394 747 536 774 uerum
566 733 669 773 illud
700 735 816 775 credo
842 731 946 788 fore]
973 735 1103 775 Plaut.
1129 735 1301 775 Mostell.
1330 736 1385 775 55
1421 733 1545 787 ‘quod
1571 736 1687 776 credo
1713 733 1814 777 fore'

261 795 452 846 Pompon.
482 795 584 834 91R
617 791 716 834 ‘dixi
747 808 821 848 ego
853 795 956 835 illud
992 792 1190 835 futurum'
1221 796 1401 848 Xenoph.
1434 810 1597 837 memor.
1623 797 1666 836 H
1693 798 1731 848 3,
1760 799 1813 837 17

227 884 236 891 .
261 850 341 895 ἀλλ’
382 851 502 895 οὐδὲν
540 849 651 907 οἶμαι
686 854 838 896 τούτων
875 854 1048 896 ἔσεσθαι.
1117 856 1230 896 Dicit
1267 857 1471 909 gladiator
1508 857 1687 898 dicacule
1731 871 1816 898 sese

260 917 399 956 tamen
429 917 563 956 uereri
593 929 643 955 ne
675 917 768 956 ante
799 930 937 957 necem
968 915 1191 957 aduersarii
1221 918 1307 968 ipse
1337 918 1512 957 multum
1548 918 1597 958 ab
1629 931 1676 958 eo
1707 919 1815 958 futu-

261 990 351 1016 rum
382 977 438 1016 sit
467 978 515 1016 ut
545 977 724 1027 uapulet.
786 976 950 1017 Rustice
981 978 1164 1029 loquitur
1195 977 1355 1018 Samnis
1389 975 1447 1018 ‘in
1482 992 1525 1019 os
1562 980 1675 1030 prius
1714 980 1816 1019 acci-

261 1034 387 1088 piam’
421 1036 542 1077 sicuti
571 1037 702 1076 Plaut.
728 1037 829 1077 Rud.
860 1039 944 1078 710
980 1038 1080 1078 dicit
1119 1035 1316 1090 ‘pugnum
1351 1040 1396 1078 in
1434 1052 1478 1079 os
1516 1035 1724 1091 impinge’.
1755 1061 1816 1067 —-

264 1098 361 1138 155.
387 1098 502 1138 suria
525 1097 693 1137 tradunt
718 1110 802 1138 esse
821 1099 865 1138 in
885 1099 1003 1138 codd:
1028 1099 1142 1148 furia
1161 1100 1304 1150 scripsi
1322 1099 1431 1151 quod
1451 1101 1523 1140 aut
1541 1101 1816 1141 nominatiuus

261 1160 334 1198 aut
357 1171 430 1210 pro
457 1157 648 1198 ablatiuis
673 1159 738 1198 ira
762 1159 829 1198 uel
854 1160 942 1199 odio
967 1161 1146 1210 positum
1166 1162 1226 1200 est
1245 1174 1283 1199 u.
1307 1161 1411 1200 158:
1436 1173 1535 1200 sura
1554 1174 1660 1201 nouo
1680 1161 1816 1201 codice

260 1231 356 1259 usus
388 1218 643 1259 commendat
673 1219 943 1260 Rossbachius
974 1220 1120 1260 Philol.
1146 1220 1281 1260 LXIII
1308 1222 1425 1261 1904
1451 1235 1488 1272 p.
1518 1223 1615 1262 100.
1641 1243 1692 1249 -—
1718 1223 1815 1262 156.

260 1279 325 1319 odi
359 1279 575 1330 hominem,
605 1281 734 1319 iratus
765 1293 920 1333 pugno:
952 1281 1135 1321 imitatus
1167 1283 1228 1321 est
1260 1280 1339 1321 Cic.
1366 1281 1544 1334 Philipp.
1569 1282 1670 1322 XIII
1698 1284 1736 1333 7,
1760 1283 1814 1322 15

262 1337 453 1391 ‘odimus,
500 1341 600 1379 irati
641 1337 883 1393 pugnamus’
931 1341 983 1381 ad
1024 1341 1110 1381 Att.
1136 1341 1195 1381 IX
1222 1344 1290 1392 12,
1319 1344 1343 1381 2
1391 1340 1475 1382 ‘odi
1523 1343 1727 1382 hominem
1777 1345 1818 1383 et

261 1396 409 1441 odero'.
441 1422 491 1428 —
523 1400 621 1440 157.
652 1397 787 1454 nobis]
819 1402 931 1441 mihi.
965 1398 1255 1456 accommodet]
1289 1403 1337 1442 de
1369 1403 1505 1455 gladio
1537 1403 1688 1455 Vergil.
1715 1403 1814 1443 Aen.

260 1461 304 1501 H
330 1462 435 1512 393,
474 1461 544 1512 qui
574 1460 689 1502 Accii
721 1456 825 1516 (256
841 1457 896 1517 R)
928 1464 1139 1514 praeterea
1169 1464 1301 1503 utitur
1330 1463 1483 1514 uerbis,
1520 1459 1642 1517 alter]
1674 1463 1817 1505 Aeser-

260 1523 379 1562 ninus
398 1523 445 1561 ut
463 1521 532 1561 lib.
551 1522 615 1561 m
633 1536 671 1561 u.
694 1524 792 1573 121,
820 1524 891 1573 (1111
910 1523 1091 1575 gladium
1110 1523 1289 1564 nondum
1311 1524 1504 1564 eduxerat
1529 1538 1550 1564 e
1575 1526 1736 1577 uagina.
1757 1546 1817 1552 -
1861 1523 1876 1529 ’

263 1583 361 1623 158.
393 1584 510 1622 tanta
540 1583 603 1622 ira
635 1583 787 1623 ecferor
819 1583 1005 1634 equidem
1031 1597 1134 1634 quae
1158 1585 1220 1624 ira
1247 1584 1421 1624 conflata
1446 1586 1507 1625 est
1532 1585 1668 1626 studio
1695 1587 1817 1636 atque

261 1643 355 1683 odio
391 1643 514 1683 illius.
582 1642 800 1683 Ablatiuus
837 1644 967 1683 studio
1005 1644 1188 1684 aduerbii
1223 1645 1312 1685 10ch
1350 1646 1515 1696 ponitur
1551 1647 1598 1685 ut
1638 1645 1691 1686 ad
1720 1646 1815 1686 Her.

262 1702 323 1742 IV
350 1705 387 1753 1,
417 1706 438 1742 1
468 1703 602 1744 studio
630 1704 762 1743 facere
788 1698 870 1758 (IH
898 1705 936 1754 6,
964 1698 1040 1758 11)
1068 1703 1147 1744 Cic.
1174 1717 1248 1756 pro
1274 1705 1389 1746 Rosc.
1415 1705 1505 1745 Am.
1534 1707 1603 1757 32,
1631 1708 1683 1746 91
1718 1706 1816 1746 Ηο1.

263 1776 378 1804 serm.
403 1763 426 1803 I
453 1765 492 1814 4,
520 1765 594 1803 79:
638 1766 750 1804 cuius
789 1764 841 1804 ad
877 1764 1185 1805 similitudinem
1221 1766 1310 1806 odio
1348 1766 1580 1818 appositum
1624 1768 1694 1807 est.
1756 1767 1817 1806 De

264 1825 412 1871 ecferor
436 1824 568 1864 forma
592 1823 686 1864 uide
709 1824 829 1864 indic.
857 1838 1023 1877 gramm.
1050 1838 1079 1865 s.
1106 1840 1144 1865 u.
1171 1826 1473 1879 orthographia.
1524 1827 1672 1867 Totam
1695 1828 1819 1868 istam

263 1885 488 1924 orationem
511 1884 655 1924 habuit
680 1884 882 1937 gladiator
905 1884 1009 1935 ideo,
1036 1899 1115 1937 quo
1139 1887 1270 1939 magis
1290 1888 1462 1939 populus
1482 1900 1622 1927 ueram
1639 1901 1819 1942 pugnam

262 1946 389 1985 iratos
426 1946 534 1985 inter
571 1944 821 1985 aduersarios
859 1947 1114 1987 commissam
1152 1960 1237 1987 sese
1278 1949 1553 1998 spectatarum
1597 1960 1682 1989 esse
1726 1962 1818 1989 con-

262 2005 412 2046 fideret.
480 2005 621 2056 Neque
659 2005 766 2045 enim
804 2006 857 2046 ad
896 2006 1050 2047 dictata
1092 2008 1295 2060 pugnauit
1331 2008 1595 2049 Pacideianus
1639 2009 1818 2061 optimus

262 2066 467 2118 gladiator
498 2066 617 2106 sicuti
649 2066 807 2106 Thraex
837 2067 907 2107 ille
939 2067 1047 2119 apud
1075 2068 1310 2108 Petronium
1336 2070 1404 2109 45.
1455 2069 1590 2109 Verba
1616 2067 1819 2109 Ciceronis

263 2126 315 2166 ad
346 2126 481 2173 Quint.
507 2126 622 2170 fratr
647 2126 711 2166 IH
737 2128 776 2177 4,
804 2129 828 2167 2
864 2124 1103 2168 ‘auriculam
1134 2129 1306 2169 fortasse
1337 2129 1538 2170 mordicus
1570 2127 1818 2171 abstulisset'

263 2200 311 2226 ex
340 2187 487 2227 Lucilii
518 2187 595 2226 hoc
626 2187 713 2227 loco
745 2189 908 2240 sumpta
939 2201 1023 2229 esse
1055 2190 1283 2240 suspicatus
1315 2192 1377 2230 est
1401 2190 1678 2231 Franckenus:
1711 2191 1820 2241 quod

263 2247 542 2299 improbabile.

389 2301 499 2349 159.
530 2308 762 2348 Priscianus
789 2308 856 2349 GL
881 2309 925 2349 H
949 2323 987 2361 p.
1017 2311 1116 2360 217,
1143 2310 1217 2354 8Κ
1250 2307 1444 2351 ‘Lucilius
1475 2311 1519 2350 in
1543 2311 1628 2351 1111
1652 2310 1818 2351 Aethio-

262 2380 339 2419 pus
378 2367 481 2408 dixit
515 2380 589 2419 pro
626 2367 840 2420 Aethiops:
880 2366 1117 2410 “rinocerus
1156 2371 1269 2410 uelut
1307 2367 1595 2423 Aethiopus''.’
1658 2385 1738 2422 quo
1769 2371 1818 2411 de

263 2429 492 2480 fragmento
523 2428 617 2468 uide
649 2442 752 2480 quae
778 2430 1062 2471 adnotauimus
1088 2430 1140 2470 ad
1164 2431 1234 2470 lib.
1260 2431 1324 2471 HI
1348 2445 1386 2470 u.
1416 2433 1500 2472 118
1528 2432 1599 2471 ubi
1622 2433 1819 2473 rimoccros

266 2486 419 2529 Graeca
449 2489 580 2529 forma
609 2489 763 2530 tradita
795 2491 865 2530 est.
928 2491 1015 2530 Hoc
1052 2491 1140 2531 loco
1178 2492 1381 2532 rimoccrus
1418 2491 1580 2544 scripsit
1616 2493 1737 2544 poeta
1773 2494 1820 2532 ut

264 2549 559 2589 rhetoricoterus
582 2549 650 2588 lib.
670 2550 713 2590 H
737 2564 774 2589 11.
803 2551 870 2589 86.
921 2551 1146 2603 Aethiopus
1172 2553 1218 2591 ut
1241 2551 1402 2592 Arabus
1427 2552 1495 2592 lib.
1515 2552 1627 2591 XXV
1653 2567 1691 2591 u.
1719 2553 1817 2592 586.

388 2603 499 2651 160.
529 2609 687 2650 Nonius
718 2624 756 2661 p.
786 2612 885 2661 206,
912 2613 967 2651 27
1003 2609 1279 2652 ‘Fulmentum
1313 2644 1320 2651 .
1343 2644 1350 2650 .
1373 2644 1380 2651 .
1413 2613 1608 2653 feminino
1639 2612 1820 2653 Lucilius

268 2700 275 2707 .
304 2700 312 2707 .
338 2700 347 2709 .
380 2670 422 2709 et
451 2670 519 2709 lib.
544 2670 631 2710 Πᾙ
669 2667 800 2710 “sucit
833 2671 928 2711 huic
964 2672 1123 2721 fuldam
1158 2672 1376 2713 fulmentas
1415 2674 1608 2724 quattuor
1645 2669 1802 2713 addit''.
1806 2669 1819 2688 '

265 2728 437 2769 Versum
475 2730 705 2770 emendauit
743 2730 963 2771 Salmasius
1002 2745 1081 2783 quo
1120 2733 1256 2784 agitur
1293 2733 1431 2784 aperte
1469 2733 1517 2773 de
1555 2746 1677 2785 opera
1713 2733 1820 2773 fabri

266 2788 425 2829 lectarii
457 2802 575 2840 quem
606 2789 749 2830 Graeci
780 2789 1012 2831 κλινοποιόν
1043 2793 1262 2844 appellant.
1326 2793 1404 2840 Qui
1435 2793 1610 2844 spondae
1642 2793 1820 2834 fulcrum

267 2843 536 2902 (ἐπίκλιντρον
578 2850 664 2889 siue
710 2848 972 2904 ἀνάκλιντρον
1015 2852 1158 2892 Pollux
1183 2853 1243 2892 VI
1270 2854 1294 2892 9
1328 2853 1364 2891 Χ
1391 2854 1448 2892 34
1475 2851 1575 2893 CGL
1602 2853 1643 2893 H
1671 2855 1744 2903 74,
1771 2848 1818 2907 8)

268 2908 416 2948 dicitur
447 2909 626 2949 subicere
657 2911 698 2950 et
722 2911 917 2961 quattuor
941 2912 1158 2952 fulmentas
1183 2914 1209 2952 1.
1237 2925 1268 2951 6.
1294 2913 1433 2964 pedes:
1464 2913 1620 2954 Nonius
1646 2927 1692 2953 ex
1717 2914 1819 2953 Var-

266 2981 363 3008 rone
388 2970 414 3008 1.
441 2981 471 3009 s.
498 2981 526 3008 s.
554 2970 686 3010 adfert
709 2971 967 3022 prouerbium
994 2968 1207 3012 ‘fulmenta
1231 2972 1381 3013 lectum
1406 2970 1620 3013 scandunt'
1623 3005 1633 3024 ,
1663 2974 1818 3014 Plinius

267 3030 350 3069 nat.
377 3029 469 3070 hist.
495 3029 665 3070 XXXIV
692 3032 716 3071 9
756 3044 846 3081 011111
883 3031 1023 3072 scribit
1063 3029 1345 3075 ‘tricliniorum
1389 3033 1555 3086 pedibus
1599 3034 1818 3088 fulcrisque
