2060 3444
290 259 377 301 410
769 258 896 294 incert.
925 258 1001 294 sed.
1029 270 1063 293 u.
1092 262 1336 294 1294—1296.

292 373 520 422 Numquam
565 372 670 410 enim
713 371 786 410 hoc
829 371 1049 420 intulisset,
1091 371 1169 410 nisi
1212 373 1253 410 et
1297 370 1422 410 Caelii
1459 373 1498 410 et
1534 371 1715 410 Numerii
1772 373 1828 411 ita

293 435 388 470 recte
430 432 569 470 Dousa
607 443 652 470 ex
692 431 920 476 Coloniensi,
963 443 1171 470 numerum
1213 425 1516 484 Neapolitanus)
1566 444 1637 481 per
1683 431 1714 470 ii
1753 366 1828 484 {ita

291 492 449 536 Dousa,
498 491 511 528 i
560 484 889 544 Neapolitanus),
943 491 1061 529 huius
1110 491 1291 530 Numerii
1346 490 1569 529 faciendum
1625 487 1826 530 crederet'.

291 551 434 601 Itaque
466 564 510 589 ex
537 550 668 589 uerbis
694 550 945 602 grammatici
979 550 1162 599 efficitur,
1193 551 1353 600 poetam
1378 550 1521 590 dixisse
1547 563 1629 590 sese
1655 550 1828 590 numeris

292 612 332 649 et
357 611 591 650 necessitate
623 611 805 649 coactum
836 609 1020 661 genetiuo
1051 622 1145 648 casu
1176 611 1354 660 posuisse
1385 622 1527 650 nomen
1560 610 1689 659 amici,
1721 609 1827 660 quod

292 683 419 720 neque
456 671 704 709 nominatiuo
742 683 868 720 neque
905 669 986 708 alio
1024 682 1116 708 casu
1154 672 1313 720 praeter
1349 670 1579 721 genetiuum
1610 670 1681 709 aut
1710 681 1828 708 uoca-

291 731 422 768 tiuum
452 731 496 768 in
527 742 642 769 uersu
673 730 849 780 potuerit
879 730 985 779 poni.
1048 728 1234 768 Poteram
1271 729 1453 779 equidem
1492 729 1594 768 illud
1625 730 1754 768 facere
1783 729 1828 768 in

261 827 264 830 ,
293 802 471 828 sermone
497 789 687 839 pedestri:
714 790 757 827 at
782 802 884 828 nunc
910 789 1095 828 seruandi
1117 790 1284 838 numeri,
1310 791 1351 828 et
1368 800 1504 828 uersus
1523 789 1624 828 tales
1644 787 1828 838 faciendi,

292 862 362 888 nos
396 848 505 888 Caeli
535 849 701 887 Numeri
745 862 950 887 numerum
995 849 1041 887 ut
1084 860 1283 887 seruemus
1323 848 1573 899 modumque.
1636 847 1829 887 Similiter

293 909 492 948 Ausonius
520 909 569 948 ad
594 908 806 947 Paulinum
831 922 869 959 p.
892 909 976 946 268
1003 908 1161 958 Peiperi
1187 905 1370 947 ‘Paulino
1397 908 1607 948 Ausonius.
1657 909 1827 946 metrum

292 970 347 1008 sic
379 969 505 1007 suasit
538 970 583 1006 ut
609 980 710 1007 esses
736 970 782 1006 tu
805 969 916 1018 prior
941 970 981 1007 et
1011 980 1154 1007 nomen
1185 968 1486 1020 praegrederere
1516 963 1661 1006 meum'
1689 981 1720 1006 e.
1742 980 1777 1017 q.
1798 979 1827 1006 s.

293 1027 586 1067 Grammaticus
629 1028 698 1066 ille
743 1040 860 1078 quem
903 1029 1059 1067 secutus
1103 1029 1163 1066 est
1208 1027 1411 1067 Charisius
1454 1028 1555 1066 falso
1600 1028 1640 1066 et
1681 1027 1828 1066 iniuria

291 1087 437 1126 Lucilii
486 1087 617 1127 uerbis
667 1087 840 1138 putabat
888 1087 992 1126 effici
1042 1088 1163 1126 etiam
1209 1086 1333 1126 Caelii
1374 1087 1556 1126 Numera?
1599 1086 1828 1138 genetiuum

293 1147 507 1186 secundum
526 1148 668 1197 poetae
688 1148 915 1197 opinionem
937 1159 1051 1196 posse
1070 1146 1155 1185 fieri
1174 1147 1293 1186 sicuti
1313 1148 1414 1186 falsa
1433 1147 1605 1197 protulit
1622 1146 1690 1185 ille
1711 1159 1828 1196 quem

292 1208 486 1257 excerpsit
506 1206 761 1246 Cassiodorus
783 1205 856 1245 GL
875 1206 954 1244 VH
979 1220 1016 1255 p.
1039 1207 1137 1255 206,
1158 1208 1210 1246 23
1226 1206 1263 1244 Κ
1290 1203 1339 1246 ‘si
1363 1207 1475 1245 lucus
1501 1215 1668 1257 magnus
1687 1217 1827 1256 magus

291 1268 384 1306 sunt
411 1267 651 1306 nominatiui
682 1279 828 1314 eorum,
860 1280 983 1304 unum
1014 1267 1029 1304 i
1059 1266 1101 1303 in
1132 1266 1316 1317 genetiuo
1341 1265 1543 1305 habebunt
1641 1266 1676 1304 si
1694 1266 1827 1304 autem

291 1326 436 1364 Lucius
467 1326 652 1377 Magnius
683 1326 840 1377 Magius
871 1326 1137 1376 proferantur,
1169 1325 1248 1364 duo
1279 1326 1295 1363 i
1324 1327 1367 1364 in
1399 1324 1582 1376 genetiuo
1613 1324 1828 1373 habebunt,

291 1385 406 1424 Lucii
436 1386 589 1437 Magnii
611 1385 748 1436 Magii,
774 1385 882 1435 quod
906 1386 1036 1435 ipsum
1063 1385 1239 1425 Lucilius
1265 1384 1476 1424 adnotauit
1501 1398 1589 1424 cum
1616 1397 1640 1423 a
1664 1396 1827 1423 numero

290 1445 504 1484 Numerius
543 1442 806 1484 discerneret'.
870 1443 947 1490 Qui
982 1457 1124 1495 parum
1163 1446 1345 1484 accurate
1389 1457 1478 1483 eum
1516 1457 1633 1494 quem
1670 1445 1827 1483 secutus

294 1506 353 1544 est
391 1506 593 1544 auctorem
629 1505 874 1555 perspexisse
911 1504 1112 1554 putandus
1151 1506 1220 1544 est.
1289 1504 1470 1554 Denique
1507 1503 1653 1542 Lucilii
1689 1504 1826 1543 incert.

290 1579 327 1603 u.
358 1566 471 1603 1310
503 1564 609 1614 apud
643 1563 791 1603 Charis.
819 1562 892 1602 GL
918 1563 938 1601 I
969 1577 1006 1614 p.
1030 1565 1097 1612 71,
1126 1563 1230 1603 10K
1261 1563 1330 1603 ubi
1361 1563 1409 1602 de
1440 1564 1626 1602 uocatiuo
1657 1562 1826 1602 uocabu-

290 1625 420 1663 lorum
450 1624 493 1662 in
526 1626 586 1662 ius
619 1624 848 1662 exeuntium
881 1625 1014 1674 agitur
1044 1624 1104 1662 ita
1135 1625 1195 1662 est
1227 1624 1497 1674 comparatus,
1528 1623 1574 1661 ut
1604 1622 1705 1661 nihil
1736 1621 1827 1661 inde

291 1684 417 1734 possit
442 1683 581 1723 deduci
606 1684 936 1722 ratiocinationis.
957 1705 1015 1710 —
1035 1683 1220 1722 seruandi
1246 1678 1417 1735 numeri]
1444 1683 1518 1723 hoc
1543 1683 1629 1722 loco
1654 1683 1827 1733 primum

291 1743 530 1783 uocabulum
562 1755 747 1782 numerus
774 1744 944 1782 occurrit
967 1743 1009 1780 in
1035 1743 1181 1782 litteris
1212 1743 1385 1782 Latinis:
1417 1755 1510 1782 nam
1536 1741 1673 1781 Plauti
1701 1742 1827 1791 epita-

290 1803 428 1853 phium
472 1803 520 1842 de
563 1816 642 1853 quo
673 1803 843 1842 diximus
888 1803 938 1841 ad
975 1802 1043 1841 lib.
1063 1802 1126 1841 III
1150 1816 1187 1840 u.
1210 1804 1290 1841 111
1337 1803 1429 1853 post
1468 1801 1613 1840 Lucilii
1657 1802 1827 1840 aetatem

290 1863 450 1902 uidetur
481 1875 564 1901 esse
596 1862 816 1901 confictum.
879 1862 1076 1902 Numerus
1107 1861 1211 1900 idem
1244 1863 1305 1901 est
1335 1863 1455 1912 atque
1488 1859 1646 1913 μέτρον,
1688 1860 1827 1900 modus

291 1921 464 1975 ῥυθμόςε
492 1921 566 1960 GL
580 1921 638 1960 VI
656 1934 694 1972 p.
709 1923 806 1970 609,
824 1923 845 1960 7
861 1921 897 1959 Κ
919 1919 1139 1971 ‘rhythmos
1166 1920 1326 1970 Graece,
1352 1921 1490 1960 modus
1516 1921 1662 1960 dicitur
1686 1920 1828 1960 Latine

290 1995 327 2032 p.
356 1982 459 2031 610,
487 1983 540 2019 22
581 1977 723 2021 ‘metra
768 1980 932 2030 Graece,
979 1980 1121 2020 Latine
1162 1982 1318 2020 numeri
1362 1977 1570 2033 uocantur'
1612 1980 1828 2030 eademque

290 2042 445 2080 ratione
482 2041 543 2079 his
581 2042 679 2079 artis
716 2040 922 2079 uocabulis
960 2040 1088 2079 utitur
1118 2039 1310 2079 Horatius
1342 2053 1454 2079 serm.
1474 2040 1506 2090 I⁴
1522 2041 1560 2089 4,
1588 2041 1610 2077 7
1646 2036 1827 2078 ‘mutatis

292 2102 449 2139 tantum
486 2099 652 2151 pedibus
689 2096 955 2150 numerisque’
991 2101 1044 2138 56
1080 2096 1155 2138 ‘his
1193 2112 1266 2151 ego
1305 2111 1406 2150 quae
1443 2111 1548 2137 nunc
1591 2099 1686 2137 olim
1725 2111 1827 2149 quae

292 2160 452 2210 scripsit
470 2159 647 2199 Lucilius
673 2159 819 2209 eripias
840 2160 875 2198 si
894 2161 1075 2210 tempora
1094 2161 1202 2205 certa
1220 2155 1462 2208 modosque'.
1513 2158 1673 2197 Etenim
1692 2170 1828 2197 secun-

292 2219 386 2258 dum
424 2221 626 2258 uetustam
664 2231 765 2269 quae
810 2220 920 2258 extat
956 2217 1029 2258 GL
1055 2218 1112 2257 VI
1142 2233 1179 2269 p.
1203 2220 1300 2267 610,
1329 2220 1381 2258 23
1427 2218 1649 2258 doctrinam
1695 2214 1826 2256 ‘huius

292 2273 336 2331 (i.
364 2292 394 2317 e.
428 2273 601 2332 numeri)
645 2291 737 2329 pars
781 2279 939 2330 integra
981 2291 1050 2329 pes
1085 2309 1091 2316 .
1120 2310 1127 2316 .
1156 2309 1163 2316 .
1195 2278 1402 2318 modorum
1451 2278 1646 2317 elementa
1695 2277 1827 2327 spatia

291 2338 535 2388 syllabarum
582 2351 627 2377 ac
670 2336 877 2388 tempora'.
944 2338 1057 2377 Idem
1104 2350 1241 2377 uersus
1291 2339 1419 2377 exitus
1468 2338 1604 2377 incert.
1636 2350 1674 2376 u.
1711 2337 1820 2375 1331

290 2398 429 2437 Horat.
450 2397 563 2448 epist.
583 2398 602 2436 I
625 2399 691 2447 18,
719 2399 772 2437 59
803 2395 1002 2448 ‘quamuis
1028 2399 1086 2436 nil
1113 2399 1223 2437 extra
1248 2410 1456 2436 numerum
1484 2397 1623 2436 fecisse
1648 2396 1825 2435 modum-

292 2471 366 2507 que
405 2454 532 2497 curas'
566 2452 626 2511 (Π
651 2459 696 2507 2,
725 2453 829 2511 144)
866 2458 1039 2496 Martial.
1066 2457 1101 2495 X
1129 2458 1203 2506 33,
1232 2460 1253 2496 9
1302 2454 1421 2495 ‘hunc
1450 2469 1623 2495 *seruare
1665 2455 1826 2494 modum

291 2518 417 2556 nostri
459 2530 605 2556 nouere
643 2513 797 2556 libelli'.
865 2516 930 2555 Ad
969 2516 1148 2555 Caelium
1191 2517 1376 2555 ultimam
1412 2516 1479 2554 lib.
1500 2516 1608 2554 XXX
1649 2516 1826 2555 saturam

291 2577 412 2616 fuisse
456 2577 617 2616 missam
661 2578 816 2616 constat
853 2578 887 2615 si
923 2578 1027 2615 recte
1066 2590 1101 2614 u.
1130 2577 1244 2615 1079
1284 2576 1578 2615 constituimus:
1623 2575 1692 2613 ubi
1734 2574 1827 2613 uide

218 2685 224 2690 ⁴
292 2649 393 2686 quae
425 2636 618 2675 adnotata
649 2637 751 2676 sunt.

413 2690 554 2735 1296.
580 2696 732 2734 Nonius
758 2709 796 2746 p.
819 2696 915 2744 371,
939 2696 991 2733 18
1018 2692 1252 2744 ePraestare,
1278 2695 1524 2733 antecellere.
1559 2724 1565 2731 .
1589 2725 1595 2732 .
1618 2723 1626 2732 .
1646 2693 1825 2733 Lucilius

290 2755 355 2793 lib.
380 2755 561 2803 XXVII
601 2751 666 2792 “si
708 2756 830 2803 facies
872 2755 1052 2804 praestat
1094 2749 1170 2807 (sic
1207 2753 1324 2793 codd:
1367 2754 1504 2793 Iunius
1550 2755 1589 2792 et
1629 2753 1824 2791 Mercerus

292 2814 443 2853 addunt
489 2808 609 2867 facie)
660 2815 695 2852 si
737 2826 899 2863 corpore
942 2810 1144 2864 corpus''.'
1219 2813 1414 2852 Numeros
1460 2813 1677 2863 dactylicos
1719 2814 1826 2852 recte

292 2876 541 2924 agnouerunt
573 2873 754 2922 editores,
786 2873 888 2912 unde
919 2873 1013 2912 libri
1044 2886 1250 2912 numerum
1282 2875 1512 2923 corruptum
1541 2885 1624 2912 esse
1649 2873 1825 2910 statuen-

291 2934 384 2972 dum
434 2935 519 2972 erit.
595 2933 754 2972 Etenim
804 2946 893 2972 cum
942 2927 1180 2972 antecedant
1228 2933 1336 2983 apud
1378 2932 1551 2971 Nonium
1602 2943 1737 2970 uersus
1778 2943 1825 2969 ex

290 2993 402 3032 libris
427 2993 535 3032 XXX
563 2986 717 3046 (1089)
744 2992 896 3031 XXVII
921 2990 979 3045 (u.
1003 2987 1106 3046 719)
1132 2992 1262 3043 petiti,
1288 2994 1505 3042 sequantur
1530 2991 1754 3043 fragmenta
1777 3002 1823 3029 ex
