2060 3444
306 246 393 289 208
838 268 844 275 =
894 245 978 281 XIX
1003 258 1039 282 u.
1066 250 1265 282 557-559.

306 357 410 411 “pro
442 373 523 399 uua
553 371 672 410 passa
702 356 906 410 pensili”.’
963 359 1138 399 Lucilius
1171 361 1397 411 satyrarum
1427 361 1495 400 lib.
1515 361 1673 401 XVIIH
1702 355 1841 416 (VIIII

305 414 528 473 Leidensis)
562 415 730 470 “rugosi
763 450 770 457 .
793 449 799 457 .
823 450 829 456 .
856 417 1112 470 quaerunt’'.'
1175 421 1309 459 eadem
1339 422 1472 460 omnia
1502 421 1614 459 Lucr.
1640 421 1699 460 IV
1726 423 1840 460 1174

308 476 463 529 ‘nempe
490 479 627 517 eadem
650 478 760 528 facit,
791 481 832 517 et
856 480 999 518 scimus
1028 480 1176 528 facere,
1210 480 1344 519 omnia
1375 477 1498 531 turpi'
1531 481 1556 518 i.
1583 494 1613 520 e.
1641 481 1842 520 formonsa

306 539 455 577 femina
498 538 635 577 eadem
679 539 813 577 omnia
850 538 950 577 facit
987 552 1087 589 quae
1125 540 1255 590 turpis
1292 540 1407 590 facit3
1450 539 1580 579 Plaut.
1612 540 1723 579 Asin.
1755 541 1838 579 613

309 596 423 636 ‘mihi
454 600 605 637 certum
636 600 696 637 est
727 598 855 637 facere
886 600 929 637 in
959 612 1022 638 me
1053 600 1188 638 omnia
1219 599 1356 638 eadem
1388 612 1488 650 quae
1520 602 1564 638 tu
1589 601 1630 638 in
1657 602 1696 638 te
1722 597 1839 638 faxis'

307 659 463 697 Terent.
488 658 631 708 Hecyr.
662 659 743 697 199
785 655 889 697 ‘utin
926 671 1061 698 omnes
1098 659 1281 698 mulieres
1319 660 1455 698 eadem
1496 672 1619 709 aeque
1656 659 1843 699 studeant

308 719 513 768 nolintque
551 719 685 757 omnia
725 731 852 768 neque
884 717 1123 758 declinatam
1156 720 1368 769 quicquam
1400 718 1449 758 ab
1481 719 1651 758 aliarum
1682 719 1842 771 ingenio

307 778 434 816 ullam
470 774 683 828 reperiasl’
754 777 948 828 Suppleas
988 779 1114 830 igitur
1152 779 1257 828 quod
1294 780 1468 829 positum
1506 781 1592 818 erat
1628 779 1669 817 in
1706 791 1842 818 uersus

308 837 575 877 antecedentis
618 837 695 876 fine
740 835 912 877 ‘omnes'.
957 860 1015 865 —
1059 837 1279 888 Quaerunt,
1323 840 1371 877 ut
1413 838 1480 877 lib.
1506 838 1658 877 XXVII
1689 853 1725 877 u.
1758 840 1840 877 717

308 894 380 946 ‘sic
412 898 531 936 amici
563 899 760 948 quaerunt
791 897 979 948 animum,
1010 911 1094 936 rem
1125 898 1293 948 parasiti
1326 911 1371 938 ac
1403 895 1551 937 ditias'.
1609 897 1843 937 Communia

308 970 391 997 esse
423 969 560 996 senum
593 957 726 996 studia
758 959 797 995 et
828 970 956 997 mores
989 959 1199 1008 scripserat
1240 960 1370 1010 poeta,
1403 970 1499 1008 quos
1531 959 1714 1008 inprimis
1746 958 1843 997 dicit

308 1031 390 1055 rem
429 1019 469 1055 et
504 1018 713 1067 pecuniam
752 1030 939 1067 quaerere
976 1030 1116 1068 parcos
1154 1020 1194 1056 et
1230 1020 1404 1057 tenaces:
1441 1017 1607 1056 Aristot.
1634 1018 1776 1056 rhetor.
1802 1017 1843 1056 H

309 1089 393 1127 cap.
418 1078 470 1115 13
497 1090 535 1127 p.
559 1071 700 1115 1389b
721 1078 775 1115 28
803 1089 910 1127 seqq.
929 1076 995 1116 καὶ
1012 1075 1282 1130 ἀνελεύθεροι·
1301 1077 1351 1116 ‘zv
1369 1077 1442 1130 γάρ
1462 1092 1497 1116 τι
1516 1082 1594 1116 τῶν
1614 1075 1842 1130 ἀναγκαίων

308 1134 334 1188 ἡ
373 1136 507 1188 οὐσία,
550 1135 630 1188 ἅμα
675 1133 717 1175 δὲ
760 1134 825 1175 καὶ
869 1135 935 1175 διὰ
978 1135 1051 1189 τὴν
1094 1135 1296 1189 ἐμπειρίαν
1340 1136 1469 1176 ἴσασιν
1507 1134 1559 1184 ὥς
1595 1132 1763 1189 χαλεπὸν
1799 1135 1842 1176 τὸ

308 1195 528 1247 κτήσασθαι
572 1194 638 1235 καὶ
681 1192 822 1251 ῥᾴδιον
858 1195 901 1235 τὸ
942 1194 1157 1250 ἀποβαλεῖν
1199 1196 1294 1235 Hor.
1328 1199 1401 1235 art.
1433 1198 1536 1247 poet.
1573 1198 1654 1237 169
1702 1194 1844 1235 ‘multa

309 1268 442 1295 senem
480 1257 629 1295 circum
665 1257 834 1294 ueniunt
869 1256 1138 1306 incommoda,
1175 1257 1238 1295 uel
1277 1256 1382 1306 quod
1413 1258 1569 1306 quaerit
1600 1258 1640 1294 et
1669 1257 1843 1295 inuentis

310 1317 429 1354 miser
461 1315 636 1354 abstinet
667 1328 712 1354 ac
743 1317 859 1354 timet
890 1317 962 1366 uti,
993 1317 1057 1354 uel
1089 1315 1195 1366 quod
1226 1328 1287 1355 res
1319 1318 1447 1354 omnis
1472 1316 1610 1354 timide
1636 1316 1843 1367 gelideque

309 1372 525 1414 ministrat'
580 1375 801 1414 Simonides
851 1388 913 1425 ap.
946 1375 1051 1414 Plut.
1084 1388 1134 1414 an
1179 1377 1263 1414 seni
1307 1389 1342 1427 g.
1375 1388 1404 1414 s.
1442 1389 1541 1425 resp.
1576 1377 1599 1414 5
1639 1389 1675 1425 p.
1706 1376 1787 1414 786
1809 1375 1843 1413 Β

310 1434 543 1487 Σιμωνίδης
573 1433 677 1487 ἔλεγε
707 1433 806 1487 πρὸς
837 1434 930 1482 τοὺς
960 1434 1220 1488 ἐγκαλοῦντας
1251 1434 1357 1490 αὐτῷ
1389 1435 1654 1488 φιλαργυρίαν
1682 1434 1740 1474 ὅτι
1765 1440 1842 1474 τῶν

310 1491 439 1534 ἄλλων
464 1492 775 1547 ἀπεστερημένος
795 1493 859 1533 διὰ
879 1493 921 1534 τὸ
940 1500 1063 1547 γῆρας
1083 1492 1242 1546 ἡδονῶν
1262 1493 1341 1534 ὑπὸ
1365 1500 1456 1546 μιᾶς
1475 1493 1528 1534 ἔτι
1546 1495 1844 1547 γηροβοσκεῖται

310 1559 378 1606 τῆς
409 1552 487 1593 ἀπὸ
519 1559 589 1593 τοῦ
620 1554 839 1607 κερδαίνειν
865 1549 1058 1608 (Thucyd.
1085 1555 1127 1593 II
1152 1556 1221 1604 44,
1247 1556 1272 1592 4
1299 1555 1500 1604 Aristoph.
1527 1554 1616 1593 Pac.
1646 1549 1763 1608 698).
1787 1575 1844 1580 ——

310 1626 498 1665 rugosum
530 1616 570 1652 et
600 1626 761 1664 passum
793 1614 890 1653 dicit
921 1627 1009 1653 eum
1037 1615 1106 1664 qui
1132 1614 1244 1653 audit
1269 1614 1425 1653 Terent.
1452 1614 1552 1652 Eun.
1580 1615 1664 1654 688
1700 1611 1845 1653 ‘uictus

310 1677 425 1713 uetus
455 1675 687 1713 ueternosus
718 1671 862 1713 senex’.

431 1729 540 1774 558.
572 1734 726 1773 Nonius
758 1747 803 1773 ex
835 1735 1095 1785 grammatico
1126 1748 1164 1784 p.
1186 1734 1284 1783 445,
1312 1735 1362 1772 31
1394 1731 1582 1772 ‘Multum
1613 1735 1653 1772 et
1677 1735 1774 1772 satis
1800 1745 1844 1772 eo

311 1793 461 1832 distant
488 1825 495 1832 .
517 1825 525 1832 .
547 1824 554 1832 .
582 1794 623 1832 et
646 1793 713 1832 lib.
733 1793 891 1832 XVIIII
918 1790 1118 1843 “denique
1142 1796 1187 1832 ut
1206 1824 1213 1832 .
1230 1825 1237 1832 .
1254 1824 1261 1832 .
1281 1794 1380 1832 nihil
1401 1825 1431 1832 ..
1449 1825 1455 1831 .
1476 1790 1616 1833 sint''.'
1667 1793 1844 1841 Eandem

311 1853 549 1892 sententiam
573 1855 771 1892 tractarat
795 1853 862 1892 lib.
882 1853 1012 1893 XXIX
1036 1866 1074 1891 u.
1097 1854 1196 1903 807,
1221 1853 1391 1892 similem
1416 1853 1484 1892 lib.
1504 1853 1540 1891 V
1560 1867 1597 1891 u.
1620 1853 1704 1892 203
1725 1866 1845 1903 seqq,

310 1913 378 1951 ubi
410 1913 502 1951 uide
535 1913 686 1952 adnot:
717 1913 815 1951 facit
844 1914 922 1951 huc
953 1913 1148 1963 imprimis
1174 1913 1346 1963 Turpilii
1369 1913 1478 1952 locus
1503 1913 1527 1951 l.
1554 1925 1583 1952 s.
1610 1913 1767 1952 allatus.
1788 1934 1843 1939 -—

311 1973 400 2011 Nil:
431 1972 657 2023 disyllabon
688 1972 835 2022 ubique
867 1972 973 2023 apud
998 1972 1197 2011 Lucilium
1228 1973 1336 2022 quod
1365 1985 1562 2022 nusquam
1586 1973 1645 2011 ita
1669 1972 1845 2023 positum

312 2033 366 2070 sit
396 2032 500 2070 sicut
531 2031 638 2082 apud
670 2031 893 2083 Vergilium
923 2031 1020 2070 Aen.
1046 2031 1087 2069 II
1115 2032 1197 2070 287
1234 2029 1316 2070 ‘ille
1347 2029 1482 2070 nihil’:
1515 2032 1605 2070 uide
1630 2032 1710 2070 ind.
1737 2031 1843 2070 uerb.

312 2104 340 2129 s.
362 2105 397 2129 u.
456 2091 707 2130 Contrarium
739 2093 798 2130 est
828 2092 971 2137 omnia,
1000 2091 1105 2141 quod
1131 2090 1234 2129 idem
1260 2093 1320 2130 est
1345 2093 1464 2140 atque
1491 2091 1596 2141 apud
1621 2091 1845 2141 Turpilium

312 2151 470 2199 quiduis
516 2152 614 2189 satis
663 2154 727 2190 est.
803 2151 991 2190 Imitatus
1041 2151 1101 2190 est
1143 2150 1335 2190 Horatius
1380 2163 1494 2189 serm.
1525 2150 1545 2188 I
1579 2153 1622 2199 1,
1655 2151 1707 2189 61
1736 2163 1843 2200 seqq.

315 2208 386 2248 ‘At
416 2210 519 2248 bona
551 2223 644 2260 pars
675 2211 881 2249 hominum
913 2211 1078 2261 decepta.
1120 2210 1304 2261 cupidine
1345 2211 1446 2249 falso
1480 2207 1567 2252 “nil
1605 2211 1702 2248 satis
1740 2207 1845 2259 est'’,

313 2270 462 2320 inquit,
495 2267 622 2319 “quia
653 2271 775 2320 tanti,
807 2272 1002 2320 quantum
1033 2269 1197 2320 habeas,
1229 2267 1343 2308 sis’'.’
1413 2270 1508 2309 conf
1546 2269 1669 2308 Lucil.
1707 2270 1843 2308 incert.

313 2343 350 2368 u.
380 2330 504 2368 1120.
1122 2349 1126 2352 ⁴

432 2384 543 2429 559.
569 2389 725 2429 Nonius
750 2403 789 2440 p.
810 2391 908 2440 358,
936 2392 991 2429 10
1018 2387 1194 2440 ‘Optare,
1220 2390 1373 2442 eligere.
1424 2389 1600 2428 Lucilius
1620 2391 1844 2440 satyrarum

314 2449 382 2487 lib.
402 2448 559 2487 XVIIII
598 2446 771 2489 “aurum
815 2451 875 2489 uis
912 2451 1104 2488 hominem
1139 2449 1285 2489 habeas
1318 2480 1326 2488 .
1347 2480 1354 2487 .
1376 2481 1384 2490 .
1417 2445 1611 2499 optem’'.’
1679 2449 1845 2488 Dixerat

313 2511 431 2559 poeta
469 2506 625 2559 ‘Itaque
665 2522 804 2548 aurum
841 2509 1013 2548 hominis
1051 2510 1164 2548 auari
1200 2509 1339 2548 infelix
1377 2510 1416 2547 et
1446 2509 1735 2547 infructuosum
1766 2521 1844 2547 non

313 2571 465 2619 expeto.
526 2569 664 2619 Neque
707 2582 802 2608 uero
845 2569 1044 2608 hominem
1086 2570 1217 2618 ipsum
1261 2570 1329 2618 qui
1372 2568 1492 2607 uilior
1533 2568 1587 2606 sit
1629 2580 1725 2606 auro
1763 2579 1844 2606 suo.

313 2628 417 2666 Nam
468 2628 501 2666 si
551 2629 639 2678 quis
692 2629 750 2666 ita
793 2628 1012 2679 interroget
1055 2625 1228 2667 “aurum
1270 2629 1332 2667 uis
1374 2626 1652 2666 hominemne?
1698 2627 1844 2666 habeas

312 2685 436 2727 licet'’
470 2700 584 2726 nemo
616 2701 693 2726 non
724 2688 962 2738 respondeat
995 2685 1265 2726 “Hominem‘?
1298 2688 1394 2737 quid
1418 2687 1469 2726 ad
1500 2683 1705 2726 aurum‘?”
1722 2684 1732 2701 '
1765 2688 1791 2726 i.
1812 2699 1843 2725 e.

313 2747 430 2786 homo
455 2747 556 2786 nihil
581 2750 641 2786 est
666 2747 716 2786 ad
742 2760 900 2786 aurum:
925 2748 1020 2786 conf
1040 2760 1143 2797 quae
1169 2747 1419 2797 exposuimus
1445 2747 1495 2786 ad
1520 2746 1587 2786 lib.
1607 2746 1663 2784 IX
1687 2760 1724 2784 u.
1747 2747 1843 2784 334.

314 2806 400 2845 Liu.
432 2806 642 2845 XXXVIH
674 2808 747 2857 53,
785 2808 840 2846 10
884 2804 995 2857 ‘quid
1039 2806 1090 2846 ad
1132 2807 1305 2857 primum
1347 2807 1598 2846 consulatum
1640 2805 1844 2855 secundus,

315 2867 472 2906 etiamsi
522 2879 726 2906 censuram
776 2864 971 2906 adicias?
1022 2866 1158 2916 ibique
1209 2867 1455 2916 interpretes.
1528 2866 1649 2904 Recte
1690 2865 1843 2904 Nonius

316 2923 488 2975 ‘optare,
526 2923 697 2977 eligere'.
760 2926 888 2964 Plaut.
915 2925 1015 2964 Rud.
1044 2927 1128 2964 853
1168 2923 1271 2976 ‘rapi
1306 2928 1348 2964 te
1387 2925 1544 2964 obtorto
1581 2924 1683 2964 collo
1714 2925 1842 2963 mauis

316 2997 366 3023 an
404 2984 538 3023 trahi?
599 2985 809 3024 Vtrumuis
841 2987 936 3035 opta
967 2986 1061 3024 dum
1091 2983 1199 3024 licet'
1234 2980 1399 3039 (Catull.
1424 2984 1553 3022 LXIV
1579 2982 1666 3036 82).
1707 3005 1762 3010 ——
1794 2995 1844 3022 ‘ne
