2060 3444
300 263 387 307 160
818 262 870 298 XI
892 274 928 307 μ.
957 265 1036 298 426.
1088 262 1156 303 ΧΠ
1179 274 1218 300 u.
1241 265 1322 298 427.

295 376 491 417 uocabulo
522 376 671 416 Lucilii
694 375 826 427 posito
858 377 950 427 post
981 375 1092 422 libro,
1123 389 1213 416 cum
1237 377 1430 427 scriptum
1454 376 1577 416 fuerit
1601 379 1640 416 fi.
1683 377 1836 418 Tamen
1887 406 1889 410 ι

297 436 514 477 desiderari
539 436 646 487 apud
666 435 891 476 Charisium
916 449 1124 475 numerum
1148 437 1243 476 libri
1266 436 1467 476 Luciliani
1490 438 1582 488 post
1606 439 1836 477 satureum

296 497 394 535 libro
420 499 598 547 apparet.
648 496 862 536 Praeterea
885 497 928 535 in
954 497 1087 535 codice
1111 497 1184 536 illo
1210 509 1328 547 quem
1352 498 1394 536 et
1417 496 1554 536 Dousa
1579 498 1620 536 et
1638 496 1836 538 Cauchius

296 556 566 596 adhibuerunt
602 569 810 595 numerum
854 556 949 595 libri
988 557 1111 596 fuisse
1154 557 1383 607 appositum
1431 569 1479 596 ea
1526 570 1569 596 re
1612 558 1837 608 suspicetur

296 617 463 667 aliquis,
502 616 609 666 quod
642 616 778 656 Dousa
816 616 946 655 editor
982 616 1024 655 in
1062 616 1164 655 libro
1190 616 1248 654 XI
1284 617 1420 667 posuit
1455 617 1530 655 hoc
1566 616 1836 668 fragmentum

296 689 424 727 neque
462 678 677 726 quicquam
715 676 763 715 de
799 689 964 715 numero
1001 676 1095 715 libri
1133 675 1290 715 addidit
1325 689 1452 727 neque
1491 678 1533 715 in
1577 676 1835 716 adnotatione

297 749 426 786 neque
458 736 499 774 in
531 738 817 776 commentario
849 749 976 786 neque
1009 737 1170 775 omnino
1203 737 1384 787 exposuit
1414 749 1495 787 qua
1524 750 1568 776 re
1597 738 1657 776 ita
1684 737 1832 776 fecerit

295 796 438 847 Itaque
470 795 636 835 Cauchii
668 798 852 847 excerpta
884 809 974 836 cum
1011 808 1092 836 non
1128 796 1237 835 facta
1274 797 1355 836 sint
1393 796 1442 835 ad
1479 796 1655 836 codicem
1691 797 1835 847 ipsum,

272 857 364 898 ,sed
396 857 447 895 ad
480 857 739 908 apographon
776 856 923 913 codicis
954 851 1062 910 (Keil
1088 855 1155 895 GL
1181 856 1201 894 I
1226 869 1263 907 p.
1289 851 1453 910 XXVI),
1483 869 1690 896 numerum
1720 856 1835 896 illum

295 916 455 956 Dousae
475 916 531 955 XI
556 917 661 956 male
685 917 935 956 intellectum
961 929 985 955 a
1008 917 1097 956 uiro
1124 916 1252 966 docto,
1277 917 1343 956 cui
1368 914 1564 956 Cauchius
1589 929 1661 956 sua
1685 916 1835 967 debuit,

295 977 338 1015 in
370 989 579 1015 numerum
603 977 645 1015 Π
676 975 821 1016 abiisse
852 978 1090 1016 statuemus:
1123 976 1230 1026 quod
1254 976 1372 1016 facile
1396 975 1484 1016 fieri
1507 977 1654 1027 potuit,
1684 989 1774 1017 cum
1798 976 1835 1015 X

295 1038 392 1076 nota
434 1037 561 1076 hastis
606 1038 881 1076 atramentoue
925 1036 1157 1076 coeuntibus
1199 1037 1332 1075 minus
1376 1038 1558 1076 accurate
1603 1037 1836 1092 inspicienti

295 1097 415 1136 facile
439 1097 617 1147 potuerit
642 1097 773 1136 uideri
791 1096 820 1135 I.
872 1095 1002 1142 Quare
1022 1095 1241 1136 Cauchium
1266 1096 1543 1136 tantummodo
1568 1098 1615 1135 ut
1636 1098 1833 1137 errantem

295 1169 375 1195 non
412 1159 459 1195 ut
495 1157 825 1207 interpolatorem
862 1157 1070 1196 reiciemus
1107 1157 1232 1196 tacito
1270 1156 1429 1196 Dousae
1465 1157 1696 1196 testimonio
1740 1157 1835 1196 freti

295 1219 337 1255 et
360 1216 464 1256 libro
490 1216 547 1254 XI
571 1229 732 1256 uersum
756 1216 995 1256 tribuemus:
1026 1217 1118 1255 uide
1147 1217 1199 1255 ad
1222 1216 1290 1255 lib.
1317 1216 1411 1255 XIV
1435 1230 1474 1256 u.
1502 1217 1599 1255 453.
1620 1238 1678 1244 —
1699 1216 1833 1268 Scipio

294 1277 547 1316 Aemilianus
604 1290 666 1326 ap.
699 1276 778 1316 Cic.
811 1277 858 1315 de
890 1289 970 1327 rep.
998 1272 1075 1330 (IV
1104 1278 1176 1326 10,
1206 1270 1279 1330 12)
1337 1289 1454 1326 quem
1511 1277 1643 1316 locum
1705 1277 1835 1316 adfert

294 1337 546 1389 Augustinus
583 1337 631 1375 de
669 1338 744 1376 ciu.
771 1336 835 1375 dei
859 1336 900 1375 H
927 1338 951 1375 9
993 1333 1106 1375 ‘dicit
1148 1336 1290 1376 deinde
1331 1337 1430 1375 alia·
1449 1338 1490 1375 et
1532 1337 1589 1376 sic
1633 1336 1834 1376 concludit

293 1396 399 1436 hunc
429 1397 561 1435 locum
587 1398 633 1435 ut
657 1396 843 1436 ostendat
867 1396 1068 1435 ueteribus
1097 1396 1346 1447 displicuisse
1370 1396 1561 1435 Romanis
1587 1397 1652 1435 uel
1676 1397 1834 1436 laudari

296 1469 538 1507 quemquam
569 1457 611 1494 in
643 1469 786 1496 scaena
816 1457 956 1495 uiuum
986 1456 1187 1495 hominem
1218 1456 1284 1495 uel
1314 1452 1563 1506 uituperari'.
1615 1469 1681 1495 mas
1704 1457 1834 1505 facere

294 1516 400 1555 idem
426 1517 507 1555 fere
534 1528 580 1554 ac
605 1517 851 1567 uituperare:
879 1517 1018 1555 attulit
1043 1516 1180 1555 Dousa
1205 1516 1327 1555 Ennii
1351 1528 1510 1555 uersum
1534 1511 1689 1569 (incert.
1716 1511 1831 1571 lOV)

295 1589 358 1627 ap.
379 1575 601 1616 Varronem
627 1576 675 1615 de
701 1576 726 1615 l.
746 1576 791 1615 L.
810 1576 890 1614 VII
913 1578 992 1616 101
1031 1573 1172 1627 ‘neque
1198 1578 1244 1615 ut
1268 1577 1384 1615 aiunt
1408 1589 1476 1614 mu
1502 1576 1631 1615 facere
1656 1573 1833 1616 audent':

293 1637 401 1675 idem
439 1632 596 1690 (incert.
625 1632 718 1690 9V)
751 1650 814 1686 ap.
847 1636 992 1675 Donat.
1019 1636 1070 1675 ad
1096 1636 1182 1675 Ter.
1209 1635 1333 1675 Andr.
1359 1635 1420 1675 III
1447 1637 1492 1685 2,
1519 1636 1574 1675 25
1614 1633 1702 1675 ‘nec
1743 1637 1832 1676 dico

294 1709 366 1735 nec
392 1697 497 1736 facio
522 1693 660 1748 <mu>'
694 1695 764 1735 ubi
789 1696 937 1735 excidit
967 1696 1206 1735 uocabulum
1236 1697 1279 1735 in
1311 1696 1410 1736 codd
1440 1697 1544 1735 sicut
1574 1696 1616 1735 in
1645 1696 1832 1747 Neapoli-

293 1758 389 1795 tano
421 1755 603 1796 Charisii.
841 1758 844 1761 ’

994 2010 1117 2066 XII.

414 2109 524 2156 427.
559 2115 721 2155 Seruius
746 2117 885 2155 auctus
911 2116 963 2155 ad
986 2115 1185 2155 Aeneidos
1209 2115 1251 2154 II
1279 2117 1331 2155 77
1367 2112 1519 2172 ‘Fuerit
1544 2115 1829 2166 quodcumque.

295 2205 304 2215 .
324 2205 333 2214 .
355 2205 363 2214 .
389 2188 484 2215 sane
517 2173 855 2227 “quodcumque''
889 2178 1049 2216 uetusta
1073 2188 1169 2216 uoce
1200 2178 1368 2215 mortem
1405 2175 1622 2228 significari
1651 2175 1829 2215 Lucilius

294 2236 410 2275 docet
439 2237 482 2274 in
507 2235 585 2274 XII
619 2232 755 2274 “hunc
775 2267 783 2274 .
806 2267 814 2274 .
836 2267 843 2275 .
863 2233 1051 2286 fuisset”,
1081 2236 1156 2283 hoc
1187 2238 1247 2275 est
1277 2237 1312 2275 si
1342 2249 1448 2276 mors
1479 2235 1543 2274 uel
1573 2248 1637 2274 me
1661 2236 1726 2274 uel
1750 2236 1829 2275 fra·

292 2298 396 2334 trem
428 2293 716 2347 oppressisset'.
766 2296 993 2336 Admodum
1023 2296 1244 2346 probabilis
1275 2299 1335 2336 est
1358 2295 1403 2334 L.
1422 2296 1606 2335 Muelleri
1632 2297 1830 2335 sententia

293 2355 494 2394 Lucilium
537 2356 585 2394 de
628 2357 715 2395 uita
758 2368 830 2395 sua
866 2356 941 2396 hoc
982 2369 1099 2395 uersu
1142 2357 1269 2407 egisse
1312 2356 1561 2406 suspicantis.
1628 2355 1830 2395 Lauda'uit

292 2415 419 2467 igitur
449 2417 624 2455 tutorem
656 2429 774 2466 quem
804 2418 920 2466 pater
950 2416 1113 2455 dederat
1137 2415 1310 2455 fidelem:
1344 2416 1484 2466 quodsi
1508 2415 1685 2455 Lucilius
1710 2417 1830 2467 poeta

293 2477 457 2526 eiusque
488 2476 614 2514 frater
643 2477 759 2526 pueri
788 2477 938 2516 mortui
972 2477 1103 2515 essent
1139 2477 1262 2526 stirpe
1299 2488 1379 2515 non
1414 2476 1572 2524 relicta,
1609 2475 1675 2515 hic
1710 2476 1828 2515 homo

294 2547 474 2574 sororum
504 2548 589 2574 rem
620 2536 862 2575 familiarem
892 2537 1020 2586 patris
1052 2536 1260 2578 uoluntate
1294 2537 1500 2585 totamque
1538 2535 1700 2574 domum
1734 2534 1828 2574 fide-

292 2595 386 2634 liter
417 2595 746 2635 administrasset.
797 2595 841 2634 Si
872 2595 970 2646 quid
999 2596 1153 2644 fuisset,
1183 2597 1209 2636 i.
1235 2609 1267 2634 e.
1294 2597 1329 2635 si
1360 2595 1456 2645 quid
1486 2595 1584 2634 mali
1609 2595 1828 2645 accidisset,

292 2656 339 2693 ut
369 2655 545 2706 Thucyd.
572 2655 613 2694 II
641 2657 708 2705 74,
735 2656 759 2694 3
799 2653 851 2706 ἤν
887 2670 923 2694 τι
959 2660 1150 2709 ποιῶμεν·
1195 2653 1386 2707 εὐφήμως
1421 2667 1494 2705 pro
1530 2651 1583 2706 ἤν
1626 2669 1662 2693 τι
1705 2653 1827 2694 κακὸν

212 2756 217 2760 ,
293 2712 421 2765 αὐτὴν
440 2720 629 2767 ποιῶμεν,
647 2715 764 2754 Plato
784 2715 936 2753 MeneX.
955 2730 993 2766 p.
1015 2716 1098 2754 246
1115 2714 1143 2754 C
1164 2713 1204 2754 εἴ
1216 2730 1251 2754 τι
1270 2714 1455 2767 πάσχοιεν
1475 2714 1553 2753 Cic.
1569 2714 1681 2754 Tusc.
1699 2714 1722 2752 I
1741 2715 1826 2757 104

294 2771 344 2814 ‘si
376 2774 473 2824 quid
499 2771 734 2814 accidisset'.
784 2775 937 2814 Ennius
963 2784 1053 2815 ann.
1082 2775 1214 2814 125V
1240 2771 1389 2824 ‘siquid
1413 2788 1475 2813 me
1500 2775 1623 2813 fuerit
1645 2774 1826 2813 humani·

291 2835 357 2873 tus
380 2835 426 2872 ut
444 2831 630 2874 teneatis'
653 2829 823 2888 (Heyius
844 2835 992 2874 archiu.
1017 2835 1202 2887 lexicogr.
1221 2834 1308 2873 Lat.
1327 2835 1385 2873 IX
1403 2848 1442 2885 p.
1464 2835 1547 2873 456
1574 2833 1632 2872 ΧΙ
1649 2847 1687 2884 p.
1709 2828 1825 2887 524).

292 2893 352 2932 De
384 2894 563 2933 ablatiuo
595 2894 686 2933 uide
716 2895 953 2945 interpretes
980 2894 1030 2933 ad
1054 2894 1191 2933 Plauti
1216 2894 1324 2933 Trin.
1353 2895 1448 2932 157.
1497 2894 1651 2932 Reuera
1676 2893 1826 2932 diutius

292 2954 408 3003 pater
441 2955 583 3004 poetae
614 2966 747 3005 sospes
786 2955 865 2992 fuit
900 2967 972 2993 nec
1001 2954 1181 2994 Lucilius
1218 2966 1262 2992 eo
1299 2956 1452 2993 rectore
1489 2952 1650 2993 orbatus
1687 2954 1749 2992 est
1782 2954 1826 3001 in

291 3013 423 3064 prima
453 3014 637 3063 pueritia.
