2060 3444
847 236 898 273 VI
923 249 962 275 u.
987 240 1188 273 231—238.
1740 237 1798 280 93

246 352 364 406 Ergo,
385 345 595 405 'significat
630 348 841 392 Horatius’
875 365 906 392 e.
929 365 964 403 q.
986 365 1016 392 s.
1078 351 1213 392 Verba
1250 364 1363 402 quem
1399 352 1537 402 rapwit
1571 349 1716 403 Apollo
1753 354 1799 392 ut

245 413 443 466 glossema
485 414 593 452 recte
637 413 754 452 eiecit
790 412 1089 463 Lachmannus,
1134 424 1222 463 erqo
1269 412 1558 464 Porphyrionis
1597 415 1674 464 est,
1717 426 1798 453 non

244 473 404 513 Lucilii.
459 472 572 512 Idem
601 473 706 512 illud
737 471 955 526 ἐξήρπασεν
980 474 1128 512 mirum
1155 475 1214 512 est
1241 473 1348 524 quod
1372 473 1460 512 loco
1486 473 1628 512 Iliadis
1652 474 1689 512 Y
1711 474 1795 513 443

244 532 411 573 Homeri
448 533 570 572 habet
610 533 685 572 cod
715 532 1047 574 Vindobonensis.
1110 534 1209 572 Fiat
1245 533 1444 584 quomodo
1482 534 1799 587 intellegendum

245 595 300 634 sit
337 607 357 632 e
389 593 582 645 Pompilii
619 606 738 634 uersu
776 594 907 633 elucet
943 605 1005 644 ap.
1033 592 1149 632 Varr.
1176 593 1213 632 d.
1239 594 1335 646 ling.
1362 593 1407 632 L.
1428 593 1508 633 VH
1536 594 1590 633 28
1626 591 1698 634 ‘sic
1729 594 1799 634 fiet

247 649 324 709 (ita
354 649 443 709 cod)
471 650 647 693 “mutua
677 650 839 693 muli’'.'
896 653 1040 704 Itaque
1066 653 1322 694 scribendum
1355 650 1488 706 ‘<nil>
1516 656 1563 693 ut
1588 654 1798 706 discrepet,

246 727 293 754 ac
331 710 432 754 “τὸν
470 709 508 754 δ’
539 712 754 768 ἐξήρπαξεν
781 708 1015 754 Ἀπόλλων”
1054 711 1141 753 fiat'
1182 727 1284 765 quae
1321 714 1397 753 hoc
1434 714 1553 754 modo
1592 715 1797 766 suppleas:

248 771 346 814 ‘iam
377 775 499 814 miser
535 776 652 826 optat
688 775 808 815 homo
847 774 994 814 celebri
1030 775 1129 814 haec
1159 775 1223 814 illi
1253 774 1441 814 Hectoris
1472 788 1631 828 pugnae
1663 776 1722 814 nil
1752 778 1799 814 ut

245 835 444 886 discrepet
481 847 528 874 ac
567 832 668 875 “τὸν
705 831 744 875 δ’
766 833 983 888 ἐξήρπαξεν
1017 830 1250 875 Ἀπόλλων”
1289 835 1378 874 fiat:
1416 835 1475 875 ita
1513 836 1620 875 enim
1652 837 1798 889 pugnis

245 897 285 935 et
315 895 489 935 fustibus
521 897 608 935 erat
638 896 744 935 male
775 892 1002 936 mulcatus'.

367 950 480 997 233.
523 956 680 996 Nonius
716 969 754 1007 p.
782 957 888 1007 498,
923 958 947 995 7
1001 953 1235 996 ‘Genetiuus
1287 957 1442 1007 positus
1486 969 1559 1008 pro
1605 956 1797 996 ablatiuo.

246 1048 254 1056 .
276 1046 284 1054 .
306 1047 314 1055 .
340 1015 521 1056 Lucilius
546 1018 775 1068 satyrarum
799 1016 868 1057 lib.
890 1016 949 1055 VI
976 1013 1170 1056 “hortare
1192 1048 1199 1054 .
1222 1047 1229 1054 .
1253 1048 1260 1054 .
1281 1019 1391 1067 capis
1417 1014 1590 1056 ortiri’'.'
1627 1017 1799 1057 Versum

245 1076 525 1116 Lachmannus
569 1077 816 1117 emendauit:
868 1077 965 1116 conf
1003 1077 1127 1116 Ennii
1176 1077 1449 1129 fragmentum
1494 1072 1546 1132 (T
1554 1072 1654 1116 RF⁸
1698 1079 1796 1118 328.

247 1137 332 1176 329
365 1150 403 1188 p.
427 1138 479 1176 71
502 1131 556 1191 R)
591 1134 717 1177 ‘meae
750 1139 835 1177 tam
866 1138 973 1188 potis
1010 1138 1122 1189 pacis
1154 1135 1306 1188 potiri'.
1371 1138 1536 1178 Sextum
1568 1140 1799 1178 saturarum

244 1196 394 1236 librum
430 1198 551 1237 sicuti
589 1199 776 1249 quintum
813 1198 1007 1249 epistulas
1044 1197 1233 1238 habuisse
1272 1211 1319 1238 ex
1350 1198 1531 1238 uersibus
1567 1200 1664 1239 230.
1699 1200 1797 1239 233.

244 1258 340 1297 licet
382 1258 633 1311 intellegere:
676 1259 752 1298 hoc
794 1271 915 1299 uersu
952 1259 1138 1298 rescribit
1174 1259 1296 1310 poeta
1334 1260 1464 1299 amico
1504 1259 1705 1310 hortanti,
1748 1273 1798 1299 ne

245 1319 471 1370 cunctetur,
509 1319 544 1358 si
580 1319 747 1358 iUorum
783 1319 826 1358 in
863 1320 1039 1372 gratiam
1069 1319 1281 1358 hominum
1311 1321 1440 1371 possit
1470 1320 1613 1371 redire,
1647 1321 1717 1371 qui
1748 1320 1798 1359 ab

245 1390 286 1418 se
323 1380 439 1418 erant
479 1379 657 1419 alienati.
725 1380 897 1419 Illorum
926 1392 1015 1430 pax
1052 1379 1202 1419 dicitur
1238 1380 1360 1419 sicuti
1389 1392 1498 1420 meae
1522 1382 1640 1430 pacis
1671 1381 1697 1420 1.
1718 1393 1747 1420 s.
1768 1393 1798 1421 s.

245 1439 353 1490 apud
395 1439 588 1491 Ennium,
625 1451 728 1490 pace
770 1442 841 1480 tua
885 1440 993 1491 apud
1029 1440 1159 1480 Plaut.
1192 1440 1294 1479 Rud.
1330 1441 1414 1481 698
1453 1441 1540 1480 Ter.
1574 1442 1677 1480 Eun.
1711 1442 1796 1480 466

245 1498 325 1538 Cic.
346 1500 460 1540 Tusc.
480 1500 519 1538 V
546 1500 584 1551 5,
613 1501 680 1541 12.

367 1554 477 1601 234.
520 1560 677 1600 Nonius
721 1573 769 1600 ex
812 1561 1076 1614 grammatico
1114 1574 1152 1611 p.
1184 1561 1287 1612 160,
1322 1562 1346 1600 8
1393 1557 1554 1600 ‘Porcet
1596 1561 1799 1614 significat

244 1619 441 1670 prohibet.
481 1650 489 1659 .
512 1651 519 1659 .
542 1652 549 1659 .
575 1620 755 1660 Lucilius
792 1621 861 1660 lib.
881 1621 941 1660 VI
980 1618 1093 1660 “non
1128 1652 1136 1660 .
1165 1652 1172 1659 .
1202 1652 1208 1659 .
1241 1618 1468 1672 porcent”.'
1538 1622 1798 1662 Memorabile

247 1681 308 1719 est
337 1680 737 1732 homoeoprophoron
768 1683 861 1732 post
892 1694 1108 1721 caesuram.

368 1735 479 1781 235.
512 1740 676 1781 Seruius
709 1743 849 1781 auctus
883 1741 934 1781 ad
963 1741 1164 1782 Aeneidos
1189 1742 1211 1780 I
1239 1743 1292 1781 76
1328 1739 1496 1793 ‘Optare
1525 1755 1606 1782 non
1636 1743 1798 1782 tantum

247 1801 394 1853 eligere
414 1801 627 1854 significat,
652 1803 698 1841 ut
717 1802 817 1841 alibi
838 1798 1109 1853 “optauitque
1136 1802 1270 1841 locum
1288 1799 1445 1855 regno''
1468 1797 1586 1856 (Aen.
1600 1803 1664 1842 HI
1680 1798 1798 1858 109),

246 1860 316 1900 sed
358 1862 482 1900 etiam
514 1862 636 1912 uelle,
678 1863 726 1901 ut
762 1862 837 1902 hoc
874 1862 980 1912 loco,
1026 1862 1123 1913 quid
1155 1863 1281 1914 optes,
1313 1863 1412 1914 quid
1441 1863 1554 1903 uelis.
1617 1863 1797 1903 Lucilius

245 1921 289 1960 in
319 1920 378 1960 VI
410 1918 539 1971 “qwid
567 1923 702 1973 ipsum
732 1923 863 1962 facere
896 1920 1055 1974 optes”,
1086 1922 1137 1962 id
1161 1925 1221 1962 est
1245 1920 1375 1962 uelis.'
1426 1923 1632 1976 Vergilius
1659 1938 1696 1963 u.
1717 1937 1746 1964 s.
1768 1937 1797 1964 s.

248 1978 374 2031 ‘tuus,
414 1994 437 2021 o
469 1983 627 2034 regina,
663 1982 761 2033 quid
796 1984 926 2034 optes,
959 1984 1166 2034 explorare
1202 1980 1346 2034 labor',
1380 1983 1526 2023 Catull.
1551 1984 1719 2023 LXXVI
1741 1985 1795 2024 25

249 2038 350 2092 ‘ipse
381 2042 516 2081 ualere
548 2044 644 2093 opto
677 2044 717 2082 et
747 2045 924 2083 taetrum
953 2044 1060 2083 hunc
1092 2043 1288 2095 deponere
1319 2041 1531 2083 morbum’.

368 2097 478 2143 236.
510 2102 666 2142 Nonius
697 2117 737 2154 p.
759 2104 857 2154 500,
886 2105 938 2143 21
976 2100 1207 2144 ‘Ablatiuus
1232 2117 1306 2156 pro
1333 2106 1520 2157 genetiuo
1548 2099 1646 2159 (add
1671 2105 1797 2144 Lach-

246 2174 434 2202 mannus:
464 2164 530 2202 uel
558 2158 725 2218 datiuo).
760 2194 768 2202 .
791 2195 798 2202 .
820 2195 828 2202 .
854 2163 962 2203 idem
985 2164 1053 2204 lib.
1074 2164 1134 2204 VI
1160 2161 1228 2204 “et
1257 2165 1299 2204 id
1327 2197 1333 2203 .
1357 2196 1364 2204 .
1387 2197 1394 2204 .
1420 2166 1557 2216 reique
1582 2162 1795 2205 resistit’'.'

246 2222 379 2272 Reque
409 2223 448 2262 L
478 2236 529 2262 m.
559 2226 583 2262 1
621 2223 767 2263 habere
811 2225 944 2265 uisum
984 2226 1045 2265 est
1080 2225 1284 2265 Muellero.
1356 2225 1592 2277 significare
1636 2226 1799 2265 uidetur

245 2284 365 2334 poeta
407 2283 451 2322 id
494 2283 604 2334 quod
635 2283 845 2324 didicimus
883 2284 1108 2336 studiisque
1145 2285 1379 2325 liberalibus
1418 2285 1532 2325 nobis
1570 2287 1797 2338 peperimus

248 2342 354 2393 quod
391 2343 505 2383 nobis
545 2340 716 2384 ‘auferre
754 2357 835 2384 non
870 2347 999 2397 possit
1035 2346 1115 2385 nisi
1152 2342 1293 2386 Orcus'
1338 2341 1515 2400 (Petron.
1543 2341 1632 2401 46).
1697 2345 1802 2387 Gonf

247 2402 518 2456 apopthegma
554 2404 663 2455 apud
694 2405 811 2458 Diog.
836 2405 970 2445 Laert.
989 2405 1028 2444 V
1056 2407 1109 2445 19
1148 2404 1223 2458 τὴν
1259 2406 1445 2446 παιδείαν
1482 2405 1611 2460 ἔλεγεν
1648 2405 1692 2446 ἐν
1725 2404 1797 2459 μὲν

247 2465 332 2511 ταῖς
368 2461 564 2516 εὐτυχίαις
599 2459 702 2504 εἶναι
738 2464 909 2518 κόσμον,
946 2464 990 2506 ἐν
1028 2463 1070 2506 δὲ
1101 2469 1187 2514 ταῖς
1218 2464 1396 2519 ἀτυχίαις
1426 2466 1664 2520 καταφυγήν
1697 2463 1796 2521 (Cic.

246 2535 320 2574 pro
353 2522 469 2563 Arch.
493 2519 580 2579 16).
637 2526 673 2565 et
707 2526 751 2564 in
789 2527 899 2566 exitu
938 2539 1077 2566 uersus
1109 2528 1156 2566 ut
1186 2527 1256 2566 lib.
1275 2527 1373 2565 XVI
1397 2541 1436 2566 u.
1460 2527 1564 2566 522:
1596 2527 1690 2566 uide
1716 2527 1795 2567 ind.

249 2595 415 2635 gramm.
442 2597 471 2624 s.
491 2598 529 2623 u.
554 2586 847 2636 monosyllabon
879 2587 919 2625 et
948 2587 1222 2637 hendiadyom

370 2638 482 2684 238.
520 2644 675 2685 Nonius
711 2659 750 2696 p.
773 2646 847 2696 68,
875 2647 928 2685 29
974 2643 1222 2687 ‘Abstemius
1250 2678 1287 2686 ..
1311 2678 1318 2686 .
1350 2647 1528 2687 Lucilius
1567 2649 1797 2698 satyrarum

249 2702 316 2742 lib.
336 2703 396 2742 VI
440 2701 729 2745 “thaumomeno
771 2706 906 2756 inquit
950 2701 1029 2761 (ita
1072 2705 1293 2757 Guelferb.,
1342 2708 1605 2748 thaunumeno
1657 2708 1798 2757 mquid

248 2759 474 2818 Leidensis)
504 2765 632 2804 ualua
658 2796 666 2803 .
688 2796 695 2803 .
718 2795 726 2804 .
754 2763 927 2805 audit''.'
981 2765 1253 2807 *Consentiunt
1282 2767 1562 2807 Lachmannus
1594 2768 1796 2819 Hauptius

251 2818 402 2878 (opusc.
427 2824 449 2862 I
472 2838 511 2875 p.
534 2819 639 2879 201)
666 2825 710 2864 L.
730 2825 947 2866 Muellerus
971 2826 1171 2866 balbutire
1197 2827 1406 2867 mulierem
1430 2829 1491 2867 ita
1515 2829 1562 2867 ut
1586 2831 1619 2867 θ
1636 2829 1797 2868 litterae

250 2883 413 2923 delicias
451 2884 687 2925 adfectaret:
725 2898 969 2937 quamquam
1007 2889 1047 2926 et
1083 2887 1158 2927 hoc
1194 2887 1504 2927 incertissimum
1543 2889 1584 2927 et
1615 2901 1662 2927 ea
1694 2902 1797 2939 quae

249 2955 416 2997 posuere
458 2944 602 2997 Θαῦμα
642 2942 714 2997 μέν
751 2947 899 2985 similia
936 2947 1086 2986 nemini
1128 2947 1358 2998 placebunt.
1426 2947 1562 2999 Atque
1602 2947 1798 2988 Graecum

249 3003 491 3043 uocabulum
521 3004 697 3044 ‘restitui
752 3009 935 3057 oportere
990 3009 1132 3059 utique
1181 3008 1436 3058 concesseris;
1493 3008 1562 3048 sed
1611 3009 1796 3059 inprimis
