2060 3444
312 276 396 323 192
898 274 966 314 XV
989 291 1024 314 u.
1053 278 1251 314 514—515.

308 393 414 444 apud
444 393 642 432 Lucilium
672 394 794 432 istum
831 393 1032 431 hominem
1069 392 1205 431 eodem
1242 392 1359 432 modo
1397 405 1509 432 ecum
1545 390 1698 433 dolasse
1735 389 1840 433 fuste

309 454 411 492 sicut
442 453 548 503 apud
579 452 794 491 Horatium
823 452 1048 491 cerebrosus
1078 452 1147 491 ille
1178 452 1310 491 mulae
1340 454 1564 502 nautaeque
1593 453 1727 503 capita
1752 452 1840 492 dor-

309 513 527 551 mientium.
590 512 716 551 Docet
746 511 964 562 Xenophon
1002 511 1049 550 de
1086 525 1128 551 re
1160 513 1329 562 equestr.
1354 511 1413 550 VI
1440 513 1492 551 13
1531 511 1574 552 τὸ
1613 509 1655 551 ὁὲ
1693 511 1840 563 μήποτε

311 571 385 611 dim
418 569 515 628 ὀργῇ
546 575 598 626 τῷ
626 571 732 628 ἵππῳ
763 569 1060 625 προσφέρεσθαι
1086 571 1135 610 ἲν
1166 577 1279 610 τοῦτο
1310 569 1376 610 καὶ
1408 569 1578 624 δίδαγμα
1604 570 1669 610 καὶ
1694 569 1839 623 ἕθισμα

310 630 407 683 πρὸς
439 631 561 670 ἵππον
593 629 762 684 ἄριστον.
812 629 1060 684 ἀπρονόητον
1090 629 1164 684 γὰρ
1195 628 1220 682 ἡ
1253 628 1362 684 ὀργή,
1395 630 1487 670 ὥστε
1518 630 1703 678 πολλάκις
1739 629 1842 684 ἐξερ-

309 691 460 744 γάζεται
493 685 548 730 ὧν
580 690 802 743 μεταμέλειν
834 689 997 744 ἀνάγκη.

430 745 539 790 515.
572 751 725 790 Nonius
751 765 788 801 p.
817 751 914 800 537,
942 751 966 789 9
995 747 1188 788 ‘Paenula
1214 752 1273 789 est
1298 751 1420 789 uestis
1447 763 1566 800 quam
1592 762 1713 800 supra
1736 750 1840 789 tuni÷

310 823 397 849 cam
436 811 662 860 accipimus.
697 842 704 848 .
733 841 740 848 .
769 841 775 848 .
802 810 980 850 Lucilius
1025 811 1250 860 satyrarum
1287 810 1354 848 lib.
1380 809 1454 848 XV
1492 806 1734 858 “paenulam
1762 841 1769 848 .
1797 839 1806 847 .
1833 839 1841 848 .

309 871 443 909 utilior
485 870 584 908 mihi
627 883 748 920 quam
793 867 1011 920 sapiens’'.'
1087 869 1279 919 Paenula,
1330 882 1430 919 quae
1474 868 1621 908 Graece
1671 868 1843 919 φαινόλα

266 953 269 955 -
312 930 538 980 appellatur
569 930 618 969 ab
645 930 871 969 Rhinthone
897 925 940 982 (7
970 924 1175 983 Kaibelii),
1206 930 1420 968 utebantur
1445 928 1495 967 ad
1520 928 1685 967 imbrem
1711 928 1843 967 defen-

311 989 494 1028 dendum.
544 989 696 1028 Attulit
727 989 862 1029 Dousa
890 989 1017 1028 Varro
1043 989 1215 1039 Menipp.
1245 988 1374 1027 571ss
1408 985 1501 1027 ‘non
1534 988 1758 1039 quaerenda
1783 990 1843 1026 est

311 1050 474 1098 homini,
513 1050 580 1099 qui
613 1049 731 1087 habet
762 1050 952 1087 uirtutem
983 1050 1156 1099 paenula
1187 1050 1229 1087 in
1263 1045 1424 1087 imbri?
1470 1048 1573 1086 idem
1605 1047 1842 1087 uocabulum

313 1107 508 1160 φαινόλης
533 1111 642 1147 extat
666 1109 706 1146 in
732 1110 990 1159 inscriptione
1016 1122 1039 1147 a
1066 1107 1133 1147 Ch.
1154 1108 1352 1147 Huelseno
1378 1108 1485 1146 edita
1504 1107 1638 1146 Roem.
1658 1107 1843 1146 Mittheil.

311 1169 367 1206 XI
397 1169 508 1207 1896
535 1182 572 1218 p.
601 1169 684 1207 248
718 1168 785 1206 ubi
818 1169 969 1207 editum
1001 1170 1060 1207 est
1097 1170 1290 1219 φαμολης.
1352 1168 1411 1205 De
1449 1167 1579 1206 uerbis
1616 1169 1651 1205 si
1688 1168 1844 1216 quaeris

312 1229 462 1278 primus
489 1230 571 1279 egit
596 1227 699 1266 idem
725 1228 876 1267 Dousa:
909 1228 1046 1266 attulit
1073 1227 1218 1266 Lucilii
1243 1229 1380 1266 incert.
1407 1241 1442 1266 u.
1474 1228 1598 1277 1123,
1626 1226 1703 1266 Cic.
1730 1227 1843 1277 epist.

313 1288 362 1326 ad
395 1288 505 1326 Brut.
533 1287 573 1325 II
601 1289 638 1337 5,
665 1289 690 1325 4
731 1285 831 1326 ‘Hoc
869 1300 1005 1338 cogere
1044 1287 1204 1326 uolebat
1240 1287 1362 1326 falsas
1400 1288 1554 1325 litteras
1593 1298 1675 1324 esse
1713 1289 1769 1336 et,
1810 1287 1844 1325 si

313 1348 489 1397 quaeris,
521 1344 743 1397 probabat’3
775 1347 822 1385 de
854 1350 954 1386 orat.
981 1347 1020 1385 II
1049 1348 1132 1385 254
1168 1344 1253 1396 ‘Et,
1285 1348 1319 1385 si
1351 1347 1540 1396 quaeritis
1576 1340 1685 1399 (uide
1718 1345 1841 1384 Lucil.

316 1407 382 1445 lib.
409 1407 465 1445 IV
492 1420 528 1445 u.
560 1401 681 1460 153),
712 1409 746 1446 is
779 1408 847 1456 qui
879 1407 1105 1457 appellatur
1135 1406 1249 1444 dicax
1285 1407 1359 1444 hoc
1396 1417 1536 1457 genere
1574 1406 1843 1444 maxime'ex-

313 1464 443 1505 cellet’
467 1465 581 1505 Ouid.
602 1467 719 1504 Trist.
740 1467 760 1504 1
784 1469 819 1515 1,
843 1467 924 1505 123
953 1464 1089 1504 ‘Plura
1115 1466 1273 1516 quidem
1298 1465 1486 1504 mandare
1508 1465 1595 1515 tibi,
1620 1466 1655 1503 si
1675 1465 1844 1514 quaeris,

312 1523 519 1564 habebam'
567 1521 693 1579 (Fast.
726 1526 787 1564 III
823 1521 936 1579 183).
1018 1525 1122 1564 Conf
1167 1527 1372 1576 praeterea
1415 1523 1493 1563 Cic.
1526 1524 1573 1562 de
1605 1524 1667 1563 off.
1700 1524 1761 1562 III
1787 1525 1843 1562 80

314 1587 426 1636 epist.
453 1585 531 1623 VII
560 1588 596 1635 1,
624 1587 661 1623 2.
712 1584 811 1624 Cato
844 1585 890 1623 de
924 1586 1010 1636 agri
1041 1586 1133 1624 cult.
1164 1587 1199 1634 1,
1229 1586 1250 1622 7
1287 1582 1509 1635 ‘praedium
1541 1583 1646 1633 quod
1671 1585 1844 1635 primum

315 1647 391 1684 siet
422 1646 455 1684 si
487 1658 549 1684 me
580 1645 758 1696 rogabis,
795 1646 851 1683 sic
883 1642 1039 1683 dicam’.
1103 1643 1296 1683 Similiter
1326 1644 1420 1692 quid
1451 1644 1634 1692 quaeris?
1685 1642 1763 1682 cie.
1796 1643 1846 1681 ad

314 1706 398 1744 Att.
425 1705 465 1743 II
494 1707 531 1754 1,
559 1707 582 1743 2
618 1702 735 1750 ‘Quid
768 1703 951 1754 quaeris?
995 1704 1231 1744 conturbaui
1262 1703 1452 1742 Graecam
1483 1700 1713 1742 nationem':
1755 1702 1845 1741 uide

315 1765 364 1803 ad
398 1765 465 1803 lib.
491 1764 600 1803 XXX
626 1779 662 1803 u.
693 1765 817 1803 1005.
843 1786 902 1791 -
928 1763 1036 1809 Quae
1068 1763 1282 1803 utilissima
1314 1765 1407 1802 sunt
1431 1763 1582 1802 homini
1606 1775 1725 1813 parco
1751 1775 1844 1801 enu-

314 1827 443 1863 merat
459 1825 527 1863 ille
547 1826 617 1874 qui
635 1824 929 1874 philosophiam
948 1825 1183 1863 contemnitz
1208 1823 1379 1874 paenula
1398 1823 1449 1861 ad
1473 1823 1650 1872 imbrem,
1674 1824 1845 1874 segestro

315 1879 594 1938 (Bluemnerus
627 1884 676 1922 ad
708 1883 834 1923 Edict.
861 1884 1028 1922 Dioclet.
1055 1883 1154 1922 Vm
1181 1884 1234 1921 42
1261 1896 1298 1933 p.
1330 1878 1432 1936 125)
1465 1881 1517 1920 ad
1550 1883 1676 1934 frigus
1713 1881 1844 1921 defen-

314 1944 485 1982 dendum
523 1943 629 1993 quod
667 1941 858 1996 στέγασμα
896 1944 1041 1981 uocant
1071 1942 1197 1982 Attici
1229 1937 1438 1996 (Wilhelm
1469 1941 1648 1981 Jahresh.
1681 1941 1717 1980 d.
1750 1943 1844 1980 oest.

313 2003 409 2042 Inst.
435 2003 514 2041 VH
544 2003 655 2041 1904
682 2016 718 2052 p.
748 1997 841 2056 95):
880 2002 1080 2041 cantherio
1119 2014 1197 2040 uno
1235 2003 1362 2040 utitur
1398 2003 1513 2052 pater
1550 2001 1724 2040 familias
1758 1999 1844 2040 cat.

315 2062 362 2101 de
391 2076 471 2113 agr.
499 2062 591 2101 cult.
622 2063 718 2111 149,
747 2064 769 2100 2
803 2064 901 2101 orat.
935 2062 1075 2113 fragm.
1107 2075 1145 2112 p.
1174 2062 1240 2110 58,
1271 2063 1323 2100 10
1342 2061 1464 2110 Iord.,
1495 2060 1647 2100 accedit
1687 2072 1845 2099 seruus:

316 2122 471 2171 sapiens
509 2124 569 2161 est
605 2121 864 2171 philosophus
902 2123 947 2159 ut
976 2121 1072 2160 Hor.
1098 2133 1211 2159 serm.
1237 2121 1258 2158 I
1283 2122 1322 2169 4,
1351 2121 1433 2159 115
1480 2117 1670 2170 ‘sapiens,
1712 2120 1845 2158 uitatu

316 2181 488 2231 quidque
514 2182 644 2231 petitu
676 2182 728 2220 sit
752 2181 893 2219 melius
919 2193 1057 2220 causas
1081 2179 1219 2219 reddet
1242 2177 1345 2218 tibi'.
1397 2178 1563 2219 Centum
1587 2179 1843 2230 philosophos

315 2243 426 2279 curto
453 2243 631 2280 centusse
657 2241 799 2280 licetur
824 2242 1000 2280 centurio
1026 2240 1154 2279 Persii
1178 2240 1214 2278 V
1243 2240 1338 2288 190,
1370 2252 1586 2289 numquam
1611 2250 1693 2278 sese
1717 2238 1843 2289 philo-

315 2300 483 2351 sophum
512 2300 667 2340 audisse
693 2301 888 2352 gloriatur
913 2299 1152 2339 Trimalchio
1177 2299 1355 2339 Petronii
1383 2301 1433 2338 71
1451 2301 1546 2338 extr.
1605 2299 1742 2338 Vtilim·
1766 2310 1844 2337 non

315 2361 442 2411 magis
474 2360 656 2399 mirabile
689 2362 749 2399 est
781 2373 901 2410 quam
932 2359 1011 2399 Cic.
1038 2359 1085 2398 de
1110 2360 1212 2411 legg.
1238 2359 1259 2397 Ι
1286 2362 1322 2409 1,
1351 2361 1372 2398 1
1410 2356 1554 2398 ‘Lucus
1586 2357 1746 2408 quidem
1776 2357 1845 2396 ille

316 2421 357 2458 et
392 2420 489 2459 haec
525 2420 783 2470 Arpinatium
823 2432 988 2470 quercus
1032 2419 1262 2470 agnoscitur
1305 2431 1420 2469 saepe
1464 2431 1488 2457 a
1529 2430 1591 2456 me
1634 2418 1761 2457 lectus
1802 2418 1845 2455 in

316 2477 457 2519 Mario'
498 2474 711 2533 (Draegeri
735 2481 838 2529 synt.
865 2479 955 2519 hist.
982 2480 1007 2518 1.
1033 2478 1076 2517 L.
1102 2473 1141 2517 Ι2
1165 2477 1190 2528 ξ
1220 2473 1334 2532 108).
1396 2477 1565 2523 Videtur
1600 2479 1708 2516 totus
1745 2476 1845 2515 liber

315 2540 432 2578 unius
464 2539 584 2578 fuisse
617 2540 841 2591 argumenti
870 2540 914 2577 in
945 2551 1023 2588 quo
1055 2538 1102 2577 de
1126 2538 1402 2588 philosophiae
1428 2539 1560 2576 actum
1586 2537 1707 2575 fuerit
1730 2532 1845 2575 bene-

317 2598 425 2638 ficiis.
489 2599 608 2637 Cuius
641 2605 760 2650 opera
789 2598 1006 2637 liberamur
1037 2598 1317 2648 superstitione
1348 2591 1642 2650 (480—489),
1674 2596 1845 2635 auaritia

318 2653 604 2712 (492—503),
634 2658 841 2698 iracundia
872 2652 1164 2712 (506—514):
1200 2658 1335 2696 tamen
1365 2657 1481 2695 homo
1513 2656 1560 2694 de
1591 2655 1705 2706 plebe
1737 2652 1844 2706 ‘pae-

316 2715 425 2756 nula’
453 2718 585 2768 inquit
605 2715 856 2765 ‘cantherius,
882 2730 1030 2767 seruus,
1056 2718 1226 2768 segestro
1246 2717 1384 2755 utilior
1403 2716 1501 2754 mihi
1521 2728 1639 2765 quam
1659 2711 1844 2765 sapiens':

317 2778 438 2816 simili
469 2779 666 2816 sententia
697 2778 822 2816 Persii
854 2778 935 2816 exit
965 2779 1100 2815 satura
1125 2776 1161 2813 V
1193 2776 1334 2815 similis
1366 2775 1600 2827 argumenti.
