2060 3444
796 316 882 354 XIV
907 330 941 354 u.
970 319 1171 354 466—467.
1684 314 1770 360 175

222 411 395 474 otiosum
440 435 674 486 peregrinae
706 433 803 473 deae
854 434 973 473 sistra
1021 429 1279 484 pulsantem',
1330 431 1398 471 ubi
1448 430 1646 472 scribatur
1689 433 1771 472 fere

221 496 381 546 oportet
419 491 526 533 ‘inde
564 507 626 533 me
665 494 824 534 Rhodos
863 507 883 532 6
915 506 1018 533 naue
1062 505 1263 545 egressum
1301 489 1478 543 <tenuitz
1522 494 1607 532 tum
1640 495 1768 532 trans-

220 557 358 595 uectus
389 552 506 607 sum>
537 555 785 607 Aegyptium
819 554 998 606 pelagus,
1030 551 1089 592 ut'
1123 565 1156 592 e.
1177 567 1214 604 q.
1235 565 1263 592 s.

340 669 454 715 467.
480 675 634 714 Nonius
659 688 697 725 p.
722 675 787 725 18,
815 675 869 714 32
899 671 1140 713 ‘Nebulones
1167 675 1208 713 et
1232 673 1481 713 tenebriones
1504 706 1511 712 .
1532 703 1540 711 .
1563 705 1570 712 .
1591 673 1768 713 Lucilius

220 737 447 786 satyrarum
471 735 540 774 lib.
560 735 681 774 XIIII
708 731 905 774 “Publius
930 746 1058 785 pauus
1083 733 1183 773 mihi
1203 734 1427 773 turbitanus
1456 728 1534 788 (ita
1552 733 1769 784 Leidensis,

220 796 421 835 habitamus
470 789 690 849 Guelferb.)
825 791 980 834 sane''.’
1057 792 1292 834 Gerlachius
1341 793 1399 833 ed.
1433 808 1470 845 p.
1497 793 1588 832 XLI
1632 794 1770 833 Pauus

219 857 340 907 putat
388 867 470 895 esse
520 868 665 895 nomen
713 855 889 895 ioculare
939 867 965 894 a
1005 854 1229 906 pauonibus
1280 854 1512 905 saginandis
1556 853 1769 893 deductum

220 937 279 943 --
298 916 474 968 neglexit
493 929 596 966 quae
615 915 717 956 Plin.
738 917 820 954 nat.
839 915 930 954 hist.
951 914 988 953 X
1007 915 1062 953 45
1083 914 1210 954 tradit
1228 936 1288 941 -—-
1307 915 1493 954 similiter
1512 914 1768 953 Franckenus

221 977 321 1015 coni.
348 988 400 1016 cr.
426 990 464 1027 p.
488 977 541 1015 72
579 976 742 1016 iudicat.
803 976 943 1015 Pauus
981 976 1133 1014 iustum
1165 987 1383 1027 cognomen
1416 976 1476 1015 est
1507 974 1611 1015 sicut
1641 975 1771 1014 Anser

219 1035 371 1087 Aquila
402 1035 541 1076 Gallus
573 1035 768 1076 Graculus
798 1036 958 1088 Mergus
989 1036 1144 1074 Merula
1175 1036 1334 1075 Noctua
1359 1035 1482 1074 Parra
1508 1035 1649 1075 Passer
1672 1035 1770 1074 Pica

220 1096 377 1136 Turdus
415 1097 514 1146 alia,
554 1096 707 1136 urbana
739 1097 984 1148 cognominis
1015 1095 1221 1135 inuenitur
1251 1096 1382 1135 forma
1413 1096 1522 1147 apud
1552 1095 1667 1134 Varr.
1693 1109 1768 1135 rer.

219 1158 316 1196 rust.
336 1156 399 1196 ΙΠ
426 1158 469 1208 2,
498 1158 522 1195 2
555 1157 766 1196 Fircellius
803 1157 915 1196 Pauo
952 1156 1156 1196 Reatinus.
1228 1155 1321 1195 Sine
1362 1156 1483 1195 dubio
1525 1155 1659 1207 Scipio
1697 1156 1769 1195 hos

219 1229 359 1256 uersus
390 1217 499 1267 dicit,
532 1217 638 1268 quod
669 1229 757 1256 cum
788 1218 871 1256 iam
901 1217 1021 1256 multi
1045 1217 1240 1267 suspicati
1264 1218 1346 1255 sint
1377 1210 1493 1270 (conf
1513 1216 1769 1255 Franckenus

219 1277 245 1316 l.
266 1290 295 1317 s.
322 1279 363 1316 et
394 1275 626 1316 Gerlachius
657 1278 682 1316 l.
704 1273 772 1332 s.)‚
816 1278 1031 1316 noluerunt
1074 1276 1288 1317 conciliare
1331 1290 1424 1316 cum
1466 1276 1541 1315 hac
1582 1277 1769 1327 opinione

222 1350 286 1376 uu.
313 1337 411 1377 469.
445 1338 549 1377 470:
577 1334 637 1376 ‘Si
668 1337 768 1376 mihi
799 1350 878 1377 non
911 1339 1073 1388 praetor
1104 1338 1180 1377 siet
1205 1337 1366 1376 additus
1393 1339 1514 1387 atque
1540 1337 1669 1389 agitet
1693 1350 1769 1387 me,

219 1409 300 1436 non
336 1398 440 1437 male
478 1399 548 1437 sit:
585 1398 673 1447 ille,
709 1398 757 1436 ut
793 1397 900 1443 dico,
944 1411 1008 1437 me
1046 1399 1251 1437 exenterat
1288 1394 1418 1436 unus’.
1486 1397 1636 1447 Aperte
1675 1402 1769 1435 sunt

219 1457 342 1497 uerba
379 1459 601 1508 quaestoris
638 1459 748 1498 illius
786 1457 954 1510 lucifugi
993 1458 1042 1497 de
1079 1457 1283 1508 Scipione:
1325 1459 1477 1508 quanta
1509 1458 1615 1496 enim
1647 1457 1769 1496 fuerit

220 1519 415 1557 exercitus
434 1518 605 1557 Romani
624 1519 797 1570 segnitia
817 1520 858 1557 et
875 1519 1044 1569 pigritia
1063 1519 1156 1556 ante
1175 1518 1438 1556 Numantiam
1459 1519 1500 1556 et
1522 1519 1767 1567 quantopere

218 1578 367 1617 inertes
399 1578 649 1617 Aemilianus
692 1579 954 1630 castigauerit
996 1579 1036 1616 et
1078 1577 1301 1628 puniuerit‚
1342 1579 1501 1617 constat
1543 1591 1589 1616 ex
1626 1578 1768 1616 multis

221 1638 481 1688 scriptoribus
502 1632 609 1691 (Liu.
629 1651 710 1689 per.
733 1640 786 1677 57
810 1633 954 1691 [Plut.]
975 1638 1139 1688 apopth.
1160 1637 1264 1688 Scip.
1284 1637 1378 1676 min.
1403 1638 1575 1676 16—21
1594 1637 1766 1688 Appian.

220 1697 321 1737 Iber.
355 1698 423 1736 85.
452 1692 539 1751 86).
603 1697 830 1749 Scipionem
866 1699 994 1750 igitur
1025 1698 1124 1737 dicit
1146 1700 1371 1746 praetorem
1401 1697 1551 1736 Pauus:
1588 1698 1668 1736 fuit
1697 1697 1767 1736 ille

222 1757 382 1808 quidem
420 1758 557 1797 consul
594 1758 758 1808 iterum,
797 1758 866 1798 sed
901 1770 1061 1810 praeses
1101 1757 1333 1808 prouinciae
1364 1759 1523 1797 etiamsi
1554 1758 1771 1809 proconsul

221 1818 287 1856 uel
318 1818 455 1857 consul
487 1820 548 1858 est
572 1831 856 1869 saepenumero
873 1821 1038 1868 praetor
1062 1818 1228 1858 dicitur:
1260 1818 1355 1857 conf
1375 1817 1480 1857 Fest.
1506 1831 1543 1868 p.
1567 1819 1649 1857 241
1679 1830 1708 1859 S.
1729 1832 1766 1858 u.

220 1880 384 1928 praetor
412 1878 680 1918 Mommsenus
711 1878 761 1918 de
797 1879 883 1918 iure
913 1878 1075 1930 publico
1106 1892 1145 1929 p.
1171 1878 1217 1917 R.
1242 1878 1285 1917 H
1307 1881 1328 1917 1
1364 1872 1523 1932 (1887)
1544 1891 1592 1929 p.
1615 1879 1713 1928 240,
1741 1879 1766 1917 5

222 1937 519 1991 Dittenbergeri
551 1938 635 1980 SIG
660 1933 706 1977 Ι2
731 1940 830 1988 275,
857 1940 894 1978 2.
957 1938 1124 1978 Accedit
1155 1938 1277 1977 aliud.
1333 1939 1499 1978 Praetor
1530 1939 1636 1977 enim
1661 1937 1767 1977 idem

221 1997 445 2050 significare
488 1999 594 2049 quod
632 1999 713 2038 dux
750 1998 989 2039 uocabulum
1026 2001 1180 2038 ueteres
1218 2011 1335 2050 saepe
1374 2000 1414 2038 et
1452 2000 1581 2038 nostri
1618 1999 1768 2038 saeculi

221 2059 301 2097 uiri
325 2058 435 2098 docti
459 2059 592 2098 dixere
619 2072 788 2110 quorum
812 2054 1044 2099 testimonia
1066 2059 1238 2099 contulit
1256 2059 1524 2098 Mommsenus
1543 2059 1568 2097 l.
1589 2071 1618 2098 s.
1638 2073 1675 2110 p.
1699 2060 1766 2097 74.

222 2117 299 2157 Sed
339 2118 613 2158 Aemilianum
662 2121 835 2159 maxime
885 2120 1064 2159 omnium
1113 2121 1338 2170 praetorem
1389 2119 1637 2170 appellatum
1683 2132 1767 2158 esse

221 2180 531 2218 consentaneum
574 2181 652 2228 est,
696 2180 801 2230 quod
845 2180 1047 2219 cohortem
1086 2179 1331 2230 praetoriam
1368 2179 1473 2218 bello
1516 2179 1766 2218 Numantino

222 2239 358 2278 consul
388 2240 537 2278 iterum
569 2239 748 2279 condidit
778 2241 949 2290 primus:
981 2239 1076 2279 conf
1103 2238 1215 2278 Paul.
1241 2253 1287 2278 ex
1319 2240 1424 2278 Fest.
1451 2253 1488 2290 p.
1511 2240 1595 2278 223
1634 2236 1767 2278 ‘Piae-

222 2299 326 2338 toria
364 2299 503 2338 cohors
541 2301 603 2339 est
639 2299 746 2339 dicta
784 2300 891 2350 quod
926 2312 952 2338 a
988 2301 1172 2350 praetore
1208 2313 1287 2338 non
1326 2299 1563 2338 discedebat.
1632 2299 1766 2350 Scipio

222 2358 329 2397 enim
360 2358 573 2398 Africanus
609 2359 762 2410 primus
799 2360 1062 2399 fortissimum
1100 2372 1297 2410 quemque
1337 2359 1503 2411 delegit,
1536 2359 1606 2409 qui
1637 2359 1687 2398 ab
1720 2372 1766 2399 eo

222 2419 264 2456 in
297 2417 401 2457 bello
438 2431 518 2458 non
555 2417 814 2459 discederent'
855 2433 886 2458 6.
908 2433 944 2470 q.
965 2433 993 2459 s.
1030 2414 1222 2472 (Appian.
1248 2419 1348 2458 Iber.
1376 2420 1450 2458 84:
1492 2418 1570 2458 Cic.
1598 2419 1649 2458 ad
1679 2419 1764 2458 Att.

222 2477 302 2516 VII
323 2480 362 2527 2,
382 2473 447 2523 3);
478 2478 569 2518 uide
598 2491 699 2530 quae
725 2480 895 2519 diximus
922 2480 973 2519 ad
998 2479 1066 2518 lib.
1085 2480 1106 2518 I
1126 2493 1162 2518 u.
1187 2481 1242 2519 10
1261 2479 1318 2518 XI
1338 2493 1374 2518 u.
1397 2480 1494 2518 398.
1547 2479 1768 2518 Tubitanus

223 2538 331 2587 quod
373 2537 494 2578 habet
530 2538 881 2590 Guelferbytanus,
928 2552 1019 2579 cum
1063 2539 1286 2579 turbitanvw
1327 2539 1520 2590 praebeat
1561 2539 1766 2578 Leidensis

223 2599 371 2636 temere
402 2601 609 2638 mutarunt
638 2601 680 2638 in
716 2600 937 2639 Tuditanus
966 2599 1120 2639 homini
1149 2601 1265 2639 tenui
1295 2611 1514 2651 cognomen
1544 2599 1766 2638 tribuentes

223 2658 436 2697 inclutum:
467 2672 594 2709 neque
619 2661 726 2698 enim
751 2660 878 2699 altero
905 2661 1138 2711 cognomine
1163 2671 1263 2711 opus
1289 2662 1349 2699 est
1368 2672 1495 2710 neque
1515 2659 1763 2711 gentilicium

225 2719 296 2756 aut
325 2719 646 2769 patronymicum
684 2719 821 2770 qualia
858 2722 951 2759 sunt
994 2720 1218 2759 Turranius
1254 2720 1455 2759 Turicmus
1486 2719 1674 2758 credibile
1706 2721 1766 2758 est

224 2778 424 2828 postponi,
449 2778 517 2817 sed
543 2780 765 2828 quaestoris
789 2779 965 2830 dignitas
990 2779 1150 2830 flagitat
1168 2780 1369 2819 hominem
1396 2779 1566 2818 Latinae
1599 2780 1766 2830 originis

224 2837 436 2886 nominari,
478 2839 709 2877 terminatio
751 2838 902 2877 indicat
946 2840 1017 2877 aut
1059 2839 1199 2890 oppidi
1243 2841 1313 2877 aut
1354 2839 1451 2891 pagi
1493 2851 1638 2878 nomen
1682 2851 1765 2877 esse

223 2896 524 2936 restituendum.
587 2897 718 2944 Quare
754 2898 986 2937 Babetcmus
1022 2900 1221 2948 temptaui
1258 2911 1336 2948 quo
1380 2899 1428 2936 de
1471 2899 1631 2937 nomine
1674 2899 1771 2938 conf

225 2955 326 2995 Plin.
357 2958 439 2996 nat.
471 2957 563 2996 hist.
589 2957 650 2996 III
677 2958 731 2997 69
765 2952 977 3011 (Nissenus
1011 2957 1101 2996 Ital.
1134 2957 1424 2996 Landeskunde
1448 2958 1490 2996 lI
1517 2960 1541 2996 2
1575 2972 1612 3008 p.
1640 2954 1765 3011 556):

225 3017 266 3054 in
310 3016 470 3055 homine
507 3017 594 3057 loco
634 3016 800 3056 obscuro
844 3020 939 3057 nato
970 3030 1124 3065 ‚nomen
1169 3017 1308 3068 oppidi
1345 3017 1481 3056 Latini
1518 3018 1610 3056 addi
1647 3019 1765 3057 sicuti

226 3077 265 3113 in
311 3076 475 3115 Bolanis
525 3079 832 3117 consentaneum
873 3080 944 3117 est.
982 3099 1039 3104 ——
1077 3078 1176 3116 mihi
1219 3074 1424 3130 quaestor]
1466 3076 1542 3118 Cic.
1576 3091 1635 3128 ep.
1667 3077 1766 3116 XIII
