2060 3444
891 212 942 254 Ἦ
965 228 1002 254 u.
1029 214 1231 254 254-258.
1761 208 1817 256 97

276 333 492 387 Tigellium
522 331 815 385 Hermogenem
853 335 894 372 et
930 332 995 372 hic
1031 331 1253 381 inuehitur,
1291 342 1460 382 eumque
1499 327 1670 369 Sardum
1707 328 1820 378 dixit,

276 395 382 447 quod
418 394 462 434 in
493 394 680 433 Sardinia
717 396 820 433 esset
855 395 986 433 natus.
1049 392 1323 432 adnotandum
1360 403 1455 442 ergo
1494 393 1535 430 et
1572 389 1744 430 Sardum
1781 391 1822 430 et

276 455 571 496 Sardiniensem
602 454 681 493 dici
711 466 838 505 posse.
889 466 983 492 nam
1008 453 1191 492 Lucilius
1222 447 1424 506 (lucilium
1449 445 1565 505 codd)
1593 449 1822 490 Sardinien-

275 527 358 555 sem
389 515 491 555 dixit
521 516 564 553 in
595 516 706 554 sexto
737 515 967 553 saturarum
999 514 1056 553 sic
1091 507 1368 565 [Tigellium]:
1407 508 1444 551 ‘e
1477 510 1612 550 Sicula
1642 510 1823 551 Lucilius

276 571 475 630 (lucilium
518 570 635 629 codd)
681 573 978 614 Sardiniensem
1020 569 1199 612 terram'.
1274 574 1318 611 at
1359 571 1537 611 Licinius
1583 570 1730 611 Caluus
1773 570 1823 610 de

276 635 414 675 eodem
445 635 696 686 Hermogene
727 635 895 685 loquens
929 633 1102 673 Sardum
1132 632 1235 671 dixit
1267 629 1418 670 “Sardi
1449 631 1596 683 Tigelli
1633 631 1823 682 putidum

275 698 398 748 caput
440 692 599 734 uenit''.
674 707 754 734 non
797 694 899 733 nulli
945 695 1082 732 tamen
1130 694 1311 732 ueterum
1362 692 1717 744 grammaticorum
1767 692 1824 731 sic

276 756 567 807 appellationes
605 755 676 794 has
714 755 958 804 diuiserunt,
991 755 1039 793 ut
1070 752 1241 793 Sardum
1277 754 1469 803 putarent
1508 751 1589 794 dici
1626 765 1716 791 eum
1754 752 1824 801 qui

276 818 318 855 in
356 816 543 855 Sardinia
579 818 698 854 natus
739 815 809 866 sit,
854 814 1150 854 Sardiniensem
1194 815 1330 852 autem
1371 812 1547 852 incolam
1585 808 1823 851 Sardiniae’.

276 877 396 916 Recte
428 878 630 915 eiecerunt
663 875 882 924 Tiyelliwm,
918 874 1058 914 dubito
1090 887 1142 914 an
1172 887 1253 914 non
1284 874 1390 913 recte
1421 872 1622 912 Lucilium
1654 885 1674 912 e
1706 884 1824 911 uersu

277 950 348 977 suo
380 937 625 988 expulerint,
663 936 733 986 qui
763 935 804 974 in
837 936 983 975 saturis
1016 935 1098 974 suis
1129 947 1274 974 nomen
1305 946 1422 973 suum
1457 935 1610 972 exstare
1650 932 1825 972 uoluerit

277 1009 587 1047 nonnumquam.
650 996 757 1035 Nam
788 998 830 1036 et
862 998 1035 1035 metrum
1072 995 1318 1046 suffragatur
1353 1007 1426 1034 nec
1463 994 1663 1032 sententia
1699 993 1824 1032 refra-

278 1058 400 1109 gatur
439 1056 628 1096 scribenti
673 1053 804 1108 ‘<cum
840 1052 1040 1108 peterem>
1077 1069 1098 1094 e
1138 1055 1276 1094 Sicula
1311 1054 1489 1094 Lucilius
1528 1053 1825 1093 Sardiniensem

278 1114 471 1156 Terram'.
520 1117 627 1156 Nam
658 1129 749 1156 cum
780 1118 824 1155 in
854 1116 928 1156 hoc
959 1115 1062 1155 libro
1088 1129 1125 1154 u.
1154 1115 1238 1154 256
1272 1116 1408 1154 actum
1438 1114 1493 1154 sit
1521 1114 1568 1153 de
1593 1114 1825 1153 musimoni-

277 1178 352 1217 bus
385 1177 540 1227 Sardis,
579 1177 947 1228 probabilissimum
985 1189 1070 1215 esse
1108 1177 1279 1227 apparet
1314 1187 1456 1214 reuera
1491 1176 1654 1226 poetam
1692 1173 1826 1213 Sardi-

279 1238 388 1277 niam
421 1238 564 1277 adiisse
596 1237 691 1276 dum
723 1251 744 1276 e
776 1236 928 1287 Sicilia,
959 1237 1028 1275 ubi
1059 1235 1225 1287 praedia
1263 1249 1354 1275 eum
1389 1235 1579 1274 habuisse
1616 1235 1828 1285 exponitur

279 1298 331 1337 ad
361 1298 428 1337 lib.
455 1297 588 1336 XXVI
612 1311 650 1336 u.
679 1298 777 1347 667,
807 1299 887 1337 iter
916 1297 1026 1336 facit.
1076 1295 1231 1336 Sardus
1263 1298 1304 1335 et
1327 1295 1600 1336 Sardiniensis
1625 1294 1827 1334 adiectiua

278 1360 528 1409 usurpantur
558 1359 662 1397 sicut
687 1357 854 1398 Plautus
885 1359 929 1396 in
961 1356 1099 1396 eadem
1129 1356 1268 1396 fabula
1299 1356 1460 1406 scripsit
1493 1356 1637 1406 hospes
1670 1354 1827 1394 Siculus

280 1421 321 1458 et
352 1418 570 1458 Siciliensis
602 1413 722 1472 (Rud.
750 1419 818 1457 49.
846 1412 971 1472 451);
1009 1415 1049 1465 ἐς
1081 1416 1253 1468 Σικελήν
1284 1430 1378 1456 ποτε
1408 1419 1527 1469 γαῖαν
1557 1417 1640 1455 iam
1671 1415 1829 1454 dixerat

279 1479 455 1531 Theogn.
486 1479 568 1518 783
583 1479 617 1517 Β
649 1491 742 1518 011111
771 1479 917 1518 herous
948 1480 1079 1517 terrae
1110 1489 1255 1517 nomen
1285 1490 1366 1517 non
1398 1477 1543 1527 capiat.

402 1534 513 1580 256.
544 1539 700 1578 Nonius
734 1552 782 1578 ex
819 1539 1083 1591 grammatico
1114 1552 1153 1588 p.
1183 1538 1280 1587 137,
1308 1539 1362 1577 23
1398 1534 1675 1586 ‘Musimones,
1713 1535 1828 1585 asini,

281 1599 380 1638 muli
413 1601 484 1638 aut
515 1601 609 1650 equi
643 1599 795 1638 breues.
858 1598 1037 1638 Lucilius
1069 1598 1137 1638 lib.
1164 1597 1223 1636 VI
1255 1594 1484 1646 “praetium
1522 1598 1614 1636 emit
1650 1598 1720 1647 qui
1747 1627 1754 1634 .
1783 1627 1790 1634 .
1820 1627 1827 1634 .

281 1656 587 1698 musimonem’'.
640 1658 739 1698 Cato
764 1658 812 1698 de
837 1659 1000 1697 Letorio
1027 1653 1084 1712 (p.
1106 1659 1176 1708 49,
1197 1659 1221 1696 3
1241 1652 1367 1712 Iord.)
1395 1654 1586 1696 “asinum
1611 1659 1684 1695 aut
1707 1656 1828 1695 musi-

282 1732 440 1759 monem
478 1720 549 1758 aut
587 1716 813 1758 arietem''.'
876 1718 1005 1758 Valde
1043 1718 1201 1758 dubites
1238 1719 1397 1769 oportet
1434 1731 1531 1756 num
1561 1719 1668 1756 recte
1705 1717 1828 1755 inter-

282 1782 464 1832 pretetur
498 1779 654 1818 Nonius
694 1779 932 1818 uocabulum
968 1779 1232 1818 musimonem
1268 1778 1311 1816 in
1348 1790 1467 1817 uersu
1503 1777 1661 1816 Lucilii.
1723 1776 1830 1816 Nam

282 1841 401 1890 longe
426 1839 585 1879 diuersa
615 1840 795 1879 referunt
826 1839 899 1878 alii
929 1838 977 1877 de
1008 1838 1299 1878 musimonibus
1331 1839 1460 1877 ueluti
1492 1837 1638 1877 Strabo
1663 1837 1767 1877 libro
1791 1836 1829 1874 V

283 1914 320 1951 p.
349 1901 453 1939 225:
483 1899 662 1953 γίνονται
687 1895 724 1939 δ’
759 1898 937 1939 ἐνταῦθα
963 1894 1024 1953 (in
1052 1893 1257 1953 Sardinia)
1284 1897 1326 1938 οἵ
1346 1898 1456 1951 τρίχα
1481 1897 1653 1949 φύοντες
1677 1896 1831 1951 αἰγείαν

283 1955 369 2000 ἀντ’
404 1958 514 2013 ἐρέας
544 1960 663 2014 κριοί,
694 1958 932 2012 καλούμενοι
965 1956 1007 1998 δὲ
1039 1958 1285 2011 μούσμωνες,
1317 1952 1374 1998 ὧν
1404 1961 1490 2006 ταῖς
1521 1957 1660 2011 δοραῖς
1693 1960 1830 2010 θωρα-

282 2020 467 2068 κίζονται.
515 2020 672 2059 Plinius
696 2022 778 2059 nat.
798 2020 890 2059 hist.
910 2019 1012 2059 VIII
1034 2021 1115 2060 199
1146 2016 1238 2058 ‘Est
1259 2021 1303 2058 ‘m
1327 2019 1544 2068 Hispania,
1569 2019 1638 2057 sed
1661 2019 1832 2057 maxime

286 2080 457 2126 Corsica,
487 2092 568 2119 non
599 2080 777 2120 absimile
798 2082 934 2129 pecori
961 2092 1085 2130 yenus
1111 2091 1372 2125 musmonum,
1403 2080 1567 2128 caprino
1591 2077 1687 2117 uino
1711 2089 1831 2126 quam

277 2143 434 2191 pecoris
470 2142 606 2180 uellem·
634 2137 833 2190 propius'.
902 2139 1062 2179 Similia
1098 2139 1214 2179 Paus.
1241 2139 1277 2178 X
1306 2141 1373 2189 17,
1402 2141 1455 2178 12
1488 2139 1646 2178 Aelian.
1679 2138 1716 2177 d.
1748 2140 1830 2177 nat.

285 2202 405 2240 anim.
431 2200 526 2239 XVI
553 2202 621 2240 34.
682 2200 812 2240 Hodie
848 2201 891 2239 id
928 2213 1052 2252 genus
1088 2213 1277 2250 pecorum
1315 2201 1546 2239 etiamnunc
1582 2199 1663 2238 illis
1701 2200 1833 2238 exstat

284 2260 514 2313 regionibus
564 2262 742 2310 Mufflon
798 2261 905 2312 quod
960 2260 1180 2312 appellant.
1262 2260 1340 2301 Sed
1391 2259 1554 2299 Seruius
1610 2258 1663 2298 ad
1711 2258 1831 2310 Verg.

285 2334 419 2373 georg.
444 2320 506 2359 III
532 2321 617 2360 446
650 2321 724 2360 hoc
761 2321 878 2360 modo
910 2320 958 2360 de
989 2322 1228 2360 musimone:
1268 2317 1531 2359 ‘musmonem
1563 2319 1662 2358 dicit
1692 2318 1832 2358 ducem

288 2377 448 2433 gregis’,
479 2381 599 2420 aliter
622 2380 799 2421 Isidorus
828 2382 926 2433 orig.
952 2380 1031 2420 XII
1059 2383 1096 2431 1,
1124 2381 1185 2419 61.
1208 2378 1377 2420 ‘musmo
1404 2393 1451 2419 ex
1476 2392 1598 2430 capra
1623 2380 1664 2418 et
1689 2380 1832 2418 ariete:

288 2443 348 2480 est
385 2442 521 2480 autem
557 2441 636 2480 dux
674 2438 835 2494 gregis'.
903 2441 960 2480 At
996 2441 1173 2480 Nonium
1211 2454 1343 2480 errare
1380 2440 1473 2479 inde
1511 2442 1572 2479 est
1613 2438 1833 2490 probabile,

288 2501 396 2552 quod
424 2502 468 2540 in
492 2501 630 2541 eodem
655 2501 757 2541 libro
782 2515 821 2541 u.
844 2502 929 2540 254
955 2503 1224 2541 musimonum
1248 2502 1396 2552 patria,
1428 2499 1696 2539 Sardiniensis
1723 2500 1834 2538 terra

288 2563 637 2602 commemoratur:
668 2562 774 2601 unde
800 2561 1017 2601 Sardorum
1048 2573 1178 2600 mores
1210 2561 1381 2600 describi
1404 2561 1479 2599 hoc
1503 2572 1624 2599 uersu
1649 2560 1832 2599 conicias.

288 2621 394 2660 Nam
431 2623 472 2661 et
510 2621 608 2661 Cato
647 2621 875 2661 Sardiniam
912 2623 1074 2673 praetor
1110 2622 1210 2661 bene
1247 2622 1416 2661 nouerat
1459 2621 1529 2671 qui
1571 2621 1834 2659 musimonem

290 2683 383 2721 ante
411 2681 613 2721 Lucilium
644 2682 752 2732 apud
781 2682 959 2721 Nonium
983 2683 1009 2721 1.
1036 2694 1066 2720 s.
1092 2694 1121 2721 s.
1148 2682 1430 2721 commemorat
1455 2675 1608 2735 (Nepos
1629 2679 1714 2719 Cat.
1735 2679 1754 2717 I
1775 2674 1833 2732 4).

290 2741 429 2792 Neque
459 2743 595 2781 tamen
625 2744 732 2781 recte
763 2743 842 2780 uiri
867 2742 975 2781 docti
993 2744 1167 2791 pretium
1191 2741 1387 2781 sustulere
1413 2754 1503 2780 cum
1528 2740 1558 2778 Ι.
1579 2739 1716 2778 Dousa
1740 2740 1833 2778 scri-

290 2802 429 2840 bentes
459 2801 684 2851 praedium.
752 2801 857 2841 Nam
901 2801 1008 2852 quod
1051 2801 1150 2840 codd
1190 2801 1340 2840 habent
1374 2801 1593 2849 praetium,
1636 2800 1835 2849 scriptura

291 2862 471 2913 uulgaris
503 2863 564 2901 est
595 2862 635 2900 et
665 2863 764 2901 satis
795 2863 909 2901 nota:
941 2861 1010 2900 sed
1042 2858 1187 2900 ‘emere
1215 2862 1344 2912 pretio
1370 2861 1546 2911 pretioso
1571 2856 1709 2898 uelim'
1737 2859 1836 2898 dicit

292 2921 423 2960 Plaut.
449 2921 565 2973 Epid.
596 2923 692 2971 120,
725 2919 870 2973 ‘pretio
900 2918 1084 2960 redemit'
1114 2920 1192 2960 Cic.
1218 2920 1331 2959 Verr.
1357 2920 1394 2958 V
1422 2922 1520 2969 117,
1553 2916 1675 2958 ‘mors
1705 2920 1835 2970 pretio

292 2982 357 3020 uel
381 2983 436 3021 sit
459 2981 627 3021 emenda
650 2979 764 3021 mihi'
791 2981 972 3032 Propert.
997 2981 1060 3020 111
1087 2983 1156 3031 16,
1183 2982 1250 3020 22.
1302 2981 1378 3031 Qui
1404 2981 1606 3019 ablatiuus
1633 2981 1693 3018 est
1717 2980 1835 3018 sicuti

364 3055 479 3082 Lucuii
500 3056 565 3081 rell.
585 3055 630 3081 ed.
651 3056 760 3082 Manx.
789 3055 828 3081 Π.
1528 3050 1545 3081 7
