2060 3444
317 296 405 337 404
801 293 929 328 incert.
958 293 1033 327 sed.
1061 304 1096 327 u.
1129 295 1371 327 1277-1280.

318 409 369 447 ad
411 410 547 446 incert.
574 421 611 445 11.
643 401 775 460 1314)
821 402 1104 455 consumptus'.
1179 404 1291 443 Vnde
1339 405 1525 454 suppleas
1574 416 1732 443 uersum
1779 404 1852 443 hoc

318 467 452 506 modo:
485 464 722 516 ‘querquera
754 467 1008 515 consequitur
1042 460 1236 516 <latam-is>
1268 465 1488 514 capitisque
1520 460 1702 503 dolores'.
1753 463 1852 502 Cels.

316 527 373 565 IV
404 528 455 565 13
490 524 609 565 ‘Huic
641 525 767 564 dolori
797 526 934 564 lateris
966 523 1088 563 febris
1120 525 1161 563 et
1190 524 1310 562 tussis
1343 519 1522 562 accedit’.

440 581 582 626 1278.
614 585 808 635 Apuleius
840 586 882 622 in
914 583 1064 623 floridis
1096 596 1180 634 cap.
1210 585 1260 622 21
1295 596 1334 632 p.
1357 583 1439 622 187
1473 582 1520 621 de
1551 583 1694 621 Vlietii
1720 579 1854 636 ‘Hisce

316 648 442 697 igitur
484 646 741 684 moramentis
786 643 967 683 omnibus
1011 643 1079 693 qui
1123 643 1265 681 uolunt
1301 638 1331 694 †
1369 642 1547 681 deuitare
1589 654 1634 682 ac
1670 643 1852 681 uictorem

317 706 477 745 sibimet
507 718 653 755 equum
685 704 867 756 deligunt
898 703 1076 742 diutinae
1108 702 1373 751 fortitudinis,
1408 703 1560 741 uiuacis
1591 701 1854 752 pernicitatis,

317 765 358 804 id
396 767 456 805 est
493 767 534 804 et
570 765 672 803 ferre
708 764 886 803 ualidum
926 765 966 802 et
1001 764 1060 802 ire
1100 762 1303 812 rapidum,
1341 757 1443 812 “qui
1470 793 1477 800 .
1500 793 1507 799 .
1530 792 1536 800 .
1563 757 1688 810 uno”,
1719 763 1765 800 ut
1796 762 1855 800 ait

264 839 267 841 >
316 825 513 874 Lucilius,
557 820 707 863 tamen’
746 837 776 862 0.
803 837 839 873 q.
867 835 895 861 s.
968 821 1181 861 Coniunxit
1220 821 1324 860 hunc
1367 833 1523 860 uersum
1568 834 1656 859 cum
1699 835 1736 860 u.
1766 822 1850 859 476

316 884 410 923 libri
446 884 540 923 XIV
579 883 739 922 Coluius
785 896 900 933 quem
943 882 1073 921 adfert
1110 880 1413 931 Oudendorpius
1450 881 1476 919 l.
1496 893 1525 920 s.
1546 893 1574 920 s.
1615 877 1715 930 ‘ipse
1751 893 1854 928 ecus,

318 957 395 983 non
427 945 662 993 formonsus,
693 942 914 995 gradarius,
946 943 1120 992 optimus
1151 937 1294 981 uecsor’
1326 941 1394 979 ubi
1425 941 1467 979 in
1502 939 1695 979 uocabulo
1727 942 1854 979 uector

316 1004 440 1043 Nonii
476 1003 633 1042 librarii
669 1002 807 1042 eodem
844 1001 960 1040 modo
997 1002 1213 1051 peccarunt
1250 1013 1328 1050 quo
1359 1000 1522 1050 Apuleii
1558 999 1746 1039 librarius
1782 999 1854 1039 cod

317 1063 549 1102 Florentini.
611 1062 779 1112 Propter
822 1061 986 1100 uerbum
1029 1064 1158 1099 uector
1200 1062 1240 1099 et
1285 1059 1449 1098 uerbum
1490 1059 1707 1109 qradarius
1749 1061 1855 1099 recte

317 1123 432 1161 illum
475 1122 723 1162 coniunxisse
767 1122 939 1160 conicias
983 1132 1226 1171 quamquam
1270 1119 1375 1158 idem
1412 1120 1560 1169 ineptit
1594 1119 1768 1169 reliquos
1805 1118 1854 1157 de

317 1195 418 1232 equo
449 1194 586 1221 uersus
617 1181 845 1220 Lucilianos
876 1182 919 1219 in
944 1193 1066 1218 unum
1096 1181 1300 1218 centonem
1328 1178 1649 1218 consarcinando.
1705 1179 1855 1230 Egerat

317 1242 364 1280 de
384 1254 484 1292 equo
506 1254 575 1281 suo
595 1243 715 1291 poeta
734 1242 940 1291 praeterea
959 1239 1061 1278 libro
1081 1239 1180 1277 VIII
1199 1252 1236 1277 u.
1250 1239 1333 1277 313
1347 1251 1426 1288 seq.
1447 1241 1487 1277 et
1504 1238 1577 1276 XV
1591 1251 1628 1276 u.
1648 1239 1731 1276 506
1745 1251 1853 1288 seqq.

317 1301 385 1340 ubi
418 1302 508 1340 uide
534 1314 637 1351 quae
663 1300 953 1339 adnotauimus.
984 1320 1043 1325 —
1074 1310 1230 1347 campos
1255 1299 1459 1346 collesque.-
1491 1296 1568 1336 Oic.
1594 1299 1634 1335 in
1663 1296 1774 1336 Verr.
1791 1297 1854 1335 III

321 1362 387 1410 18,
415 1362 468 1399 47
505 1358 626 1406 ‘Quos
665 1373 736 1411 ego
776 1372 935 1409 campos
973 1361 1091 1398 antea
1129 1358 1325 1407 collesque
1363 1357 1623 1396 nitidissimos
1659 1356 1854 1396 uiridissi-

316 1433 479 1471 mosque
510 1416 712 1458 uidissem'
745 1419 901 1458 diuerso
927 1418 1064 1456 ordine
1089 1417 1244 1456 Lucret.
1271 1417 1328 1455 IV
1356 1417 1438 1456 389
1469 1414 1603 1456 ‘colles
1629 1413 1851 1466 campique’

318 1480 353 1518 V
384 1481 478 1519 784.
514 1480 639 1518 1373.

439 1534 581 1580 1279.
619 1538 758 1577 Festus
803 1551 839 1588 p.
868 1539 971 1588 334,
1007 1538 1059 1576 13
1110 1537 1316 1587 suppletus
1366 1549 1411 1574 ex
1452 1536 1578 1575 Paulo
1621 1548 1658 1586 p.
1689 1536 1793 1584 335,
1827 1537 1850 1574 3

319 1595 559 1651 ‘<Schedia>
609 1611 731 1650 genus
779 1598 933 1648 nauigii
964 1593 1267 1649 <inconditum>
1395 1607 1440 1635 us
1473 1608 1630 1645 quoque
1666 1596 1854 1645 poemata

404 1681 456 1684 ff*
482 1660 516 1697 is
559 1658 744 1708 perfectis
788 1658 857 1707 qui
902 1659 1031 1696 essent
1056 1678 1195 1682 ————
1223 1668 1311 1694 cum
1355 1654 1458 1694 dixit
1503 1652 1605 1705 “qui
1651 1653 1852 1694 schedium

317 1719 358 1756 fa
529 1714 584 1756 ”.’
648 1717 841 1767 Apuleius
880 1716 927 1755 de
964 1716 1037 1755 deo
1070 1715 1176 1755 Socr.
1202 1715 1399 1765 principio
1432 1711 1525 1753 ‘Sed
1556 1716 1602 1753 ut
1633 1727 1695 1753 me
1727 1716 1852 1753 omni-

318 1779 462 1816 fariam
487 1778 691 1826 noueritis,
723 1778 844 1816 etiam
869 1777 912 1815 in
937 1776 1026 1825 isto,
1057 1778 1103 1814 ut
1127 1776 1187 1814 ait
1210 1774 1399 1824 Lucilius,
1425 1774 1582 1814 schedio
1608 1771 1853 1826 (subitario)

318 1840 358 1876 et
395 1837 598 1876 incondito
635 1833 896 1887 experimini'.
919 1866 956 1874 ..
1018 1835 1228 1874 Petronius
1261 1835 1286 1873 4
1327 1831 1419 1873 ‘Sed
1456 1847 1505 1873 ne
1541 1847 1603 1873 me
1634 1835 1749 1884 putes
1779 1834 1854 1872 im-

316 1897 502 1947 probasse
546 1896 749 1935 schedium
792 1895 1023 1934 Lucilianae
1066 1895 1324 1943 humilitatis,
1368 1893 1475 1944 quod
1518 1894 1644 1932 sentio
1690 1895 1730 1932 et
1768 1893 1853 1943 ipse

317 1957 490 1996 carmine
528 1952 742 2006 effingam'.
811 1955 870 1993 De
907 1955 1017 1993 Festi
1052 1953 1382 2003 interpretatione
1425 1953 1520 1991 conf
1558 1951 1853 2005 αὐτοκάβδαλος

317 2014 555 2054 uocabulum
588 2014 727 2067 (schol.
754 2014 948 2065 Lycophr.
977 2009 1092 2066 745).
1154 2013 1281 2051 Sicuti
1306 2012 1552 2062 Agamemno
1584 2013 1720 2051 rhetor
1745 2012 1852 2062 apud

317 2074 546 2114 Petronium
580 2076 620 2113 et
643 2073 838 2123 Apuleius
862 2073 997 2112 rhetor
1028 2074 1052 2111 l.
1073 2085 1114 2121 s.,
1146 2073 1205 2111 ita
1230 2071 1406 2110 Lucilius
1433 2084 1515 2110 sese
1541 2070 1852 2123 αὐτοσχεδιάζειν

318 2136 403 2173 siue
434 2133 646 2185 σχεδιάζειν
677 2133 719 2171 in
751 2132 948 2183 poetando
981 2133 1195 2182 scripserat
1220 2134 1260 2170 et
1284 2132 1460 2170 carmina
1486 2143 1559 2170 sua
1584 2131 1642 2170 m'l
1667 2143 1750 2170 esse
1774 2132 1853 2170 nisi

317 2207 388 2243 per
419 2196 596 2232 saturam
628 2191 898 2244 σχεδιάσματα.
960 2191 1046 2237 Qua
1077 2191 1124 2230 de
1155 2204 1196 2229 re
1230 2192 1354 2242 egisse
1380 2190 1540 2229 uidetur
1563 2191 1607 2229 in
1632 2203 1679 2230 ea
1704 2192 1852 2240 satura,

317 2266 437 2303 quam
470 2252 662 2291 Horatius
699 2253 879 2291 imitatus
917 2253 977 2290 est
1009 2247 1047 2305 (I
1073 2246 1119 2304 4)
1150 2252 1283 2300 posita
1313 2252 1355 2289 111
1386 2250 1487 2289 libro
1513 2250 1641 2289 XXX:
1678 2250 1770 2289 uide
1801 2250 1851 2289 ad

317 2312 383 2350 lib.
410 2312 519 2350 XXX
550 2325 586 2350 u.
611 2313 735 2350 1029.
797 2312 882 2362 Ego
926 2323 1004 2349 non
1048 2312 1167 2360 poeta
1210 2323 1314 2359 sum,
1358 2311 1427 2359 qui
1464 2309 1666 2349 schedium
1705 2310 1852 2349 faciam

319 2373 490 2421 tantum,
521 2384 599 2409 non
631 2372 808 2410 carmina
838 2383 944 2410 uera.
1009 2369 1113 2409 Conf
1139 2371 1284 2409 testim.
1313 2370 1379 2408 78.

440 2425 580 2470 1280.
609 2430 742 2469 Cicero
769 2431 816 2469 de
842 2432 999 2468 oratore
1018 2430 1059 2468 II
1080 2431 1147 2478 62,
1175 2430 1258 2468 253
1288 2426 1504 2481 ‘Ambigua
1529 2430 1622 2469 sunt
1645 2430 1687 2467 in
1713 2424 1852 2479 primis

317 2492 436 2529 acuta
479 2492 597 2540 atque
636 2491 679 2529 111
721 2490 841 2528 uerbo
884 2490 1035 2539 posita,
1079 2502 1158 2528 non
1195 2490 1236 2527 in
1273 2501 1316 2527 re
1343 2519 1349 2526 .
1373 2520 1379 2526 .
1403 2520 1409 2526 .
1435 2490 1482 2528 ut
1516 2488 1618 2527 illud
1658 2488 1851 2538 Africani,

318 2550 423 2599 quod
460 2552 520 2588 est
559 2549 665 2599 apud
701 2549 918 2598 Lucilium,
957 2545 1086 2598 “quid
1114 2579 1120 2586 .
1143 2579 1149 2586 .
1173 2579 1179 2586 .
1205 2544 1399 2598 inquit”.'
1461 2547 1503 2586 P.
1523 2548 1690 2587 Decium
1720 2549 1770 2586 tr.
1795 2548 1850 2597 pl.

320 2604 528 2660 634s120‚
560 2609 609 2647 de
641 2621 718 2658 quo
752 2608 829 2647 Cic.
850 2608 961 2646 Brut.
991 2609 1073 2647 108
1109 2605 1202 2646 ‘non
1233 2608 1365 2646 infans
1396 2607 1464 2646 ille
1498 2607 1675 2658 quidem,
1706 2607 1774 2647 sed
1805 2609 1851 2646 ut

317 2670 422 2718 uita,
465 2669 521 2707 sic
565 2668 742 2706 oratione
787 2668 908 2706 etiam
950 2664 1216 2706 turbulentus'
1262 2668 1375 2718 tangi
1418 2667 1537 2706 multi
1579 2666 1851 2715 adfirmamnt,

317 2740 457 2777 parum
494 2727 771 2778 probabiliter,
815 2740 904 2766 cum
940 2726 1009 2765 ille
1045 2728 1137 2777 post
1172 2728 1342 2765 mortem
1378 2726 1561 2766 Africani
1597 2726 1752 2764 demum
1790 2727 1850 2764 in-

317 2787 505 2826 claruisse
537 2787 590 2825 sit
620 2787 831 2836 putandus.
892 2786 979 2825 Iam
1010 2787 1052 2824 in
1083 2786 1216 2825 codice
1248 2787 1420 2836 quodam
1450 2786 1568 2824 Bruti
1605 2785 1850 2835 adscriptum

317 2859 400 2885 esse
450 2846 616 2885 adnotat
664 2845 888 2885 Ellendtius
938 2845 989 2884 ad
1040 2844 1116 2884 Cic.
1142 2846 1168 2883 1.
1193 2858 1221 2884 s.
1249 2858 1277 2884 s.
1327 2845 1458 2885 locum
1502 2846 1612 2884 Festi
1656 2858 1679 2884 a
1721 2843 1849 2884 Paulo

317 2899 373 2958 (p.
403 2907 484 2944 172
499 2900 560 2959 M)
609 2906 750 2944 melius
800 2906 1001 2944 seruatum
1046 2902 1225 2944 ‘nuculas
1271 2905 1548 2944 Praenestinos
1592 2903 1850 2954 appellabant

317 2965 422 3014 quod
450 2997 456 3003 .
479 2996 485 3003 .
509 2997 516 3003 .
542 2965 607 3003 uel
633 2965 737 3014 quod
762 2966 803 3003 in
831 2977 965 3004 eorum
989 2966 1149 3016 regione
1174 2965 1348 3014 plurima
1373 2977 1452 3003 nux
1471 2965 1627 3002 minuta
1645 2960 1849 3002 nascitur':

316 3027 558 3062 memoratur
589 3025 756 3074 denique
795 3024 912 3062 homo
944 3024 1131 3075 ignobilis
1163 3025 1395 3075 cognomine
1426 3024 1585 3063 Nucula
1616 3024 1774 3072 saepius
1805 3024 1848 3061 in
