2060 3444
323 307 410 348 422
811 304 940 339 incert.
968 303 1043 338 sed.
1069 315 1105 338 11.
1134 305 1378 338 1317-1318,

324 419 371 457 de
405 419 548 468 quibus
588 418 705 456 adeas
737 415 972 455 Gurlittium
1002 416 1145 454 Philol.
1171 414 1284 453 LVII
1313 415 1424 454 1898
1456 428 1494 465 p.
1523 416 1606 454 403
1622 427 1728 466 seqq.
1754 414 1854 454 Mus.

323 479 446 516 Rhen.
473 477 587 516 LVH
615 478 726 516 1902
755 490 790 526 p.
821 477 903 515 347
921 489 1027 525 seqq.
1091 475 1166 521 Qui
1203 475 1309 525 quod
1350 476 1558 525 proposuit
1595 475 1728 529 φαλλῷ
1765 486 1854 525 pro-

323 538 463 576 batum
507 551 531 576 a
569 535 985 585 O.F.W.Mu011er0,
1027 535 1068 573 id
1112 534 1360 574 commendes
1404 547 1450 572 ea
1492 548 1551 583 re,
1601 534 1708 585 quod
1750 534 1856 584 apud

325 596 546 636 Arnobium
578 596 665 634 adu.
693 597 797 647 gent.
824 595 862 632 V
888 596 942 634 39
982 596 1087 633 recte
1123 595 1272 646 legitur
1308 595 1350 632 in
1382 594 1513 633 codice
1546 590 1749 633 ‘fallorum
1784 593 1857 633 illa

325 656 646 705 fascinorumque
691 654 887 694 subrectio
921 649 976 707 (p.
1006 655 1109 703 208,
1136 655 1190 693 28
1206 648 1278 707 R),
1323 655 1364 691 at
1397 654 1450 692 28
1491 648 1546 705 (p.
1576 655 1678 702 199,
1706 647 1750 706 8)
1800 649 1857 691 ‘in

326 716 461 754 Liberi
484 715 674 753 honorem
698 715 826 765 patris
846 714 973 753 uallos
994 713 1166 764 subrigit
1186 710 1364 752 Graecia’
1386 714 1482 751 item
1503 714 1557 751 29
1586 707 1641 764 (p.
1665 713 1762 762 200,
1783 706 1858 766 13)

261 822 265 825 γ
328 773 444 814 ‘ualli
475 787 573 825 quos
605 787 675 824 per
705 786 799 812 rura
826 804 834 812 .
857 805 863 812 .
887 804 893 812 .
920 786 1005 812 mos
1037 773 1206 824 subrigit
1233 805 1239 812 .
1263 804 1270 811 .
1293 804 1299 810 .
1328 768 1542 822 antiquus’.
1592 771 1649 810 At
1682 774 1723 811 et
1753 771 1859 822 apud

326 835 490 874 Latinos
537 836 575 873 et
619 834 723 883 apud
769 832 939 872 Graecos
982 833 1110 883 phalli
1152 845 1295 872 nomen
1338 831 1614 871 tantummodo
1657 833 1700 871 in
1742 831 1859 873 rebus

328 896 449 934 sacris
481 895 708 944 usurpatur,
741 905 870 943 neque
900 893 943 931 in
975 892 1177 932 comoedia
1207 905 1334 942 neque
1364 893 1407 930 in
1439 893 1575 930 satura
1601 891 1765 941 ponitur
1788 903 1860 942 pro

328 954 516 993 mentula.
591 953 717 991 Immo
767 954 883 992 uetus
936 952 1192 1003 prouerbium
1242 949 1262 990 ὁ
1313 949 1459 1002 φαλλὸς
1508 952 1641 1001 inquit
1688 953 1739 1005 τῷ
1784 952 1866 1004 θεῷ

330 1009 515 1068 (Diogen.
541 1013 619 1051 VH
648 1007 733 1066 22).
801 1011 993 1064 βαλλίζειν
1031 1015 1070 1050 et
1110 1009 1323 1063 βαλλισμόν
1366 1010 1604 1049 uocabulum
1647 1024 1666 1048 e
1705 1009 1862 1062 Subura

329 1073 559 1124 prouenisse
591 1074 729 1111 auctor
761 1074 821 1111 est
851 1071 994 1110 Athen.
1022 1071 1122 1110 VIII
1146 1085 1183 1121 p.
1213 1072 1296 1109 362
1312 1070 1348 1109 Α
1381 1070 1428 1108 de
1460 1082 1538 1120 quo
1570 1070 1665 1109 conf
1690 1070 1861 1120 interpp.

331 1133 380 1171 ad
411 1132 583 1171 Herond.
611 1131 669 1170 VI
697 1132 749 1170 69
795 1130 866 1169 ubi
909 1129 954 1169 τὰ
997 1130 1137 1181 sarua
1188 1131 1441 1180 appellantur
1490 1129 1667 1168 membra
1715 1128 1862 1168 uirilia.

331 1185 444 1231 Sicca
475 1191 751 1230 tantummodo
782 1191 825 1229 in
854 1190 1036 1241 epistulis
1064 1189 1262 1229 Ciceronis
1287 1191 1530 1228 memoratur
1554 1201 1680 1239 neque
1707 1189 1864 1228 constat

332 1251 428 1302 quid
465 1250 757 1290 consuetudinis
796 1251 867 1289 aut
903 1250 1114 1289 affinitatis
1157 1249 1341 1288 habuerit
1384 1262 1473 1288 cum
1510 1249 1634 1288 Fadio
1678 1247 1863 1288 libertino

331 1324 457 1362 neque
489 1311 617 1362 magis
643 1309 691 1348 de
718 1309 934 1360 Septimiae
959 1322 1129 1360 persona
1155 1309 1373 1360 quidquam
1400 1310 1461 1347 est
1485 1309 1688 1348 traditum.
1732 1307 1864 1347 Verba

333 1369 464 1410 ‘hasta
495 1383 542 1409 ea
573 1383 690 1422 aegre
722 1383 784 1408 me
815 1366 940 1408 tenui’
976 1382 1074 1408 sana
1105 1370 1216 1418 sunt3
1247 1369 1365 1408 hasta
1396 1370 1456 1407 est
1487 1369 1678 1407 oratoria:
1713 1366 1791 1407 Cic.
1817 1367 1864 1406 de

333 1444 387 1469 or.
413 1430 434 1468 I
461 1431 544 1468 242
580 1427 618 1467 ‘a
651 1442 729 1479 quo
763 1441 852 1467 cum
884 1429 1107 1468 amentatas
1139 1429 1274 1467 hastas
1307 1429 1518 1479 acceperit,
1556 1429 1641 1478 ipse
1673 1440 1739 1466 eas
1777 1440 1865 1466 ora-

331 1490 430 1530 toris
462 1489 621 1528 lacertis
653 1488 885 1538 uiribusque
917 1485 1132 1538 torquebit’
1160 1489 1272 1526 Brut.
1301 1489 1381 1526 271
1418 1483 1478 1525 ‘ut
1508 1487 1646 1526 hastae
1678 1486 1865 1527 uelitibus

333 1549 576 1598 amentatae,
615 1549 670 1587 sic
703 1549 800 1598 apta
837 1547 1030 1597 quaedam
1052 1578 1066 1602 ‚·
1089 1579 1096 1586 .
1119 1578 1126 1586 .
1153 1548 1388 1599 argumenta
1423 1544 1651 1586 traduntur'
1685 1547 1781 1596 Top.
1810 1547 1863 1584 65

334 1606 528 1660 ‘patronis
560 1607 817 1659 diligentibus
849 1607 899 1646 ad
931 1620 1065 1646 eorum
1096 1606 1349 1657 prudentiam
1380 1605 1699 1658 confugientibus
1729 1606 1865 1645 hastas

333 1665 577 1708 ministrant'
636 1663 827 1721 (sagittae
882 1667 1018 1706 quen.
1056 1667 1135 1705 VII
1175 1661 1291 1720 156).
1351 1688 1400 1692 —
1460 1678 1577 1718 aegre
1632 1677 1695 1705 me
1743 1665 1867 1715 tenui,

334 1730 380 1767 ut
405 1728 533 1767 Plaut.
560 1728 670 1766 Asin.
700 1727 783 1766 583
819 1724 952 1766 ‘nimis
992 1740 1107 1779 aegre
1145 1727 1268 1766 risum
1306 1722 1470 1765 contini’
1505 1725 1582 1765 Cic.
1609 1726 1660 1764 ad
1685 1725 1728 1771 Q.
1754 1725 1866 1767 fratr.

333 1787 395 1827 III
423 1789 460 1836 2,
489 1789 511 1826 2
553 1784 641 1839 ‘ego
679 1789 813 1825 tamen
850 1782 964 1838 (me)
1002 1788 1116 1826 teneo
1154 1786 1204 1825 ab
1246 1785 1483 1835 accusando,
1525 1786 1594 1824 uix
1636 1784 1868 1838 mehercule,

336 1847 404 1886 sed
434 1849 570 1886 tamen
600 1843 744 1886 teneo’.
807 1845 977 1885 Hastam
1007 1846 1132 1897 igitur
1167 1847 1280 1885 illam
1318 1845 1360 1884 id
1398 1847 1457 1884 est
1492 1846 1608 1896 turpe
1646 1837 1869 1884 conuicium

336 1907 383 1945 de
421 1906 546 1945 Fadia
586 1919 662 1956 quo
702 1907 742 1944 et
779 1904 893 1944 Sicca
930 1906 970 1944 et
1008 1905 1201 1955 Septimia
1239 1907 1309 1943 aut
1352 1904 1610 1944 laedebantur
1653 1905 1723 1943 aut
1763 1903 1869 1943 laedi

335 1968 522 2016 poterant
558 1965 729 2004 remouit
766 1963 902 2003 Cicero
941 1977 1182 2014 quamquam
1222 1965 1373 2003 inuitus
1417 1964 1459 2003 id
1503 1965 1607 2003 fecit.
1676 1963 1869 2014 Septimia

335 2026 408 2064 illa
436 2025 595 2064 uidetur
621 2023 661 2063 O.
682 2024 797 2063 Fadii
821 2024 1000 2062 libertini
1032 2023 1151 2063 fuisse
1182 2024 1266 2062 filia
1297 2026 1367 2062 aut
1404 2024 1647 2063 manumissa
1685 2036 1709 2062 a
1741 2022 1869 2074 Septi-

337 2086 416 2124 mio
449 2084 621 2134 quodam
653 2086 722 2122 aut
753 2083 945 2134 adoptata
977 2085 1139 2134 eiusque
1171 2083 1339 2123 coniunx
1372 2083 1504 2122 Siccat'
1540 2095 1564 2121 a
1597 2096 1673 2133 quo
1708 2095 1869 2129 uxorem

339 2144 538 2195 quondam
566 2143 674 2182 haud
697 2143 827 2182 inuito
847 2143 1072 2182 abduxerat
1097 2143 1148 2181 M.
1168 2143 1367 2183 Antonius
1396 2141 1678 2194 (Mommsenus
1704 2135 1868 2193 Ephem.

338 2204 473 2255 Epigr.
499 2204 519 2242 I
548 2204 660 2242 1872
686 2217 724 2254 p.
753 2197 876 2256 272):
914 2203 1052 2242 scribit
1084 2198 1219 2242 Cicero
1259 2203 1309 2241 ad
1339 2202 1424 2241 Att.
1451 2203 1476 2240 1.
1503 2215 1531 2241 s.
1565 2215 1610 2241 ex
1643 2202 1738 2241 Gali
1771 2201 1870 2241 Fadi

338 2264 422 2303 filia
465 2263 683 2302 uetustiore
727 2263 1012 2313 orthographia
1055 2262 1149 2301 dum
1197 2263 1326 2301 utitur
1374 2262 1492 2301 sicuti
1541 2274 1643 2301 cons.
1672 2257 1868 2313 588s166

340 2322 380 2362 G.
403 2322 602 2373 Sulpicius
635 2321 757 2361 Galus
790 2322 979 2361 scribitur
1009 2323 1051 2360 in
1077 2323 1193 2361 fastis
1220 2321 1456 2372 Capitolinis
1483 2316 1735 2375 (Mommseni
1759 2320 1827 2359 RF
1851 2321 1872 2359 I

338 2396 376 2432 p.
406 2380 507 2433 119)
547 2381 760 2431 eademque
798 2382 926 2421 forma
963 2383 1207 2433 cognominis
1244 2383 1393 2432 passim
1429 2381 1577 2433 legitur
1613 2380 1655 2419 in
1698 2381 1871 2419 nummis

340 2444 380 2481 et
410 2441 609 2492 lapidibus
642 2436 917 2494 (Wilmannsii
949 2442 1111 2492 exempl.
1140 2436 1255 2495 264).

462 2496 603 2542 1318.
641 2501 781 2541 Festus
813 2516 850 2552 p.
879 2502 976 2551 298,
1005 2503 1027 2539 7
1075 2498 1199 2540 ‘Sollo
1244 2501 1340 2540 Osce
1385 2501 1531 2539 dicitur
1573 2499 1614 2538 id
1659 2500 1763 2550 quod
1800 2512 1871 2538 nos

340 2563 470 2601 totum
513 2574 712 2600 uocamus.
783 2561 959 2599 Lucilius
1005 2557 1160 2600 “suasa
1202 2574 1360 2610 quoque
1401 2561 1560 2599 omnino
1604 2559 1753 2598 dirimit
1793 2572 1871 2598 11011

342 2622 440 2660 sollo
473 2617 698 2671 dupundi’'‚
730 2621 771 2658 id
803 2622 863 2659 est
888 2633 966 2659 11011
991 2617 1105 2659 tota’.
1156 2633 1253 2659 uasa
1279 2619 1534 2669 Auyustinus.
1583 2618 1647 2657 Ad
1676 2618 1872 2668 Scipionis

341 2682 413 2719 illa
443 2682 485 2718 in
524 2681 664 2718 castris
703 2681 795 2718 ante
825 2680 1086 2718 Numantiam
1125 2693 1224 2729 quae
1261 2679 1470 2729 proposuit
1506 2678 1636 2718 edicta
1677 2673 1790 2731 (conf
1822 2677 1873 2715 ad

340 2738 408 2778 lib.
434 2739 491 2777 XI
516 2753 552 2776 11.
582 2739 665 2777 398
692 2738 787 2776 XIV
812 2752 848 2776 u.
877 2732 982 2791 473)
1014 2740 1164 2788 primus
1195 2751 1354 2777 uersum
1384 2738 1542 2776 rettulit
1573 2735 1765 2788 Corpetus
1804 2733 1872 2787 (ad

342 2800 479 2837 incert.
506 2794 710 2852 XXXIX):
744 2811 816 2849 ego
850 2792 970 2851 (stud.
997 2797 1120 2837 Lucil.
1148 2811 1185 2847 p.
1214 2799 1280 2837 52.
1310 2792 1384 2851 53)
1416 2798 1632 2836 arbitratus
1665 2810 1752 2836 sum
1783 2809 1872 2835 con-

342 2859 493 2897 firmari
540 2859 642 2896 hanc
692 2857 929 2897 sententiam
982 2857 1126 2897 collato
1173 2853 1314 2909 [Plut]
1364 2857 1526 2907 apopth.
1559 2855 1662 2907 Scip.
1694 2857 1789 2895 min.
1818 2857 1871 2895 16

343 2933 380 2969 p.
410 2919 491 2957 201
510 2916 538 2957 C
571 2923 648 2956 τῶν
681 2912 717 2956 δ’
752 2915 955 2970 ἀργυρέων
986 2915 1147 2968 ἔκπωμα
1179 2915 1226 2956 οὐ
1259 2917 1390 2968 μεῖζον
1422 2915 1493 2956 δύο
1527 2918 1667 2969 λιτρῶν
1704 2914 1873 2968 συνεχώ-

345 2989 437 3029 ρησε
470 2979 551 3024 τοῖς
583 2975 838 3029 βουλομένοις
869 2975 978 3029 ἔχειν.
1028 2977 1166 3027 Neque
1198 2978 1332 3015 tamen
1360 2973 1452 3015 ‘non
1476 2977 1570 3015 sollo
1596 2972 1789 3024 dupmzdi’
1815 2976 1874 3014 ita

346 3038 472 3087 accipi
503 3038 652 3087 potest,
689 3038 735 3075 ut
766 3038 819 3076 sit
851 3033 943 3075 ‘non
974 3038 1087 3075 totius
1118 3033 1326 3086 dupundi&
1358 3036 1608 3075 accusatiuus
1638 3034 1731 3074 sollo
1769 3035 1874 3073 enim
