2060 3444
695 249 910 286 XXVIII-u,
940 253 1020 286 801.
1072 249 1191 285 XXIX
1216 262 1252 285 u.
1280 253 1360 285 802.
1714 247 1798 292 281

247 366 327 407 hon
358 377 505 417 magno
538 364 754 404 interuallo
786 364 979 415 temporis
1012 363 1196 403 distineri
1228 377 1253 403 a
1284 363 1459 403 XXVI-H
1490 365 1803 404 consentaneum

241 418 319 465 est.
369 424 568 477 Loquitur
599 425 726 477 igitur
750 425 930 471 Lucilius
956 425 1003 464 de
1029 425 1232 476 praefecto
1258 437 1330 465 suo
1358 436 1476 475 quem
1502 426 1550 464 ut
1576 425 1802 475 exemplum

238 486 365 526 affert
394 484 567 525 hominis
599 485 707 526 claro
746 486 833 525 loco
872 486 968 525 orti:
1007 485 1145 525 eodem
1184 485 1301 524 modo
1334 485 1472 524 quen.
1499 485 1599 523 VIII
1629 486 1683 524 14
1718 482 1804 524 ‘cur

249 546 517 598 Allobrogicis
549 548 590 585 et
615 559 764 599 magna
789 546 965 599 gaudeat
990 559 1062 586 ara
1086 547 1207 586 natus
1232 547 1275 585 in
1302 545 1499 585 Herculeo
1527 545 1675 585 Fabius
1701 542 1800 584 larc'

249 621 281 647 e.
302 620 339 658 q.
360 619 389 646 s.
447 605 605 647 Omisso
649 607 810 646 nomine
854 606 1073 659 gentilicio·
1105 606 1149 653 Q.
1176 600 1416 660 Max(imus)
1460 605 1701 657 inscriptum
1744 608 1804 646 est

249 667 434 707 denariis·
449 669 580 720 gentis
606 667 754 707 Fabiae
781 681 843 719 ap.
864 667 1044 706 Babelon
1070 668 1277 706 monnaies
1304 667 1340 705 d.
1367 667 1392 705 1.
1418 663 1573 718 republ.
1598 667 1619 705 I
1644 668 1803 718 9482

230 729 355 773 ,4832
387 728 481 767 uide
514 728 566 768 ad
596 728 664 767 lib.
690 728 801 767 XXX
827 743 864 767 u.
892 741 920 768 s.
948 741 977 767 s.
1035 727 1135 767 Cum
1167 727 1293 767 Fabio
1325 740 1571 779 anonymum
1604 727 1804 778 quendam

250 802 370 840 quem
394 790 622 828 uaricoswm
645 792 824 829 uatacem
850 789 1032 840 appellat
1057 789 1196 828 eodem
1221 788 1340 828 modo
1365 788 1430 827 hic
1456 788 1663 827 coniunxit
1683 789 1806 839 poeta

250 849 371 890 sicuti
401 849 468 888 lib.
495 849 537 888 Π
561 863 599 889 ιι.
629 851 682 889 77
728 853 899 890 catanam
948 850 1151 901 quendam
1201 862 1292 889 cum
1335 849 1505 888 Manlio:
1555 846 1691 902 ῥοικός
1740 848 1805 887 uel

250 909 389 964 ῥαιβός
420 925 479 958 τις
510 909 724 964 στρατηγός
756 911 910 962 placuit
941 910 1183 950 Archilocho
1215 911 1357 963 fragm.
1387 910 1441 949 58
1457 910 1502 949 Β.

932 1192 1138 1249 ΧΧΙΧ.

373 1296 563 1338 Ordinem
595 1300 814 1341 metrorum
845 1300 887 1338 in
918 1299 994 1338 hoc
1023 1299 1127 1338 libro
1159 1299 1264 1338 hunc
1293 1299 1416 1338 fuisse
1442 1300 1488 1338 ut
1512 1294 1633 1350 primi
1658 1287 1810 1338 fuerint

254 1358 488 1419 septenarii,
527 1361 748 1410 sequantur
785 1359 952 1410 senarii,
989 1361 1103 1399 tertii
1140 1361 1223 1400 sint
1252 1360 1499 1416 hexametri,
1537 1361 1626 1398 tum
1661 1357 1808 1398 iterum

254 1415 474 1471 sequantur
504 1415 745 1488 septenarii,
785 1420 961 1460 extremo
1000 1421 1088 1460 loco
1126 1420 1250 1472 positi
1286 1421 1439 1460 fuerint
1475 1420 1623 1460 iterum
1662 1420 1808 1459 senarii

254 1476 511 1549 exposuimus¹
541 1476 722 1535 prolegg.
747 1495 785 1532 p.
814 1480 924 1520 CVII
939 1493 1047 1532 seqq.
1098 1481 1219 1520 Liber
1243 1480 1369 1534 igitur
1395 1479 1628 1521 continebat
1653 1476 1809 1520 saturas

254 1541 466 1580 minimum
490 1541 546 1581 V:
578 1554 706 1592 neque
731 1538 875 1593 plures
892 1542 1015 1601 fuisse
1041 1543 1138 1581 item
1166 1536 1423 1594 exposuimus
1437 1540 1628 1595 prolegg.
1648 1551 1689 1593 p.
1710 1534 1808 1581 CXI.

1012 1678 1048 1714 1.

294 1777 321 1783 ⁴-
378 1755 492 1800 802.
523 1759 679 1798 Nonius
710 1774 748 1810 p.
779 1761 882 1809 186,
910 1761 964 1799 26
1007 1757 1206 1811 ‘Vomica,
1252 1731 1428 1800 concaua
1472 1760 1560 1799 loca
1608 1731 1811 1800 uetustate

258 1832 384 1859 exesa.
435 1820 615 1860 Lucilius
640 1820 710 1859 lib.
736 1820 932 1860 XXVIIII
966 1817 1153 1871 “tyroneo
1180 1824 1214 1860 et
1240 1852 1247 1859 .
1270 1850 1277 1858 .
1300 1852 1307 1859 .
1333 1822 1488 1860 uomica
1507 1823 1553 1861 ct
1576 1816 1808 1860 uulnera’fff

258 1881 379 1920 Recte
404 1880 686 1920 Lachmannus
720 1877 812 1919 ‘non
847 1881 1058 1921 mortifero·
1087 1881 1267 1920 adfectus
1297 1881 1477 1921 uomicae
1503 1878 1697 1920 uulnere':
1731 1880 1810 1921 Cic.

257 1953 330 1991 pro
358 1939 472 1980 Sulla
500 1942 553 1981 73
584 1937 755 1992 ‘accepit
779 1941 821 1980 P.
844 1941 967 1993 Sulla,
999 1941 1162 1992 iudices,
1194 1942 1342 1983 uulnus
1369 1942 1582 1981 uehemens
1608 1944 1648 1981 et
1672 1942 1809 1981 morti-

258 1997 417 2051 ferum’,
447 2001 537 2040 Liu.
563 2001 584 2040 I
611 2002 679 2052 25,
709 2003 731 2040 7
767 1998 842 2041 ‘ita
866 2003 979 2041 ratus
1006 2004 1223 2052 secuturos,
1254 2004 1300 2041 ut
1329 2015 1526 2053 quemque
1551 2003 1717 2043 uulnere
1744 2001 1812 2041 ad-

258 2062 407 2101 fectum
445 2074 589 2113 corpus
630 2059 805 2102 sineret’.
877 2062 1011 2113 Atque
1053 2064 1260 2103 uomicam*
1298 2076 1378 2103 non
1421 2063 1570 2102 uulnus
1615 2075 1700 2103 esse
1743 2063 1812 2102 sed

258 2123 393 2172 ulcus,
431 2135 547 2162 nemo
584 2123 730 2162 nescit:
774 2135 869 2174 ergo
906 2124 1223 2175 intellegendum
1262 2136 1346 2164 esse
1383 2125 1484 2175 puto
1522 2123 1689 2178 uulnus,
1733 2136 1812 2174 quo

259 2184 417 2222 uomica
455 2184 528 2222 aut
558 2185 668 2223 secta
699 2197 724 2222 a
761 2184 916 2223 medico
955 2178 1078 2237 (Cels.
1104 2183 1141 2221 V
1170 2185 1238 2233 28,
1267 2187 1286 2223 1
1330 2181 1447 2223 ‘Tum
1486 2184 1628 2224 deinde
1666 2184 1813 2225 uulnus

260 2244 366 2283 sicut
391 2245 522 2282 cetera
548 2243 693 2283 adusta
718 2244 939 2283 curandum
971 2239 1067 2298 est')
1101 2247 1173 2283 aut
1204 2257 1299 2284 casu
1331 2245 1505 2295 quodam
1536 2257 1723 2295 percussa
1749 2244 1811 2283 sit.

260 2303 348 2343 Hoc
379 2304 466 2342 ueri
497 2303 668 2344 similius
699 2304 772 2343 illo
805 2317 889 2343 esse
930 2305 1063 2344 uerbis
1100 2317 1181 2344 mm
1217 2307 1416 2355 mortifero
1454 2306 1653 2345 euincitur
1691 2306 1813 2355 atque

262 2365 331 2415 agi
361 2363 410 2403 de
440 2363 614 2413 homine,
646 2364 710 2404 cui
742 2364 888 2415 aliquis
919 2365 1079 2416 plagam
1113 2366 1326 2405 mortalem
1350 2366 1498 2405 inferre
1524 2366 1618 2404 dum
1646 2367 1815 2405 conatur

260 2425 458 2464 uomicam
498 2426 711 2475 aperuerit.
780 2425 857 2464 Pro
895 2427 1051 2475 tyroneo
1089 2425 1262 2465 editores
1299 2425 1478 2465 Dousam
1516 2427 1644 2465 secuti
1685 2428 1813 2477 septe-

262 2484 420 2524 narium
458 2483 553 2523 dum
590 2486 842 2525 constituunt
879 2486 1126 2536 scripserunt
1165 2483 1372 2526 ‘Ghironeo
1411 2488 1452 2526 et
1488 2499 1568 2526 non
1606 2486 1813 2526 mortifero

263 2544 444 2584 adfectus
489 2545 669 2585 uomicae
713 2543 905 2586 uulnere'.
982 2545 1060 2586 Sed
1106 2547 1209 2586 nihil
1258 2547 1310 2586 ad
1359 2560 1462 2596 rem,
1514 2546 1621 2597 quod
1670 2546 1814 2586 medici

264 2599 386 2659 (Cels.
412 2605 449 2643 V
477 2605 545 2657 28,
573 2606 597 2644 5
626 2606 720 2645 cons
741 2605 842 2645 Poll.
868 2606 927 2646 IV
950 2604 1060 2658 196)
1102 2606 1150 2646 de
1189 2606 1385 2647 Chironeo
1423 2608 1549 2647 ulcere
1587 2607 1813 2657 proferunt:

263 2678 392 2716 neque
423 2664 666 2718 Χειρώνειον
711 2664 821 2714 ἕλκος
866 2667 974 2718 apud
1013 2667 1156 2707 Zenob.
1188 2680 1300 2718 prou.
1328 2667 1386 2706 VI
1412 2669 1488 2718 46,
1534 2667 1640 2719 quod
1682 2668 1815 2718 ipsum

263 2725 516 2765 mortiferum
541 2726 688 2766 uulnus
714 2726 939 2778 significare
965 2728 1129 2778 exponit
1154 2727 1327 2779 scriptor
1350 2739 1478 2778 neque
1506 2740 1608 2778 quae
1628 2728 1814 2767 Eustath.

265 2785 316 2824 ad
340 2785 456 2824 Iliad.
482 2785 520 2825 A
547 2786 602 2825 55
629 2800 668 2836 p.
694 2787 764 2836 45,
791 2788 846 2825 42
881 2786 955 2826 ὅσα
985 2787 1170 2840 &vacca-327
1202 2786 1297 2828 ὄντα
1329 2782 1471 2827 δέοιντ’
1506 2785 1558 2827 ἂν
1584 2787 1720 2840 ἰατροῦ
1744 2792 1815 2826 τοῦ

264 2844 468 2897 Χείρωνος
505 2846 686 2896 appellat
722 2846 893 2886 uulnera
931 2847 981 2885 ad
1021 2847 1128 2887 hunc
1166 2861 1202 2887 u.
1241 2850 1411 2898 possunt
1454 2848 1666 2898 pertinere.
1733 2847 1816 2899 Agi

265 2904 426 2944 uidetur
455 2905 531 2944 hoc
561 2919 598 2944 u.
631 2906 680 2944 de
710 2906 853 2946 Iasone
886 2906 1076 2956 Pheraeo,
1108 2908 1176 2946 cui
1206 2908 1353 2958 aliquis
1385 2907 1637 2947 mortiferum
1668 2907 1815 2947 uulnus

265 2965 412 3004 inferre
450 2964 668 3005 meditatus
705 2966 903 3006 uomicam
944 2967 1080 3018 gladio
1125 2969 1358 3018 perruptam
1403 2969 1605 3007 curauisse
1649 2967 1815 3007 dicitur:

266 3025 362 3065 conf
383 3025 487 3066 Plut.
521 3025 569 3065 de
593 3026 743 3069 inimic.
769 3026 892 3066 utilit.
918 3039 1004 3081 cap.
1034 3028 1058 3066 6
1084 3041 1122 3083 p.
1151 3028 1206 3068 89
1224 3026 1253 3067 Ο
1273 3024 1428 3081 ’Ὠσπερ
1458 3026 1532 3086 γὰρ
1565 3025 1586 3068 ὃ
1617 3025 1687 3068 τὸν
1718 3028 1816 3075 Θεσ-
