2060 3444
838 285 872 321 V
896 297 933 323 u,
963 288 1164 322 181-188.
1711 283 1767 327 79

340 397 342 399 ’
393 399 452 439 Vt
481 399 649 451 periisse
681 399 794 450 uelis,
827 412 946 451 quem
977 401 1107 439 uisere
1138 398 1314 439 nolueris
1347 411 1437 438 cum

303 467 370 500 185
396 459 603 499 Debueris.
666 459 754 500 Hoc
788 457 993 500 ‘nolueris'
1029 462 1069 499 et
1102 456 1316 499 ‘debueris'
1350 461 1391 499 te

396 519 440 559 Si
471 521 607 559 minus
639 520 815 560 delectat
847 515 974 575 (quod
1005 515 1222 574 atechnon)
1255 521 1296 559 et
1327 520 1615 559 Eissocratium
1646 520 1722 559 hoc

394 580 645 631 Lerodesque
679 582 799 620 simul
830 582 962 621 totum
995 593 1041 620 ac
1072 581 1107 619 si
1138 580 1388 633 miraciodes,

395 641 487 680 Non
519 654 683 692 operam
713 641 851 693 perdo,
882 643 918 681 si
947 642 994 681 tu
1027 641 1104 680 hic.

212 761 283 802 Bis
315 763 362 801 ut
386 763 489 802 solet
513 762 692 801 Lucilius
725 763 766 801 et
790 761 927 801 Latini
953 773 1089 801 omnes
1116 762 1254 800 omisit
1277 761 1445 800 uerbum
1470 761 1769 801 substantiuum

215 835 304 862 cum
336 822 560 862 subiectum
599 823 653 862 sit
689 835 927 873 pronomen:
966 823 1128 873 scripsit
1164 823 1199 861 si
1230 825 1273 861 tu
1303 823 1375 868 hic,
1407 823 1432 860 i.
1455 835 1485 861 e.
1513 822 1549 861 si
1586 823 1632 860 tu
1673 822 1768 861 talis

215 895 256 922 es
290 878 404 934 (Hor.
432 883 546 934 epist.
565 883 587 922 I
613 884 658 934 6,
685 884 742 923 40
776 880 840 922 ‘ne
871 882 995 921 fueris
1026 882 1092 921 hic
1123 877 1225 937 tu'),
1263 883 1304 921 et
1341 882 1444 932 quod
1475 879 1657 935 ἄτεχνον,
1689 882 1715 920 i.
1737 895 1768 921 e.

214 942 322 994 quod
358 956 439 983 non
477 943 575 983 artis
614 945 692 993 est,
731 943 800 982 sed
839 955 936 982 casu
973 943 1014 982 et
1051 944 1192 994 sponte
1229 942 1330 982 mihi
1366 943 1410 981 in
1447 942 1614 982 buccam
1644 943 1768 981 uenit.

213 1003 344 1043 Nihili
385 1005 445 1043 est
488 1002 642 1056 τεχνίον
687 1003 794 1054 quod
835 1004 1072 1054 receperunt
1108 1003 1255 1043 Lucilii
1294 1003 1466 1043 editores
1505 1015 1528 1042 a
1567 1002 1770 1055 Scaligero

177 1110 180 1115 Ι
214 1064 494 1116 excogitatum,
534 1063 603 1115 qui
638 1065 744 1103 recte
782 1062 957 1117 ληρῶδες
994 1065 1234 1114 acceperunt
1277 1063 1327 1103 ab
1365 1063 1503 1103 eodem
1546 1065 1769 1113 inuentum,

213 1125 319 1164 male
345 1124 446 1163 illud
471 1123 808 1178 συμμειρακιῶὸες
833 1124 940 1175 quod
966 1126 1076 1164 caret
1099 1125 1256 1163 ratione
1281 1123 1479 1164 traditum
1503 1124 1545 1162 in
1565 1123 1769 1163 nonnullis

214 1184 418 1225 codicibus
451 1185 736 1224 tolerauerunt.
809 1185 1098 1224 Eissocratium
1140 1179 1240 1239 (qua
1281 1184 1329 1224 de
1369 1197 1557 1224 mensura
1596 1184 1770 1224 nominis

214 1245 310 1286 conf
336 1245 400 1283 W.
422 1244 605 1284 Schulzei
636 1246 788 1296 quaest.
823 1258 883 1296 ep.
903 1259 941 1296 Ρ.
966 1246 1049 1284 142
1083 1245 1245 1297 Pregeri
1276 1245 1462 1296 Inscript.
1491 1244 1628 1284 Graec.
1655 1247 1768 1284 metr.

216 1306 314 1345 156.
361 1305 465 1355 157,
509 1305 557 1345 de
601 1307 799 1356 scriptura
842 1306 1112 1346 Baumeisteri
1148 1318 1322 1345 monum.
1350 1307 1503 1356 antiqu.
1531 1306 1644 1345 class.
1672 1318 1700 1345 s.
1731 1319 1770 1344 u.

213 1360 429 1420 Isocrates)
455 1365 605 1405 habent
629 1367 735 1406 recte
759 1367 905 1406 omisso
927 1369 982 1405 est
999 1365 1101 1405 codd
1121 1365 1238 1412 QZX
1255 1366 1412 1406 Hertzii
1431 1361 1709 1421 (eisocratium
1722 1366 1771 1415 X,

215 1427 272 1466 eis
323 1427 562 1466 socraticum
606 1421 675 1481 Z),
728 1426 834 1466 unde
884 1428 1055 1477 apparet
1105 1426 1328 1466 subiectum
1377 1427 1500 1466 fuisse
1550 1439 1769 1477 pronomen

216 1487 426 1538 quoddam.
483 1485 599 1533 Quod
624 1499 797 1540 agnosco
829 1488 872 1526 in
905 1487 1053 1526 litteris
1088 1487 1352 1540 Ῑ-οχληρωὸες
1378 1499 1467 1538 que,
1494 1487 1601 1537 quod
1626 1486 1770 1525 habuit

214 1547 252 1587 X
275 1561 327 1587 m.
351 1550 388 1598 1,
420 1559 509 1586 cum
541 1561 592 1586 m.
616 1550 640 1587 2
674 1548 795 1587 sicuti
820 1548 892 1586 alii
915 1547 1064 1586 habeat
1093 1547 1310 1586 absurdum
1334 1548 1410 1586 hoc
1435 1546 1655 1599 οχληρωδες
1682 1559 1768 1597 que.

213 1607 320 1647 Nam
350 1607 540 1647 librarius
573 1607 782 1658 archetypi
811 1607 937 1647 uerba
973 1608 1043 1646 hoc
1080 1607 1330 1660 ληρῶδεσςμιθ
1361 1620 1442 1647 non
1472 1608 1604 1646 minus
1634 1608 1769 1657 inepte

215 1668 365 1707 fecerat
403 1667 554 1707 Graeca
592 1667 644 1706 ad
682 1681 806 1707 unum
844 1668 979 1707 omnia
1017 1667 1222 1707 scribendo
1263 1664 1483 1720 ὅχληρωδες
1520 1680 1615 1718 que,
1648 1680 1771 1718 quam

216 1740 263 1767 ea
307 1741 409 1779 quae
447 1728 716 1778 sequebantur
754 1728 933 1778 corrupit
969 1728 1038 1766 ille
1075 1727 1262 1767 librarius
1308 1729 1379 1778 qui
1414 1729 1552 1778 posuit
1587 1729 1770 1779 ineptum

214 1788 324 1828 istud
366 1789 683 1839 synmiratiodes,
729 1801 819 1827 cum
863 1788 895 1834 Q,
940 1789 1047 1828 recte
1093 1790 1224 1827 seruet
1261 1789 1298 1828 si
1329 1789 1486 1827 miratio
1517 1788 1604 1834 des,
1635 1787 1678 1826 id
1710 1789 1770 1827 est

218 1845 269 1888 ‘si
305 1848 562 1902 μειρακιῶδες
594 1842 763 1903 (similia
793 1848 887 1887 uide
917 1849 961 1887 in
992 1847 1093 1888 codd
1123 1847 1244 1899 Apul.
1264 1848 1312 1887 de
1343 1861 1450 1900 mag.
1471 1861 1556 1899 cap.
1579 1849 1633 1887 22
1667 1847 1768 1887 med.

216 1908 319 1948 Non.
340 1923 378 1960 Ρ.
401 1909 501 1960 478,
530 1909 584 1948 15
611 1908 682 1948 ubi
706 1923 800 1961 εμεα
825 1911 1078 1960 φιλοφθονια
1113 1908 1290 1947 traditur
1314 1922 1387 1959 pro
1409 1921 1428 1948 e
1446 1921 1533 1948 mea
1552 1923 1595 1960 φ.
1616 1922 1653 1959 Ρ.
1670 1910 1771 1958 213,

218 1970 274 2008 24
307 1969 484 2009 eiusdem
516 1969 757 2020 archetypus
791 1969 935 2008 habuit
972 1963 1268 2023 κανὸικαντια);
1303 1970 1451 2008 etenim
1484 1981 1584 2019 opus
1618 1971 1705 2008 erat
1735 1970 1770 2008 si

217 2030 378 2080 iterato,
411 2042 490 2080 quo
521 2031 651 2082 magis
682 2030 973 2069 Eissocratium
1003 2031 1110 2069 recte
1136 2030 1448 2081 intellegeretur.
1505 2029 1621 2068 Dixit
1644 2028 1771 2081 igitur

216 2091 354 2141 poeta:
391 2090 453 2128 Tu
491 2091 669 2130 cessator
705 2090 853 2139 malus,
890 2090 985 2130 talis
1023 2091 1192 2140 amicus,
1224 2091 1270 2129 ut
1305 2091 1471 2140 periisse
1508 2089 1610 2128 uelis
1649 2103 1770 2140 quem

216 2151 346 2190 uisere
389 2150 564 2190 nolueris
608 2163 698 2189 cum
741 2149 936 2190 debueris.
1005 2149 1121 2196 Quod
1163 2150 1513 2190 homoeoteleuton
1556 2151 1591 2189 si
1632 2150 1769 2200 culpas

218 2205 487 2265 (quamquam
531 2223 626 2250 casu
667 2223 749 2250 non
786 2212 872 2250 arte
916 2210 1099 2250 effectum
1150 2204 1228 2265 est)
1274 2210 1419 2261 quibus
1462 2209 1596 2250 uerbis
1641 2211 1771 2249 critici

220 2271 481 2311 sententiolas
520 2270 814 2310 Isocrateorum
844 2271 1042 2321 lacerant,
1080 2283 1152 2323 ego
1184 2283 1265 2310 non
1297 2283 1459 2322 operam
1484 2270 1608 2322 perdo
1639 2283 1770 2321 neque

219 2331 359 2370 stilum
389 2332 563 2381 uertam,
601 2330 799 2382 siquidem
830 2333 876 2370 tu
906 2332 972 2370 hic
1010 2343 1069 2382 es,
1106 2332 1153 2370 ut
1190 2332 1354 2381 periisse
1391 2344 1455 2370 me
1496 2331 1596 2371 uelis
1634 2332 1769 2381 potius

220 2404 342 2441 quam
371 2404 435 2430 me
465 2392 574 2431 uisas
607 2393 825 2443 aegrotum.
882 2392 1171 2431 Eissocratium
1201 2391 1315 2430 nolui
1339 2391 1503 2441 perdere
1530 2392 1769 2442 scripturam

219 2464 269 2490 ne
304 2451 348 2490 in
379 2451 530 2502 duplici
561 2451 723 2502 quidem
758 2464 775 2491 s
807 2452 957 2491 littera.
1019 2452 1156 2491 Plauti
1193 2451 1293 2491 codd
1330 2452 1532 2491 testantur
1562 2451 1771 2491 bassilicus

220 2505 340 2565 (Rud.
362 2512 448 2551 434
483 2510 567 2550 CIL
592 2512 652 2550 IV
680 2514 732 2551 17
741 2506 815 2567 79)
853 2513 981 2552 ueisse
1021 2506 1142 2567 (Rud.
1172 2512 1255 2551 567
1300 2511 1534 2551 Buecheleri
1581 2511 1769 2551 Carmina

219 2571 367 2610 Latina
398 2572 601 2624 epigraph.
621 2572 642 2610 I
669 2573 723 2611 46
750 2586 788 2623 p.
811 2567 906 2627 23)3'
938 2574 1140 2612 detrussus
1164 2571 1344 2611 Lucilius
1370 2572 1438 2611 lib.
1459 2571 1590 2610 XXIX
1610 2586 1647 2610 u.
1669 2572 1768 2611 825.

219 2630 353 2670 Verba
379 2630 530 2671 Graeca
560 2631 719 2672 Latinis
755 2633 903 2672 litteris
941 2632 1084 2683 scripsi
1114 2632 1203 2672 ideo
1236 2633 1331 2683 quia
1363 2631 1529 2671 librario
1562 2632 1770 2682 archetypi

220 2691 355 2730 deberi
367 2692 528 2742 formas,
542 2704 642 2743 quas
663 2692 898 2743 apographa
910 2694 1122 2732 seruarunt
1135 2691 1307 2732 Graecas
1325 2694 1536 2743 perspecta
1548 2691 1769 2731 formarum

221 2753 525 2800 symniraciodes
545 2746 660 2806 (conf
674 2752 755 2791 ind.
773 2765 938 2804 gramm.
960 2765 989 2792 s.
1009 2767 1047 2792 u.
1068 2746 1376 2806 orthographia)
1392 2754 1430 2791 et
1452 2749 1671 2805 ὀχληρῶδες
1691 2753 1768 2791 ori-

221 2811 312 2862 gine
331 2812 454 2861 patet.
505 2811 671 2851 Amicus
697 2812 844 2851 Lucilii
869 2825 1006 2851 eorum
1030 2813 1110 2852 fuit
1133 2814 1177 2852 in
1196 2825 1374 2862 numero,
1400 2813 1471 2863 qui
1490 2813 1769 2862 uituperarent

221 2873 425 2910 oratorum
468 2873 573 2911 artes
613 2873 786 2923 pueriles
831 2872 1024 2923 nouitque
1066 2874 1187 2923 poeta
1223 2872 1412 2911 Isocratis
1448 2872 1770 2911 homoeoteleuta

221 2925 434 2985 (‘nolueris
481 2944 571 2970 cum
610 2928 807 2971 debueris'
840 2934 887 2971 ut
922 2933 1043 2971 Isocr.
1076 2932 1249 2984 Euagor.
1273 2933 1327 2971 14
1352 2946 1391 2982 p.
1415 2932 1498 2971 195
1538 2926 1617 2972 οὔτ’
1658 2930 1708 2971 ἂν
1748 2930 1768 2971 ὅ

221 2989 337 3044 λόγος
369 2990 462 3039 ἴσως
493 2994 575 3039 τοῖς
606 2995 760 3046 καιροῖς
791 2990 996 3046 ἁρμόσειεν
1028 2986 1106 3032 οὔτ’
1140 2989 1191 3031 ἂν
1224 2989 1244 3031 ὁ
1269 2990 1410 3046 χρόνος
1436 2994 1517 3040 τοῖς
1543 2989 1768 3045 λεγομένοις

221 3046 437 3106 ἀρκέσειεν)
482 3051 532 3090 ab
577 3052 817 3092 aduersariis
861 3052 1033 3104 puerilia
1077 3053 1273 3103 appellari
1311 3054 1351 3092 et
1387 3054 1536 3104 inepta.
1606 3051 1769 3091 Clarum
