2060 3444
837 248 975 284 XXVII
999 260 1035 284 u.
1064 250 1264 284 688—691.
1744 246 1829 289 251

279 375 426 414 ponere
470 362 696 403 Muellerus.
759 362 816 403 At
852 363 1030 412 facilius,
1075 363 1235 414 opinor,
1281 366 1315 402 et
1358 362 1491 402 omitti
1533 363 1668 413 potuit
1713 375 1835 413 quam

245 453 247 455 .
280 423 373 463 addi
406 437 430 464 a
457 422 634 463 librario.
691 423 947 463 Consociauit
978 423 1159 462 Lucilius
1189 424 1321 463 iocose
1353 423 1451 463 duos
1485 423 1683 463 ablatiuos
1709 423 1835 463 salute

280 487 315 524 ct
344 484 525 523 uersibus
562 485 703 534 quibus
733 487 879 534 potest:
917 483 1024 535 quod
1055 483 1169 523 addit
1207 483 1346 524 eodem
1377 495 1495 523 sensu
1527 497 1606 534 quo
1638 483 1833 523 Horatius

279 557 398 584 carm.
417 543 477 584 IV
499 545 536 595 8,
561 546 612 584 11
647 541 841 584 ‘carmina
866 556 1075 596 possumus
1102 541 1278 584 donare'.
1331 543 1555 594 Scripserat
1579 544 1682 583 libro
1702 544 1835 583 XXVI

277 619 315 644 u.
338 606 425 646 594
464 617 547 645 sese
588 604 732 645 Siculis
772 604 999 645 Tarentinis
1034 603 1287 645 Consentinis
1320 603 1510 644 scribere:
1552 607 1594 643 at
1624 604 1699 644 1106
1730 604 1833 644 libro

278 665 496 706 secundum
545 665 794 706 Lachmanni
843 666 1056 705 lectionem
1104 668 1314 717 tamquam
1363 664 1539 704 medicus
1589 665 1834 716 reipublicae

278 740 316 777 p.
337 726 382 765 R.
410 727 638 778 aegrotanti
668 727 884 778 pollicetur
915 726 1098 766 salutem.
1163 725 1386 772 Quaesiisse
1427 725 1619 765 nimirum
1650 726 1835 765 nonnulli

277 787 466 826 uidentur
509 788 688 827 homines
739 788 863 827 simili
911 787 1029 827 modo
1081 789 1202 837 atque
1246 786 1435 826 Palladas
1479 785 1556 825 ΑΡ
1582 786 1640 826 ΧΙ
1668 788 1749 826 291
1798 786 1838 826 τί

278 844 487 899 ὠφέλησας
513 846 586 900 τὴν
611 846 729 888 πόλιν
755 847 912 901 στίχους
937 847 1123 902 γράφωνς
1158 847 1214 887 At
1233 848 1429 887 Horatius
1451 860 1565 887 serm.
1586 847 1607 886 Ι
1629 848 1706 898 4,1
1725 859 1833 898 seqq.

278 909 521 948 comicorum
558 908 789 949 Atticorum
832 910 1013 948 ueterum
1057 908 1229 948 similem
1271 921 1355 948 esse
1392 909 1555 959 poetam
1587 909 1733 947 statuit
1766 907 1834 958 qui

277 969 381 1008 tales
414 970 696 1021 conscripserit
725 983 883 1010 uersus:
916 970 1037 1009 sicuti
1073 968 1278 1020 Aristoph.
1310 968 1430 1020 Vesp.
1454 969 1567 1008 1043
1608 981 1692 1008 sese
1734 968 1836 1008 dixit

223 1077 225 1079 ι
278 1027 530 1082 ἀλεξίκακον,
580 1036 650 1082 τῆς
693 1029 821 1083 χώρας
864 1029 980 1082 τῆσδε
1023 1028 1252 1082 καθαρτήν,
1296 1030 1420 1069 Ranis
1467 1030 1551 1069 686
1596 1029 1835 1080 pronuntiat

277 1087 346 1130 τὸν
390 1089 497 1144 ἱερὸν
541 1090 659 1144 χορὸν
705 1090 862 1131 δίκαιόν
905 1088 985 1130 ἐστι
1028 1089 1175 1144 χρηστὰ
1213 1093 1261 1147 τῇ
1299 1089 1409 1130 πόλει
1447 1089 1736 1142 ξυμπαραινεῖν
1767 1088 1834 1129 καὶ

278 1149 479 1190 διδάσκειν
523 1153 622 1203 κτλ.,
667 1152 773 1191 ciues
818 1164 909 1191 suos
954 1151 1185 1202 adloquitur
1227 1150 1493 1191 Archilochus
1538 1151 1681 1203 fragm.
1716 1151 1772 1190 50
1786 1151 1832 1189 B.

276 1210 387 1251 Haec
413 1224 486 1264 ego
513 1212 713 1262 quondam
738 1211 1042 1252 Lachmannum
1067 1213 1227 1252 secutus
1247 1213 1414 1262 exposui
1431 1211 1512 1251 ind.
1533 1211 1622 1251 lect.
1643 1211 1830 1252 Rostoch.

279 1267 435 1325 1888s9
468 1286 506 1323 p.
531 1274 604 1312 12:
642 1286 747 1313 nunc
786 1273 826 1312 et
857 1272 996 1312 Plauti
1034 1286 1154 1313 uersu
1184 1272 1256 1312 illo
1288 1273 1437 1312 rectius
1470 1285 1533 1311 me
1565 1273 1628 1311 uti
1659 1272 1834 1312 arbitror

277 1332 311 1373 si
343 1333 523 1373 statuero
554 1334 695 1384 utique
727 1346 848 1373 unam
881 1346 1094 1384 personam
1126 1346 1150 1372 a
1182 1334 1303 1385 poeta
1335 1333 1476 1373 debere
1509 1333 1720 1384 appellari,
1752 1346 1832 1373 non

276 1394 406 1433 totam
449 1407 487 1445 p.
507 1394 553 1433 R.
579 1394 871 1445 rempublicam
915 1407 1036 1446 quam
1081 1394 1211 1434 salute
1255 1394 1325 1433 ille
1368 1393 1593 1445 impertiat,
1635 1407 1707 1433 nec
1750 1406 1834 1433 rem

269 1454 474 1503 publicam
516 1468 632 1507 posse
670 1454 751 1494 dici
787 1467 869 1495 rem
899 1456 1042 1505 populi
1085 1455 1232 1506 ipsam:
1272 1454 1443 1506 denique
1482 1456 1608 1494 artius
1648 1456 1833 1505 oportere

278 1514 473 1554 editorem
505 1516 620 1566 sequi
658 1516 816 1555 litteras
851 1515 959 1567 apud
990 1515 1166 1555 Nonium
1204 1515 1387 1555 traditas.
1448 1515 1593 1566 Itaque
1623 1516 1715 1554 ilem
1746 1528 1767 1554 e
1799 1518 1834 1554 tc

277 1574 355 1614 erit
385 1576 644 1615 statuendum
676 1589 760 1616 esse
791 1577 897 1615 111616
927 1577 1141 1626 mutatum,
1165 1577 1309 1625 populi
1336 1577 1570 1615 uocatiuum
1603 1588 1686 1615 esse
1717 1576 1833 1625 Popli

276 1635 397 1675 sicuti
426 1649 500 1686 pro
531 1637 727 1676 Publilius
752 1637 937 1686 publicus
969 1636 1157 1676 scribitur
1181 1637 1372 1675 Poblilius
1397 1637 1582 1686 poplicus
1610 1636 1760 1676 similia
1791 1638 1832 1675 et

277 1697 469 1747 scriptam
501 1710 583 1736 esse
614 1698 717 1736 hanc
746 1699 926 1737 saturam
951 1697 1016 1736 uel
1041 1697 1147 1736 hunc
1171 1697 1319 1736 librum
1346 1696 1500 1735 XXVII
1525 1697 1576 1735 ad
1603 1696 1831 1747 Scipionem

277 1757 447 1795 eundem
492 1757 602 1796 cuius
645 1757 839 1797 iudicium
882 1757 985 1796 libro
1017 1757 1150 1796 XXVI
1193 1757 1418 1808 repudiarit
1456 1758 1578 1808 poeta
1619 1752 1675 1810 (u.
1711 1751 1829 1811 594).

278 1815 352 1856 Oui
396 1830 486 1857 cum
523 1818 721 1869 placuisse
759 1831 907 1858 nouam
945 1817 1094 1858 Lucilii
1125 1819 1271 1869 ‘poesin
1308 1818 1486 1858 audisset
1524 1819 1680 1868 auctor,
1725 1819 1831 1857 hunc

278 1877 452 1917 alterum
483 1877 623 1918 statim
652 1878 800 1918 librum
833 1878 884 1918 ad
916 1892 1006 1918 eum
1037 1879 1162 1918 misit:
1207 1891 1325 1929 quem
1366 1878 1515 1917 librum
1547 1878 1598 1917 ad
1628 1878 1830 1918 hominem

277 1937 427 1977 ordinis
460 1938 651 1978 senatorii
681 1939 849 1979 missum
881 1940 1003 1979 fuisse
1036 1939 1285 1979 demonstrat
1315 1953 1354 1978 u.
1379 1940 1477 1978 690.

397 1994 508 2040 690.
541 1999 696 2039 Nonius
728 2014 766 2051 p.
788 2001 892 2050 374,
921 2001 974 2039 22
1011 1997 1227 2049 ‘Proferre,
1263 2000 1401 2050 palam
1438 2000 1579 2039 facere.
1649 1999 1829 2039 Lucilius

276 2058 343 2098 lib.
369 2059 523 2099 XXVII
561 2057 770 2109 “proferat
807 2073 894 2111 erqo
977 2092 984 2099 .
1012 2057 1280 2100 admiserit''.'
1351 2060 1560 2109 Proferam
1599 2072 1664 2109 690
1702 2059 1828 2099 Lach-

275 2132 445 2159 mannus
482 2120 691 2169 Proferam
726 2120 810 2161 iam
851 2133 955 2171 cryc,
993 2122 1088 2160 ordo
1128 2123 1255 2160 uester
1295 2120 1522 2159 Muellerus.
1587 2120 1665 2160 Sed
1695 2121 1827 2160 Plaut.

275 2179 410 2219 Aulul.
440 2182 523 2220 232
560 2178 686 2220 ‘meus
717 2195 780 2221 me
806 2181 902 2220 ordo
928 2179 1117 2221 inrideat'
1147 2180 1225 2221 Cic.
1251 2181 1365 2220 Brut.
1395 2182 1480 2221 180
1509 2178 1650 2221 ‘nostri
1677 2181 1828 2220 ordinis

277 2240 321 2286 Q.
344 2239 584 2291 Sertorium,
625 2243 821 2292 equestris
855 2240 894 2280 G.
918 2239 1180 2294 Gargonium'
1216 2242 1300 2281 205
1336 2239 1470 2281 ‘homo
1503 2243 1614 2280 extra
1646 2243 1828 2281 nostrum

276 2300 454 2339 ordinem
479 2314 567 2340 meo
593 2302 742 2342 iudicio
768 2299 1068 2342 disertissimus'
1090 2302 1132 2340 in
1145 2302 1257 2341 Verr.
1272 2302 1335 2341 III
1351 2303 1419 2351 97,
1436 2302 1520 2341 225
1544 2299 1828 2353 ‘perniciosum

276 2362 411 2400 uestro
444 2359 603 2400 ordini’.
662 2359 827 2402 ‘scelera
859 2375 961 2412 quae
993 2364 1035 2402 111
1068 2375 1108 2402 se
1141 2359 1364 2402 admiserit'
1397 2362 1503 2401 idem
1528 2375 1669 2403 uersus
1696 2363 1826 2402 exitus

276 2420 364 2459 Ter.
391 2421 550 2461 Phorm.
580 2424 667 2462 270
713 2420 888 2474 ‘culpam
932 2424 978 2462 ut
1021 2422 1201 2474 Antipho
1246 2423 1288 2461 in
1332 2435 1374 2462 se
1418 2420 1639 2462 admiserit'
1686 2417 1826 2477 (415).

277 2480 389 2520 Serio
427 2494 478 2520 an
516 2496 588 2533 per
623 2484 756 2523 iocum
795 2484 855 2522 ita
886 2485 1063 2523 minatus
1096 2484 1150 2524 sit
1181 2484 1319 2534 poeta,
1349 2496 1430 2522 non
1460 2483 1599 2534 liquet.
1663 2481 1826 2523 Ordinis

276 2542 468 2581 senatorii
504 2542 662 2596 flagitia
697 2544 771 2583 illa
808 2545 940 2584 aetate
972 2545 1199 2594 protulerat
1230 2544 1289 2582 Ti.
1317 2542 1537 2593 Gracchus,
1575 2556 1665 2582 cum
1696 2544 1826 2596 legem

274 2601 527 2642 iudiciariam
582 2604 706 2643 ferret
761 2617 880 2654 quam
936 2606 1076 2655 postea
1133 2604 1322 2645 dissuasit
1379 2603 1513 2655 Scipio
1574 2603 1825 2644 Aemilianus

276 2657 479 2716 (Meyerus
511 2659 652 2702 ORF2
675 2678 714 2715 p.
737 2658 860 2718 191):
902 2665 1024 2704 simili
1056 2664 1173 2704 modo
1205 2666 1346 2716 postea
1378 2664 1418 2704 G.
1441 2663 1641 2704 Gracchus
1673 2665 1825 2704 ordinis

275 2722 468 2762 senatorii
522 2724 678 2776 flagitia
733 2726 774 2764 et
828 2725 977 2764 scelera
1031 2725 1203 2776 protulit
1262 2719 1464 2779 (Meyerus
1520 2725 1545 2763 l.
1576 2738 1604 2764 s.
1635 2738 1671 2775 p.
1706 2719 1823 2778 236).

277 2780 465 2822 Saturam
496 2796 617 2822 unam
643 2784 735 2823 libri
760 2784 913 2824 XXVII
943 2785 1009 2824 uel
1039 2786 1172 2824 totum
1196 2785 1345 2824 librum
1371 2785 1420 2824 ad
1447 2784 1648 2825 hominem
1675 2785 1824 2825 ordinis

276 2843 466 2882 senatorii
497 2844 659 2883 missam
691 2844 814 2884 fuisse
844 2857 983 2884 uersus
1013 2845 1079 2884 hic
1109 2846 1292 2884 testatur.

397 2897 509 2943 691.
553 2903 708 2944 Nonius
752 2917 790 2955 p.
824 2905 929 2954 320,
963 2906 1015 2944 27
1065 2901 1236 2955 ‘H0n0r,
1280 2905 1499 2955 sepultura.
1549 2905 1823 2944 ...Lucilius

275 2961 342 3001 lib.
371 2962 525 3002 XXVII
570 2960 712 3002 “nullo
755 2964 904 3004 honore
947 2965 1115 3013 clisplctu
1157 2965 1268 3004 nullo
1312 2961 1511 3004 funere’'.'
1586 2964 1823 3004 Ablatiuum

275 3023 368 3070 fletu
398 3025 490 3074 post
519 3023 681 3063 Iunium
713 3016 753 3064 et
783 3024 1012 3064 Fruterium
1043 3027 1244 3077 agnorunt
1270 3025 1518 3069 Duentzcrus
1543 3024 1822 3069 Lachmannus
