2060 3444
743 233 872 269 incert.
900 234 976 269 sed.
1004 246 1037 268 u.
1068 237 1314 269 1318—1319.
1720 233 1808 277 423

264 349 356 388 huic
382 349 604 388 structurae
637 350 855 400 oppugnat.
919 347 1040 386 Recte
1073 344 1221 399 [Caes]
1250 347 1340 386 bell.
1368 347 1453 386 Asr.
1485 349 1551 396 70,
1581 350 1600 386 l
1639 344 1695 386 ‘et
1729 361 1807 386 non

263 409 369 448 totos
396 407 424 447 C
450 419 591 459 passus
617 407 659 446 in
683 407 792 446 horis
818 407 875 446 IV
902 407 1004 447 esset
1028 403 1287 459 progressus':
1319 407 1457 457 itaque
1487 408 1696 459 genetiuus
1722 410 1809 447 erat

262 468 479 519 ponendus,
508 468 546 507 si
577 467 674 518 quid
705 467 930 518 ponendum
964 468 1060 506 erat.
1105 479 1206 506 uasa
1235 468 1341 506 recte
1367 466 1572 506 scribitur:
1604 467 1705 506 nihil
1731 467 1808 506 huc

261 540 426 568 suasum
457 540 518 579 ap.
544 527 677 567 Plaut.
705 527 819 567 Truc.
848 528 928 566 271
972 528 1056 567 siue
1094 527 1152 566 ibi
1188 528 1396 566 insuasum
1433 527 1593 578 legatur
1637 530 1805 578 oportet.

262 587 510 628 Vocabulum
536 587 684 627 Oscum
715 588 757 626 in
788 598 810 626 o
842 586 947 638 quod
980 589 1096 626 exeat
1124 589 1351 638 correptum
1376 599 1523 637 ponere
1549 600 1628 626 non
1655 587 1807 626 ueritus

261 649 322 688 est
346 648 465 691 sicuti
489 649 640 697 scorpio
665 660 737 699 pro
763 648 933 696 scorpe'os
960 647 1028 686 lib.
1055 647 1164 686 XXX
1190 661 1226 685 u.
1257 648 1370 686 1022
1390 648 1503 696 psolo
1532 646 1629 686 VIII
1649 661 1686 686 u.
1709 648 1806 686 304.

262 707 402 748 Potuit
431 707 473 747 id
504 707 744 747 uocabulum
775 707 1047 747 nominatiuus
1080 720 1163 747 esse
1196 707 1411 759 singularis
1437 709 1484 746 ut
1508 708 1636 746 vmsto
1663 707 1806 747 ciuitas

260 768 324 807 uel
363 768 477 807 molto
513 768 641 807 multa
676 762 841 822 (Planta
868 766 955 807 Osc.
982 767 1117 807 Vmbr.
1144 780 1310 819 gramm.
1336 767 1357 806 I
1382 781 1419 818 p.
1448 768 1517 816 80,
1546 768 1569 806 2
1596 767 1638 806 Π
1657 781 1694 819 p.
1717 762 1807 821 83),

259 829 406 868 rectius
431 828 704 868 accusatiuum
730 828 863 867 neutri
888 827 1043 879 generis
1069 840 1152 867 esse
1172 828 1394 867 statuemus
1415 821 1583 880 (Planta
1600 827 1642 866 II
1660 841 1697 878 p.
1722 828 1804 866 118

230 920 233 922 .
261 888 525 928 Buechelerus
551 887 652 927 Mus.
678 887 803 927 Rhen.
829 887 1002 926 XXXIII
1031 888 1143 927 1878
1170 902 1207 939 p.
1236 881 1323 940 47).
1380 887 1523 938 Itaque
1556 888 1590 927 si
1621 887 1673 926 ad
1704 900 1805 926 unsa

259 947 435 999 pertinet
466 948 523 987 nil
555 949 690 999 potuit
720 947 938 1000 significari
969 947 1045 987 nisi
1077 960 1177 987 uasa
1213 948 1371 999 integra
1409 948 1473 987 uel
1511 947 1675 1000 solida:v
1700 947 1805 988 Fest.

259 1022 296 1059 p.
327 1009 424 1058 293,
454 1009 505 1048 15
535 1021 563 1047 s.
590 1022 626 1047 u.
654 1008 896 1048 solitaurilia
929 1005 1089 1048 ‘sollum
1122 1006 1220 1047 Osce
1253 1009 1384 1047 totum
1417 1009 1456 1046 et
1488 1007 1645 1047 soldum
1683 1008 1805 1060 signi-

260 1065 380 1108 ficat'.
449 1068 508 1106 De
547 1069 653 1108 uasis
692 1069 845 1107 soldum
883 1067 1030 1108 dicitur
1072 1068 1291 1119 integrum:
1336 1068 1431 1107 conf
1470 1069 1711 1118 interpretes
1755 1068 1806 1106 ad

259 1128 367 1168 Pers.
393 1128 430 1165 V
457 1130 512 1168 25
548 1125 660 1178 ‘quid
691 1128 859 1167 sole'dum
897 1124 1057 1179 crepet’.
1119 1127 1227 1167 Illud
1266 1128 1415 1167 dirimit
1453 1129 1684 1179 corruptum
1723 1140 1805 1167 esse

259 1189 387 1228 multa
418 1190 512 1228 sunt
544 1201 644 1239 quae
677 1188 888 1239 suadeant3
926 1190 1006 1227 iam
1039 1188 1179 1228 Dousa
1210 1189 1381 1227 coniecit
1416 1187 1666 1228 scribendum
1707 1188 1805 1227 redi-

258 1250 329 1288 mit
358 1249 470 1288 nulla
502 1248 640 1287 addita
671 1248 1021 1299 interpretatione:
1055 1261 1172 1299 quem
1204 1250 1309 1287 recte
1337 1247 1510 1287 arbitror
1535 1248 1731 1288 iudicasse
1756 1248 1804 1286 de

259 1309 454 1348 uocabulo
486 1310 683 1359 corrupto.
734 1308 864 1348 Homo
897 1307 965 1348 ille
996 1321 1212 1359 pauperem
1246 1320 1383 1348 cenam
1425 1309 1495 1359 qui
1533 1309 1621 1347 erat
1657 1309 1804 1347 instru-

258 1371 393 1408 cturus
426 1364 537 1423 (uide
565 1369 616 1407 ad
647 1368 714 1408 lib.
736 1368 834 1407 XIII
859 1383 896 1407 u.
925 1363 1030 1422 445)
1064 1370 1196 1408 cetera
1227 1368 1383 1408 sordide
1416 1367 1727 1407 administrabat
1766 1370 1806 1407 et

258 1441 356 1469 uasa
388 1442 544 1480 quoque
576 1428 846 1480 dupundiaria
876 1429 1046 1468 redemit
1077 1441 1201 1479 eaque
1233 1442 1314 1468 non
1344 1429 1520 1480 integra:
1558 1427 1803 1480 distinguen-

258 1489 352 1528 dum
390 1490 480 1540 post
515 1500 595 1528 non
631 1490 736 1528 sollo.
806 1488 919 1534 Quod
958 1487 1102 1529 Oscum
1140 1489 1276 1539 posuit
1315 1487 1556 1529 uocabulum
1600 1490 1720 1540 poeta
1763 1488 1804 1526 id

258 1549 439 1589 consulto
472 1549 568 1588 fecit
599 1550 647 1588 ut
682 1549 884 1588 hominem
925 1549 1101 1600 opicum,
1142 1548 1355 1600 figulorum
1398 1547 1691 1599 Campanorum
1735 1548 1804 1599 qui

258 1610 399 1648 utatur
429 1621 620 1660 sermone,
652 1608 910 1648 describeret:
936 1608 1097 1659 qualem
1128 1609 1346 1648 insectatus
1378 1610 1439 1647 est
1473 1609 1596 1647 etiam
1621 1607 1802 1647 Vettium

259 1669 508 1716 Quintiliano
540 1670 701 1708 auctore
726 1668 747 1707 I
774 1669 813 1718 5,
840 1669 894 1707 56
929 1670 999 1719 qui
1029 1667 1378 1708 Praenestinorum
1410 1681 1504 1708 usus
1536 1669 1589 1708 sit
1614 1681 1802 1708 sermone.

259 1729 455 1778 Dccpundz?
486 1729 697 1780 genetiuus
730 1730 770 1768 et
804 1729 1100 1778 dupundiarius
1137 1730 1254 1768 notus
1293 1740 1338 1766 ex
1370 1728 1559 1767 Petronio
1592 1722 1680 1781 (58.
1710 1721 1803 1782 74);

258 1790 348 1828 iam·
372 1788 560 1840 Diphilus
593 1788 747 1828 dixerat
777 1790 817 1827 in
854 1787 988 1828 Siculo
1014 1783 1137 1841 (CAF
1162 1788 1203 1828 H
1229 1801 1266 1839 p.
1295 1789 1392 1838 564,
1423 1790 1473 1827 71
1491 1783 1546 1841 Κ)
1586 1783 1674 1827 οἷον
1711 1785 1803 1841 ἆγο-

260 1841 389 1899 ράζὲιν
420 1847 549 1888 πάντα
582 1845 680 1901 μηδὲ
706 1848 755 1888 ’ἐν
787 1844 825 1888 δ’
854 1847 955 1901 ἔχειν
980 1847 1016 1888 εἰ
1040 1847 1092 1900 μὴ
1120 1845 1486 1896 κικίννουςάξίους
1511 1847 1661 1900 λίτραιν
1688 1848 1804 1887 δυοῖν

258 1905 341 1948 ubi'
355 1910 534 1948 conferas
561 1910 720 1960 oportet
745 1908 901 1948 Petron.
923 1909 977 1948 58
1007 1905 1139 1961 ‘longe
1165 1908 1240 1947 tibi
1266 1908 1320 1948 sit
1348 1908 1506 1948 comula
1532 1908 1610 1947 ista
1629 1905 1802 1948 besalis'.

382 1963 523 2009 1319.
557 1968 719 2008 Seruius
752 1972 894 2008 auctus
921 1969 972 2008 ad
998 1968 1195 2008 Aeneidos
1220 1968 1300 2008 ΧΠ
1327 1969 1351 2007 5
1380 1965 1564 2008 ‘Saucius
1595 1968 1676 2007 ille.
1721 1963 1801 2007 κατ’

258 2027 397 2082 ἐξοχὴν
428 2028 496 2068 ille
528 2029 609 2078 leo,
649 2029 690 2067 id
723 2031 784 2068 est
814 2030 999 2080 princeps
1031 2030 1216 2068 ferarum.
1280 2029 1344 2068 uel
1383 2030 1488 2068 certe
1527 2029 1656 2068 ueteri
1696 2042 1803 2067 more

259 2089 309 2129 ad
351 2089 670 2141 magnitudinem
714 2089 905 2141 pertinet,
956 2091 1001 2127 ut
1046 2086 1124 2128 “ac
1167 2089 1280 2131 uelut
1322 2089 1391 2127 ille
1436 2101 1579 2128 canum
1623 2085 1802 2128 morsu”.

257 2148 458 2189 interdum
490 2149 742 2188 nobilitatem
774 2148 990 2200 significat,
1028 2150 1076 2188 ut
1108 2146 1311 2187 “multum
1345 2149 1414 2188 ille
1447 2150 1487 2187 et
1523 2148 1640 2188 terris
1678 2149 1802 2188 iacta-

259 2206 368 2249 tus”.
420 2210 491 2248 aut
522 2209 692 2248 similem
725 2209 926 2261 designat:
957 2209 1137 2248 Lucilius
1171 2205 1316 2247 “uelut
1347 2208 1414 2247 olle?
1440 2222 1584 2259 auceps
1611 2208 1679 2248 ille
1705 2209 1803 2248 facit

258 2281 344 2308 cum
382 2269 586 2320 inprouiso
624 2264 921 2319 insidiisque''.'
990 2269 1059 2308 olli
1095 2282 1167 2319 pro
1206 2269 1294 2308 ollio
1331 2269 1507 2320 positum
1545 2281 1629 2308 esse
1674 2268 1803 2307 uoluit

259 2328 463 2368 Harderus
490 2328 638 2367 archiu.
665 2329 777 2367 lexic.
803 2327 891 2367 Lat.
918 2328 958 2367 Π
988 2328 1099 2367 1885
1128 2343 1164 2379 p.
1194 2329 1277 2367 317
1313 2329 1419 2379 quod
1445 2328 1679 2367 aduerbium
1707 2341 1801 2378 quo-

259 2388 376 2427 modo
408 2388 473 2427 hic
504 2387 668 2439 probari
697 2389 826 2439 possit
856 2401 935 2427 non
969 2389 1171 2440 intellego.
1235 2389 1327 2427 olim
1364 2390 1470 2427 recte
1502 2387 1658 2436 Dousa,
1697 2388 1801 2438 quod

259 2449 299 2487 in
338 2448 702 2499 comparationibus
739 2449 782 2487 in
819 2461 958 2488 uersus
997 2449 1105 2487 exitu
1149 2447 1243 2498 poni
1288 2448 1412 2487 solere
1458 2447 1565 2499 apud
1602 2446 1802 2487 Lucilium

260 2510 428 2559 apparet
453 2508 609 2547 collatis
635 2507 702 2547 lib.
728 2508 791 2547 ΠΙ
816 2522 853 2546 ιι.
882 2510 968 2548 100
993 2507 1073 2547 VII
1097 2522 1134 2547 u.
1163 2509 1266 2547 284:
1293 2508 1399 2547 ollim
1418 2508 1644 2547 Muellerus.
1690 2507 1801 2546 Nihil

259 2567 505 2618 probabilius
545 2581 665 2618 quam
705 2581 861 2607 uersum
904 2568 1103 2620 integram
1147 2569 1348 2608 continere
1392 2567 1630 2607 sententiam
1674 2580 1801 2617 neque

260 2631 394 2668 tamen
426 2640 513 2668 cum
545 2641 624 2679 quo
655 2629 856 2679 pertineat
887 2629 1057 2679 apparet
1081 2641 1208 2678 neque
1234 2630 1352 2679 aptus
1379 2640 1515 2667 sensus
1541 2628 1645 2682 inest
1669 2627 1801 2666 uerbis

259 2687 432 2727 traditis.
494 2688 649 2727 insidiis
688 2688 972 2727 aduerbialiter
1008 2688 1161 2728 dictum
1192 2690 1238 2727 ut
1262 2700 1339 2737 per
1368 2688 1549 2736 insidias,
1588 2689 1629 2725 uz·
1664 2688 1704 2725 et
1729 2699 1803 2736 per

260 2750 364 2788 uim:
412 2747 563 2800 Vergil.
598 2748 720 2800 eclog.
752 2745 814 2786 III
849 2749 901 2788 17
961 2744 1139 2799 ‘caprum
1200 2748 1378 2798 excipere
1441 2743 1613 2786 insidiis’
1671 2747 1800 2785 Plaut.

261 2807 363 2847 Men.
392 2808 477 2846 570
511 2803 572 2846 ‘ex
603 2807 760 2846 insidiis
798 2804 968 2858 aucupa’
1003 2808 1114 2847 Asin.
1142 2808 1223 2846 881
1267 2804 1524 2858 ‘aucupemus
1562 2819 1607 2844 ex
1646 2805 1801 2845 insidiis

262 2866 484 2906 clanculum
524 2879 645 2916 quam
682 2879 766 2905 rem
803 2863 972 2918 gerant'.
1039 2867 1117 2905 Pro
1155 2879 1243 2906 cum
1281 2867 1380 2905 clam
1417 2866 1590 2904 arbitror
1630 2865 1800 2904 scriben-

262 2925 374 2965 dum:
406 2925 509 2965 clam
541 2926 669 2964 facere
701 2926 800 2965 iuris
832 2926 1003 2965 consulti
1030 2927 1157 2965 ueluti
1182 2925 1272 2978 Dig.
1300 2925 1432 2964 XLIII
1460 2926 1527 2973 24,
1556 2928 1592 2974 1,
1623 2927 1641 2962 1
1680 2921 1801 2980 ‘quod

261 2987 304 3025 ui
335 2988 406 3025 aut
437 2986 539 3025 clam
572 2985 723 3024 factum
755 2981 829 3025 est'
862 2988 902 3024 et
936 2985 976 3024 in
1015 2987 1101 3024 toto
1140 2984 1270 3035 capite
1307 2985 1467 3036 passim.
1526 2981 1801 3036 ὀρνιθοθήραις
