2060 3444
293 230 377 272 122
907 229 958 265 IX
983 242 1019 266 u.
1047 233 1245 267 319—320.

290 345 330 381 et
361 356 504 393 augur:
544 340 593 381 ‘is
623 355 702 381 non
733 343 997 392 conspicietur
1028 356 1116 382 cum
1148 343 1287 394 capide
1312 356 1357 383 ac
1387 343 1500 393 lituo,
1533 345 1662 395 capite
1687 345 1822 384 uelato

289 403 496 441 uictimam
529 402 667 441 caedet
698 402 988 454 auguriumque
1020 415 1066 441 ex
1093 416 1180 442 arce
1205 401 1377 453 capiet?
1409 404 1563 444 Nonius
1588 418 1625 455 p.
1648 405 1745 453 398,
1767 405 1820 443 26

292 460 357 500 εΜ.
386 461 540 501 Tullius
584 462 631 500 de
675 461 878 512 republica
915 462 982 501 lib.
1009 462 1083 501 VI:
1129 459 1345 502 “Testatur
1387 458 1493 518 (add.
1519 464 1563 503 L.
1589 458 1822 517 Muellerus)
1890 487 1892 489 ·

291 523 418 561 oratio
449 522 573 572 Laeli,
605 534 724 572 quam
757 534 890 561 omnes
921 522 1110 562 habemus
1147 523 1190 561 in
1226 522 1426 573 manibus,
1465 537 1584 574 quam
1620 524 1825 574 simpuuia

290 581 523 632 pontificum
562 581 622 620 dis
659 581 941 621 inmortalibus
978 584 1095 633 grata
1133 582 1229 632 sint,
1275 582 1530 633 Samiaeque,
1572 585 1632 622 uti
1675 582 1824 632 scribit,

291 638 567 692 capudines’'.'
626 640 762 681 Cicero
793 641 841 680 de
872 643 954 681 nat.
980 641 1084 680 deor.
1110 641 1171 680 III
1199 644 1265 692 17,
1292 643 1347 681 43
1382 639 1543 682 ‘docebo
1568 643 1733 682 meliora
1761 656 1824 682 me

290 700 472 741 didicisse
504 701 551 739 de
584 701 758 740 colendis
789 701 850 740 dis
881 701 1160 741 inmortalibus
1189 701 1271 741 iure
1297 702 1501 753 pontificio
1526 705 1567 742 et
1598 715 1705 742 more
1739 715 1824 742 ma-

290 761 419 800 iorum
451 761 731 811 capedunculis
762 761 829 810 iis,
868 774 966 812 quas
998 760 1130 800 Numa
1161 761 1274 801 nobis
1305 762 1485 812 reliquit,
1522 761 1570 802 de
1601 762 1745 812 quibus
1781 761 1824 801 in

289 821 363 859 illa
388 821 551 860 aureola
576 821 830 860 oratiuncula
858 821 956 861 dicit
979 821 1153 871 Laelius,
1178 834 1297 872 quam
1323 821 1544 861 rationibus
1571 818 1823 861 Stoicorum’.

291 880 442 919 Eodem
479 880 597 920 modo
636 893 714 931 quo
745 881 924 920 Lucilius
962 881 1030 920 sed
1068 881 1224 921 diuerso
1263 881 1399 920 ordine
1435 882 1540 920 inter
1575 882 1731 920 Numae
1766 881 1826 920 in-

278 941 434 985 stituta
473 940 612 979 Liuius
639 940 658 978 I
686 942 742 980 20
785 943 991 980 enumerat
1027 941 1185 980 Dialem
1227 940 1427 980 flaminem
1470 941 1644 992 uirgines
1679 941 1825 980 Vestae

292 1000 421 1040 Salios
452 1000 690 1051 pontificem.
746 1000 888 1051 Itaque
919 1002 1077 1040 etiamsi
1108 1013 1132 1040 a
1162 1013 1280 1040 uersu
1314 1001 1494 1051 sequenti
1527 995 1654 1055 (320)
1685 1000 1826 1040 diuelli

291 1063 464 1111 nequeat
490 1073 626 1100 uersus
652 1060 715 1099 hic
734 1060 881 1100 Lucilii
906 1073 987 1111 quo
1013 1060 1061 1099 de
1082 1060 1281 1100 Saliorum
1305 1060 1501 1100 institutis
1521 1062 1658 1111 aperte
1678 1060 1824 1112 agitur,

290 1123 425 1159 tamen
457 1121 589 1171 apices
622 1122 662 1159 et
693 1120 854 1170 capidas
892 1120 941 1159 ad
975 1119 1104 1160 Salios
1140 1120 1339 1171 pertinere
1376 1120 1582 1171 probabile
1618 1119 1708 1160 ideo
1745 1132 1825 1159 non

291 1182 362 1230 est,
389 1180 494 1230 quod
519 1179 680 1231 capidas
705 1180 864 1231 proprie
890 1192 989 1220 uasa
1014 1179 1215 1219 Saliorum
1240 1180 1362 1220 fuisse
1387 1179 1650 1220 demonstrari
1674 1180 1823 1230 nequit.

291 1240 395 1278 Nam
433 1240 587 1291 glossas
625 1239 724 1279 CGL
751 1239 808 1278 IV
834 1254 870 1291 p.
900 1240 974 1288 28,
1002 1241 1026 1279 2
1075 1237 1254 1279 ‘cardens
1291 1252 1389 1279 uasa
1425 1241 1573 1280 fretiua
1610 1236 1824 1279 Saliorum'

291 1314 327 1350 p.
357 1301 454 1349 215,
483 1301 538 1339 20
571 1297 730 1339 ‘candes
760 1311 859 1338 uasa
889 1296 1045 1338 fictilia’
1077 1298 1138 1338 ita
1165 1299 1365 1338 emendari
1391 1299 1532 1339 debere
1557 1301 1604 1338 ut
1628 1298 1826 1338 scribatur

292 1360 448 1408 capides
480 1361 631 1398 certum
662 1372 742 1399 non
773 1362 834 1398 est
863 1372 991 1410 neque
1030 1360 1241 1410 quicquam
1278 1359 1436 1410 proficit
1471 1359 1613 1398 horum
1649 1358 1825 1398 locorum

291 1419 568 1469 interpretatio
601 1418 779 1459 adhibito
804 1419 892 1458 loco
919 1417 996 1458 Cic.
1023 1419 1164 1458 Parad.
1190 1419 1210 1456 I
1237 1422 1287 1458 11
1325 1416 1472 1465 ‘Quid‘z'
1503 1431 1527 1458 a
1552 1418 1685 1458 Numa
1708 1418 1824 1458 Pom-

290 1478 389 1528 pilio
414 1480 595 1517 minusne
621 1480 756 1530 gratas
782 1478 842 1518 dis
867 1478 1161 1518 immortalibus
1187 1478 1399 1529 capudines
1426 1491 1472 1518 ac
1495 1478 1638 1518 fictiles
1660 1478 1825 1518 urnulas

291 1538 411 1577 fuisse
449 1551 567 1589 quam
608 1538 789 1578 felicatas
827 1538 995 1577 aliorum
1028 1533 1247 1591 (Saliorum
1278 1532 1485 1592 Baiterus)
1523 1539 1684 1588 pateras
1721 1537 1824 1576 arbi·

291 1595 485 1637 tramiirP’
519 1598 662 1649 Apices
695 1598 799 1637 enim
831 1597 952 1636 etiam
985 1597 1084 1636 Salii
1114 1597 1326 1649 gestabant
1350 1600 1450 1637 teste
1476 1597 1669 1648 Dionysio
1694 1597 1823 1636 Halic.

293 1658 487 1697 archaeol.
514 1658 554 1696 H
584 1660 650 1708 70,
676 1660 700 1697 2
735 1660 804 1708 qui
836 1658 883 1696 de
915 1657 1036 1696 Saliis
1066 1655 1132 1696 καὶ
1156 1655 1225 1705 τὰς
1249 1655 1493 1709 καλουμένας
1517 1654 1661 1705 ἀπίκας
1685 1654 1824 1696 ἐπικεί-

293 1732 402 1770 μενοι
445 1720 530 1765 ταῐς
573 1719 780 1767 κεφαλαῖς,
829 1717 969 1765 πίλους
1016 1715 1201 1768 ὑψηλοὺς
1249 1716 1306 1764 εἰς
1354 1722 1483 1770 σχῆμα
1531 1714 1827 1770 συναγομένους

291 1775 512 1828 κωνοειδές,
543 1775 590 1825 ἃς
609 1774 802 1829 “Ελληνες
832 1775 1169 1830 προσαγορεύουσι
1199 1776 1416 1830 κυρβασίας
1441 1771 1610 1830 (Babelo
1641 1776 1824 1827 descript.

292 1838 360 1876 dos
392 1850 523 1877 monn.
548 1837 583 1875 d.
609 1837 634 1875 l.
660 1833 740 1888 rep.
767 1837 878 1876 Rom.
904 1837 945 1875 II
969 1851 1006 1887 p.
1037 1832 1153 1891 138).

413 1891 523 1937 320.
555 1897 696 1936 Festus
727 1910 764 1947 p.
794 1898 890 1946 270,
918 1898 972 1936 34
1019 1893 1307 1935 5Redantruare
1351 1896 1496 1936 dicitur
1537 1896 1579 1934 in
1624 1895 1823 1935 Saliorum

293 1957 616 2006 exultationibuS,
648 1970 738 1996 cum
769 1957 928 2007 praesul
960 1957 1216 2006 ampiruauit,
1247 1955 1353 2006 quod
1379 1957 1439 1995 est
1463 1957 1593 1994 motus
1619 1955 1755 2005 edidit,
1787 1955 1824 1994 ei

292 2018 519 2055 referuntur
555 2016 725 2055 inuicem
761 2015 866 2054 idem
903 2017 1044 2055 motus.
1107 2015 1283 2054 Lucilius
1322 2012 1513 2065 “praesul
1550 2017 1596 2054 ut
1631 2016 1825 2064 ampiruct

293 2077 382 2115 inde
424 2076 568 2126 uulgus
611 2076 873 2124 redamplauit
919 2078 969 2114 at.
1044 2074 1242 2114 Pacuuius
1287 2069 1391 2128 (104
1406 2068 1460 2128 R)
1506 2071 1825 2124 “proaererenda

295 2133 391 2188 (pro
414 2130 617 2189 mermda)
650 2135 794 2187 gratia,
826 2134 953 2173 Simul
979 2147 1068 2173 cum
1092 2134 1252 2173 uideam
1282 2132 1424 2174 Graios
1448 2133 1549 2172 nihil
1574 2133 1825 2172 mediocriter

293 2195 607 2245 Redamptruare
645 2195 867 2245 opibusque
911 2193 1074 2234 summis
1110 2190 1354 2244 persequi’'.'
1422 2193 1576 2232 Nonius
1611 2206 1658 2232 ex
1695 2205 1823 2244 gram-

292 2256 438 2294 matico
470 2268 506 2304 p.
536 2255 634 2303 165,
661 2256 713 2293 17
749 2251 1061 2303 ‘Redandruare,
1091 2254 1231 2293 redire.
1291 2252 1468 2293 Lucilius
1498 2250 1566 2292 lib.
1591 2252 1711 2291 VIIII
1746 2248 1826 2291 “ut

293 2315 437 2365 uulgus
468 2315 707 2353 redandruet
735 2311 871 2352 inde'’.
922 2314 1121 2366 Pacuuius
1150 2313 1297 2363 Chryse
1324 2309 1527 2352 “Graecos
1552 2312 1653 2351 nihil
1678 2311 1824 2351 medio-

294 2375 413 2412 criter
449 2370 790 2413 Redandruare”.'
855 2372 954 2412 OGL
981 2373 1021 2411 II
1046 2387 1082 2423 p.
1111 2375 1179 2423 21,
1206 2374 1262 2412 20
1303 2370 1507 2412 ‘antruare
1549 2374 1764 2423 σπηλεῦσαι
1787 2371 1825 2408 V

293 2448 330 2484 p.
358 2435 456 2482 440,
483 2435 537 2472 22
579 2430 801 2472 “antruare
841 2446 919 2472 non
963 2429 1087 2471 dare’'
1114 2433 1155 2471 II
1184 2435 1250 2482 17,
1278 2432 1332 2471 38
1379 2429 1607 2471 “andruare
1649 2428 1825 2484 ἀνδρίζε-

293 2490 452 2532 σθαι”.’
517 2492 877 2532 Grammaticorum
914 2505 1039 2544 nugas
1077 2493 1148 2543 qui
1181 2492 1229 2530 de
1266 2489 1411 2543 ἀνδρός
1445 2493 1486 2530 et
1522 2489 1716 2542 σπήλαιον
1739 2490 1764 2529 i.
1791 2503 1823 2529 e.

293 2554 454 2592 antrum
490 2553 697 2592 uocabulis
735 2553 976 2591 somniantes
1014 2564 1121 2590 uana
1156 2551 1342 2591 uocabuli
1379 2550 1532 2590 obscuri
1571 2551 1825 2601 protulerunt

293 2613 646 2662 interpretamenta
661 2641 664 2644 ⁴
681 2625 754 2652 nos
786 2624 865 2652 non
896 2611 1131 2651 curabimus.
1193 2611 1250 2650 At
1288 2611 1371 2650 iam
1406 2610 1555 2649 liberae
1590 2609 1687 2660 reip.
1725 2611 1823 2649 tem-

292 2673 454 2722 poribus
486 2672 593 2722 apud
617 2671 817 2711 Lucilium
848 2673 889 2710 et
920 2673 1114 2720 amptruet
1142 2671 1406 2719 redamptruet
1429 2671 1469 2709 et
1493 2670 1661 2709 andruet
1683 2670 1824 2708 redan-

293 2733 406 2770 ‹lruet
446 2732 656 2770 lectionem
693 2731 870 2770 extitisse
909 2730 1002 2769 inde
1044 2730 1230 2779 efficitur,
1274 2730 1377 2780 quod
1423 2729 1530 2780 apud
1565 2728 1739 2767 Paulum
1781 2729 1824 2767 in

226 2842 232 2846 α
293 2791 403 2830 Festi
433 2792 609 2841 epitoma
638 2792 807 2841 utraque
837 2790 935 2829 item
965 2791 1168 2829 inuenitur
1197 2789 1332 2828 lectio:
1363 2788 1434 2828 ubi
1464 2788 1612 2840 legitur
1642 2801 1679 2838 p.
1707 2789 1746 2836 9,
1768 2790 1818 2826 11

295 2848 507 2889 ‘andruare
537 2850 579 2889 id
611 2852 671 2890 est
700 2862 899 2889 recurrere
931 2862 955 2888 a
980 2849 1130 2889 Graeco
1160 2849 1280 2888 uerbo
1305 2846 1546 2901 ἀναδραμεῖν
1570 2849 1700 2896 uenit3
1731 2847 1823 2886 hinc

293 2912 333 2948 et
365 2909 464 2948 drua
494 2912 641 2949 uocata
675 2911 744 2949 est.
807 2911 992 2948 antroare
1029 2910 1180 2960 gratias
1216 2908 1373 2947 referre.
1428 2908 1567 2946 truant
1602 2908 1822 2945 mouentur.

293 2972 425 3009 truam
469 2982 625 3021 quoque
669 2970 816 3009 uocant
860 2981 937 3021 quo
980 2970 1215 3020 permouent
1257 2968 1470 3019 coquentes
1513 2963 1632 3006 exta’.
1703 2966 1823 3006 Recte
