2060 3444
274 268 358 316 180
859 262 925 308 XV'
950 284 984 308 u.
1011 273 1211 309 483-485.

271 386 435 426 Homeri
459 386 563 425 illud
589 386 614 424 l.
635 399 665 425 s.
685 398 713 425 s.
734 384 842 426 ἰστὸν
867 386 981 438 vnde:
1007 399 1145 427 reuera
1172 387 1278 438 apud
1304 387 1488 426 Plautum
1510 386 1694 427 Bacchid.
1726 383 1808 427 797
1863 389 1865 391 ’

274 444 386 485 ‘bene
428 445 544 485 nauis
582 447 776 498 agitatur,
819 446 955 497 pulcre
992 447 1089 487 haec
1128 448 1332 486 confertur
1367 444 1481 487 ratis'
1521 449 1640 487 nauis
1676 459 1811 486 mono·

272 506 455 557 syllabon
499 519 582 545 esse
624 506 714 545 ideo
757 506 964 557 probabile
1008 509 1083 555 est,
1127 507 1233 557 quod
1276 507 1452 546 traditur
1491 507 1692 546 Menaech.
1727 507 1811 545 344

275 564 392 604 ‘nunc
429 567 470 604 in
502 568 604 606 istoc
635 568 755 616 portu
786 568 868 606 stat
899 567 1016 607 nauis
1053 564 1338 617 praedatoria'‚
1382 569 1470 606 tum
1508 567 1692 606 Bacchid.
1727 567 1809 605 331

274 623 357 665 ‘sed
401 626 562 665 diuesne
608 628 668 665 est
711 627 801 666 istic
839 625 1102 666 Theotimus?
1169 626 1303 666 Etiam
1347 624 1478 679 rogas'
1524 627 1635 666 diues
1678 638 1812 665 monor

274 686 453 736 syllabon
487 699 570 726 esse
596 687 701 725 iusto
727 699 866 725 uersus
897 687 1003 726 exitu
1028 681 1102 740 olo
1120 708 1144 725 υ
1163 682 1234 739 -Ξυ
1253 721 1274 725 -
1300 686 1504 737 probatur,
1530 686 1729 737 Amphitr.
1757 687 1813 725 90

275 742 393 784 ‘nunc
426 747 652 796 proferatur
688 746 825 785 Iouem
866 747 993 786 facere
1034 743 1315 795 histrioniam’,
1346 747 1483 785 Iouem
1514 745 1813 796 monosyllabon

276 818 360 845 esse
391 805 531 845 debere
564 808 608 844 ut
640 806 853 845 Noembres
886 806 981 845 CIL
1008 806 1027 844 I
1055 807 1151 845 831.
1187 808 1270 845 909
1305 806 1429 845 falsus
1461 807 1610 845 euincit
1636 807 1705 856 qui
1731 805 1815 844 sine

254 866 350 905 hac
381 866 535 904 ratione
567 866 696 905 oritur
728 867 1092 917 proceleumaticus.
1158 866 1338 916 Denique
1375 867 1506 905 malus
1536 867 1655 905 nauis
1687 865 1818 904 adfert

277 924 448 977 Georges
476 939 521 965 ex
542 926 659 977 Vulg.
687 926 758 964 Ies.
786 926 893 964 XXX
923 928 988 965 17.
1040 925 1116 964 Sed
1147 926 1266 965 ullast
1290 927 1393 964 recte
1420 926 1564 964 titulus
1591 926 1816 975 Africanus,

275 987 359 1024 ulla
400 986 520 1025 Nonii
564 986 661 1024 codd
707 999 805 1036 quos
845 986 1004 1026 omnino
1042 986 1083 1024 in
1120 998 1163 1024 re
1200 985 1322 1024 dubia
1362 985 1474 1036 sequi
1510 986 1631 1024 nolui.
1698 983 1821 1035 [Conf

280 1046 542 1084 Buechelerus
575 1046 673 1084 Mus.
700 1046 823 1084 Rhen.
850 1045 940 1085 LIX
971 1047 1083 1085 1904
1115 1060 1152 1096 p.
1176 1041 1292 1097 322.]

398 1099 508 1145 484.
542 1105 774 1145 Lactantius
800 1107 925 1145 instit.
952 1105 971 1144 I
1001 1107 1068 1155 22,
1096 1106 1149 1144 13
1177 1119 1214 1155 p.
1237 1106 1292 1144 90
1314 1104 1477 1143 Brandt.
1505 1107 1545 1143 et
1563 1106 1605 1143 in
1626 1105 1817 1156 epitomes

278 1166 409 1215 capite
443 1166 497 1203 22
530 1179 568 1215 p.
591 1166 674 1204 688
708 1165 872 1204 Brandt.
932 1162 1127 1215 ‘Reliquit
1158 1178 1252 1216 ergo
1277 1165 1447 1215 posteris
1474 1164 1635 1204 Faunus
1662 1176 1817 1214 quoque

278 1237 356 1263 non
395 1238 535 1275 parum
574 1227 735 1274 erroris,
780 1238 896 1275 quem
940 1228 1074 1264 tamen
1118 1225 1331 1275 prudentes
1374 1225 1523 1275 quique
1560 1224 1816 1275 perspiciunt.

278 1284 383 1323 Nam
422 1285 600 1323 Lucilius
631 1298 767 1324 eorum
805 1285 1038 1335 stultitiam,
1077 1285 1146 1334 qui
1178 1285 1391 1323 simulacra
1423 1284 1516 1323 deos
1548 1285 1692 1334 putant
1723 1296 1818 1332 esse,

279 1344 434 1383 deridet
463 1345 524 1384 his
556 1342 763 1384 uersibus'.
825 1347 1015 1395 epitome:
1054 1341 1163 1383 ‘Ideo
1195 1344 1389 1394 Lucilius,
1427 1343 1608 1383 deridens
1647 1343 1818 1394 ineptias

279 1405 446 1443 istorum
485 1405 554 1455 qui
592 1406 706 1444 uanis
744 1405 1093 1456 superstitionibus
1131 1405 1328 1454 seruiunt,
1368 1404 1439 1443 hos
1482 1416 1619 1443 uersus
1657 1399 1817 1454 posuit’.

281 1460 504 1503 ‘terriculas
539 1495 545 1502 .
569 1496 605 1503 ..
638 1466 694 1504 sic
738 1465 803 1504 isti
848 1466 980 1504 omn-ia
1023 1464 1116 1503 ficta
1147 1495 1155 1503 .
1178 1495 1214 1502 ..
1246 1465 1373 1503 inesse
1411 1465 1453 1502 in
1491 1464 1627 1502 ahenis
1665 1458 1820 1516 (leaenis

281 1524 536 1562 Taurinensis
563 1520 774 1578 epitomes)
803 1556 810 1563 .
833 1556 840 1563 .
861 1555 869 1563 .
895 1526 982 1564 ueri
1007 1524 1107 1562 nihil
1134 1524 1267 1562 omnia
1292 1523 1384 1563 ficta
1411 1518 1539 1576 (picta
1564 1523 1819 1562 Taurinensis

282 1579 522 1636 epitomes)'.
578 1585 733 1623 Nonius
765 1598 812 1622 ex
843 1584 1102 1636 grammatico
1134 1597 1170 1634 p.
1194 1584 1263 1632 56,
1291 1584 1314 1622 6
1349 1580 1501 1622 ‘Infans
1533 1595 1557 1622 a
1588 1595 1667 1622 non
1698 1581 1819 1621 fando

281 1643 411 1683 dictus
438 1646 507 1683 est.
542 1675 550 1682 .
573 1676 579 1682 .
603 1676 609 1682 .
637 1646 771 1684 curius
796 1644 863 1683 lib.
884 1643 1042 1683 XVIIII
1061 1639 1139 1682 “ut
1163 1644 1279 1693 pueri
1298 1643 1472 1682 infantes
1492 1642 1644 1681 faciunt
1663 1642 1820 1681 mulier-

283 1704 412 1742 culam
444 1701 697 1743 honestam''.
754 1706 794 1743 et
824 1704 897 1743 XV
930 1701 997 1743 “et
1021 1703 1132 1754 pueri
1158 1704 1331 1742 infantes
1358 1703 1524 1742 credunt
1549 1703 1664 1754 signa
1689 1702 1822 1741 omnia

284 1777 384 1802 aena
409 1759 488 1816 (ita
514 1763 572 1803 G:
603 1777 677 1803 ena
701 1759 760 1818 L)
787 1764 922 1803 uiuere
949 1766 989 1803 et
1014 1776 1097 1803 esse
1122 1759 1362 1802 homines''.’
1419 1762 1652 1802 Mendosum
1677 1761 1822 1800 Lucilii

283 1825 386 1862 hune
424 1824 554 1862 locum
591 1825 671 1863 iam
709 1824 943 1863 Lactantius
984 1824 1100 1875 legit:
1141 1836 1232 1861 nam
1271 1823 1468 1862 consentit
1504 1825 1545 1861 et
1581 1822 1752 1872 epitome
1783 1823 1823 1859 et

284 1896 384 1934 opus
427 1885 560 1933 ipsum
604 1884 902 1923 institutionum
935 1884 960 1922 l.
981 1896 1009 1922 s.
1031 1896 1060 1922 s.
1093 1883 1134 1921 in
1178 1883 1347 1921 lectione
1390 1895 1427 1920 u.
1455 1883 1539 1921 487
1584 1883 1649 1921 isti
1691 1882 1823 1920 omma

283 1945 385 1991 ficta.
447 1943 596 1994 Agitur
632 1944 706 1982 hoc
744 1944 830 1982 loco
869 1943 915 1982 de
954 1943 1235 1993 superstitione
1277 1954 1396 1991 quam
1437 1942 1591 1980 deridet
1627 1943 1748 1992 poeta
1777 1942 1824 1979 ut

284 2003 559 2052 philosophus,
590 2004 700 2041 cuius
732 2015 869 2041 uersus
901 2003 1053 2041 clarum
1084 2003 1176 2040 sunt
1207 2001 1316 2040 illius
1348 2002 1498 2040 saeculi
1523 2002 1822 2040 monumentum

286 2063 535 2111 contemptae
579 2062 796 2114 religionis.
871 2061 976 2101 Conf
1015 2061 1217 2100 Plutarch.
1263 2061 1309 2099 de
1353 2062 1521 2111 superst.
1555 2062 1581 2098 4
1620 2074 1657 2110 p.
1688 2061 1769 2098 166
1787 2059 1821 2097 D

287 2122 355 2161 ubi
381 2121 496 2160 audit
520 2122 819 2172 superstitiosus
845 2119 866 2160 ὃ
886 2122 1059 2174 φρίττων
1084 2119 1176 2168 τοὺς
1202 2126 1379 2173 σωτῆρας
1403 2118 1469 2159 καὶ
1493 2119 1586 2167 ,τοὺς
1611 2119 1823 2175 μειλιχίους

289 2180 437 2235 τρέμων
468 2179 533 2220 καὶ
565 2180 752 2229 δεδοικώς
779 2213 786 2220 .
809 2210 817 2219 .
841 2214 848 2222 .
876 2181 1027 2220 Deinde
1063 2182 1196 2232 pergit
1233 2174 1324 2234 (E):
1363 2178 1440 2219 ἔστι
1478 2178 1607 2235 δούλῳ
1633 2178 1823 2230 φεύξιμος

287 2240 441 2294 βωμός,
482 2239 560 2280 ἔστι
597 2239 662 2280 καὶ
693 2244 852 2297 λῃσταῖς
884 2239 1058 2294 ἀβέβηλα
1088 2238 1211 2280 πολλὰ
1243 2245 1322 2279 τῶν
1354 2239 1484 2293 ἱερῶν,
1515 2237 1581 2278 καὶ
1612 2237 1824 2291 πολεμίους

289 2301 330 2340 οἱ
370 2300 602 2353 φεύγοντες,
638 2299 689 2340 ἂν
732 2299 952 2354 ἀγάλματος
996 2300 1192 2353 λάβωνται
1229 2297 1255 2352 ἢ
1292 2304 1412 2350 ναοῦ,
1452 2302 1690 2352 θαρροῦσιν·
1729 2296 1750 2337 ὅ
1781 2294 1824 2337 δὲ

289 2360 541 2412 δεισιδαίμων
578 2366 698 2400 ταῦτα
738 2360 901 2412 μάλιστα
938 2360 1086 2414 φρίττει
1123 2357 1190 2399 καὶ
1227 2359 1408 2411 φοβεῖται
1444 2357 1511 2398 καὶ
1548 2357 1734 2398 δέδοικεν.
1768 2379 1823 2385 -

288 2416 513 2472 terriculas]
539 2420 678 2459 Afran.
700 2422 786 2460 270
800 2421 836 2459 R
862 2418 1141 2472 ‘pertimuistis
1166 2432 1319 2459 cassam
1344 2419 1573 2458 terriculam
1592 2414 1824 2475 aduersari’‚

290 2480 450 2532 δείματα
482 2482 523 2519 et
554 2483 828 2533 μορμολυκεῖα.
856 2503 910 2507 -
938 2477 1116 2530 Lamias]
1149 2479 1201 2517 M.
1227 2479 1416 2518 Antonin.
1443 2478 1501 2517 XI
1527 2479 1581 2516 23
1609 2477 1825 2530 Σωκράτης

289 2538 355 2579 καὶ
392 2538 438 2578 τὰ
475 2545 554 2579 τῶν
591 2543 746 2580 πολλῶν
787 2539 962 2593 δόγματα
992 2539 1153 2591 Λαμίας
1183 2537 1328 2590 ἐκάλει,
1359 2537 1530 2577 παιδίων
1562 2537 1734 2589 δείματα.
1769 2558 1823 2564 --

290 2595 438 2652 Fauni]
474 2613 609 2651 regem
645 2600 827 2638 Faunum
867 2600 1077 2650 pluraliter
1115 2599 1250 2650 posuit
1281 2598 1454 2636 Ennium
1485 2599 1641 2637 secutus
1674 2591 1824 2651 (annal.

291 2674 327 2698 u.
351 2661 435 2698 214
451 2654 518 2713 V),
549 2659 722 2698 Numam
754 2673 831 2699 non
863 2661 909 2699 ut
940 2660 1160 2711 signorum,
1201 2658 1269 2697 sed
1307 2659 1354 2696 ut
1393 2657 1554 2696 deorum
1594 2657 1730 2707 posuit
1765 2656 1824 2694 in-

205 2746 211 2750 ·
291 2720 513 2758 uentorem:
557 2732 650 2758 nam
687 2720 862 2758 Numam
904 2719 1137 2758 tradebatur
1178 2719 1293 2770 signa
1339 2717 1502 2756 deorum
1546 2715 1704 2756 adorari
1746 2729 1825 2755 non

292 2791 374 2818 esse
412 2791 574 2829 passum
606 2774 824 2833 (Plutarch.
851 2779 968 2817 Num.
996 2781 1020 2818 8
1059 2777 1326 2829 Marquardtii
1365 2777 1598 2816 Mommseni
1638 2775 1825 2815 enchirid.

293 2839 444 2888 antiqu.
471 2839 582 2877 Rom.
608 2838 667 2877 VI
694 2836 845 2889 [1885]
872 2852 909 2889 p.
933 2840 970 2888 5,
999 2833 1054 2892 1).
1091 2860 1141 2865 —-
1177 2839 1274 2877 485.
1306 2836 1370 2875 hic
1395 2838 1528 2876 omnia
1555 2831 1689 2887 ponit]
1720 2834 1825 2874 idem

293 2909 429 2936 uersus
462 2899 589 2937 exitus
619 2898 756 2937 quen.
782 2898 881 2937 ΧΠΙ
907 2899 961 2936 86
997 2895 1105 2938 ‘sunt
1135 2899 1177 2936 in
1208 2898 1391 2936 fortunae
1418 2897 1487 2946 qui
1512 2895 1667 2935 casibus
1693 2894 1826 2933 omnia

293 2954 459 3006 ponant’
494 2959 534 2995 et
561 2957 667 3007 apud
693 2957 891 2997 Lucilium
918 2958 984 2995 lib.
1010 2957 1126 2996 XVII
1156 2971 1193 2995 u.
1215 2957 1301 2995 550
1328 2953 1385 2994 ‘in
1410 2968 1531 2994 usura
1555 2955 1689 2994 omnia
1713 2953 1827 3005 ponit

295 3029 373 3055 non
411 3013 591 3067 magna’:
635 3030 735 3067 quae
779 3018 926 3055 locutio
970 3029 994 3055 a
1030 3030 1072 3055 re
1110 3017 1302 3055 aleatoria
1339 3015 1500 3053 uidetur
1536 3026 1619 3053 esse
1656 3013 1826 3052 deducta
