2060 3444
832 284 935 324 XVII
959 299 995 324 u.
1023 289 1223 324 547—550.
1719 287 1826 332 205·

246 403 430 442 metrum
475 401 631 453 qualem
676 401 830 452 primus
873 403 913 440 in
959 401 1107 441 litteris
1145 401 1336 455 adhibere
1371 402 1529 442 Latinis
1574 416 1694 444 ausus
1725 416 1809 443 esse

258 462 417 502 uidetur
441 461 622 501 Lucilius
649 457 711 517 (L.
733 461 914 501 Muelleri
940 461 977 500 d.
1003 476 1033 501 r.
1060 476 1110 501 m.
1125 456 1141 482 2
1164 476 1203 513 p.
1225 457 1343 517 355).
1399 463 1459 502 De
1491 464 1675 515 pugilum
1701 464 1808 515 apud

258 522 459 562 Lucilium
490 523 707 562 certamine
739 523 808 574 agi
838 522 991 562 indicat
1021 522 1226 574 Vergilius
1263 523 1455 562 imitator.
1518 523 1575 562 Iri
1607 525 1648 563 et
1678 524 1807 563 Vlixis

258 595 436 635 pugnam
473 583 726 633 descripsisse
771 583 957 622 ancillam
997 595 1131 622 coram
1168 583 1370 634 Penelopa
1406 584 1604 634 suspicor:
1649 584 1809 635 scripsit

258 645 364 683 enim
402 643 598 683 Homerus
631 654 654 682 σ
687 643 740 683 66
762 655 871 694 seqq.
910 641 1034 696 αὐτὰρ
1068 637 1281 692 Ὀδυσσεὺς
1415 647 1535 695 φαῖνε
1574 642 1617 684 δὲ
1655 644 1809 697 μηροὺς

257 703 403 751 καλούς
439 718 478 743 τε
517 702 710 757 μεγάλους
747 718 805 754 τε,
846 703 998 754 φάνεν
1037 700 1088 743 δέ
1125 703 1174 742 οῖ
1207 702 1368 758 εὐρέες
1399 698 1518 756 ὦμοι
1550 703 1730 756 στήθεά
1763 719 1808 744 τε

258 763 482 817 στιβαροί
509 778 548 803 τε
579 763 796 818 βραχίονες.
854 762 963 809 Quae
989 763 1113 803 uerba
1138 765 1262 803 uertit
1287 766 1386 804 satis
1413 765 1603 805 audacter
1629 765 1808 804 Lucilius

258 825 317 863 ita
359 827 408 863 ut
447 824 608 864 datiuus
652 824 705 863 ad
748 825 941 873 adparent
985 824 1121 864 eadem
1165 825 1321 864 ratione
1366 826 1574 876 appositus
1619 827 1690 875 sit,
1729 838 1808 876 qua

258 885 423 924 uerbum
472 884 771 924 substantiuum
821 896 902 924 esse
950 898 1040 924 cum
1093 884 1232 924 datiuo
1275 887 1458 936 ponitur:
1510 883 1675 938 ‘magna
1718 899 1808 925 ossa

256 945 477 996 lacertique
508 947 604 984 sunt
633 942 814 984 homini'.

379 1000 489 1045 549.
522 1006 678 1045 Nonius
722 1018 769 1044 ex
813 1007 1077 1057 grammatico
1120 1019 1158 1056 p.
1187 1007 1291 1055 134,
1318 1007 1373 1044 33
1415 1003 1633 1057 ‘Lam-na,
1675 1004 1808 1060 <d>ea

258 1067 322 1104 cui
365 1066 595 1116 supplicant
637 1066 755 1105 fures.
790 1097 797 1105 .
826 1097 833 1104 .
862 1096 869 1104 .
914 1065 1092 1105 Lucilius
1136 1066 1204 1105 lib.
1237 1066 1355 1105 XVII
1399 1064 1466 1106 “si
1515 1079 1657 1106 messes
1705 1069 1809 1117 facis

257 1126 392 1165 Musas
429 1127 464 1165 si
504 1126 646 1166 uendis
683 1122 951 1165 Lauernae’'.'
1019 1126 1202 1166 Semissis
1238 1127 1384 1176 facient
1423 1128 1570 1167 Musas
1607 1127 1638 1167 Ι.
1658 1127 1808 1176 Dousa,

256 1188 292 1226 si
333 1188 506 1226 semissis
547 1187 649 1236 facis
686 1187 833 1226 Musas
870 1185 1161 1226 Lachmaunus.
1231 1187 1317 1239 Ego
1355 1200 1434 1227 non
1473 1189 1603 1227 ausim
1646 1188 1809 1230 turbare

256 1247 365 1286 istud
394 1248 431 1286 si
460 1259 603 1286 messes
632 1248 746 1297 facis,
778 1260 868 1286 cum
895 1247 998 1286 hanc
1024 1247 1266 1286 locutionem
1292 1248 1524 1288 sollemnem
1550 1261 1632 1288 esse
1658 1250 1806 1288 testen-

257 1309 324 1346 tur
344 1306 443 1347 Cato
470 1307 518 1346 de
545 1308 632 1359 agri
658 1308 751 1347 cult.
775 1308 874 1358 134,
897 1310 918 1347 1
949 1304 1205 1358 ‘Priusquam
1231 1309 1370 1347 messis
1396 1305 1547 1359 facies’‚
1573 1309 1645 1348 ubi
1670 1311 1808 1348 messis

258 1367 330 1406 cod
367 1366 493 1408 Paris.
525 1366 582 1414 A,
623 1380 783 1408 messem
833 1368 898 1407 uel
941 1369 1096 1408 messim
1147 1369 1385 1408 recentiores
1430 1369 1530 1409 codd
1573 1370 1638 1408 uel
1682 1369 1807 1419 editt„

243 1427 412 1467 Colum.
438 1428 479 1466 II
506 1430 558 1467 21
593 1429 711 1468 initio
751 1426 858 1468 ‘cum
895 1429 1159 1468 rubicundum
1200 1430 1372 1468 colorem
1409 1431 1637 1480 traxerunt,
1668 1431 1807 1468 messis

258 1488 441 1527 facienda
472 1485 547 1527 est'
581 1489 659 1527 XII
687 1490 742 1528 10
773 1490 891 1528 initio
925 1486 1012 1539 ‘per
1044 1491 1238 1528 aestatem
1269 1490 1375 1528 circa
1399 1502 1567 1529 messem
1593 1491 1660 1529 uel
1685 1490 1807 1530 etiam

258 1549 406 1587 exactis
450 1550 533 1587 iam
575 1546 801 1599 messibus',
845 1549 1015 1599 denique
1058 1551 1313 1601 grammatici
1363 1563 1533 1600 quorum
1575 1551 1808 1589 testimonia

259 1608 422 1660 collegit
446 1608 605 1649 Neueus
632 1608 679 1647 de
699 1609 838 1648 formis
857 1603 943 1647 BP
961 1623 999 1660 p.
1016 1610 1103 1648 410
1123 1604 1218 1664 (GL
1238 1609 1259 1648 I
1276 1624 1315 1661 p.
1331 1611 1429 1660 251,
1456 1611 1511 1649 35
1539 1610 1581 1649 Π
1605 1624 1642 1661 p.
1665 1612 1764 1661 419,
1782 1612 1805 1650 9

258 1669 295 1706 V
320 1682 357 1719 p.
380 1670 479 1719 436,
507 1670 560 1709 23
573 1663 640 1723 K).
704 1668 834 1715 Quare
873 1672 908 1708 et
944 1669 1091 1709 inserui
1130 1671 1374 1722 coniungens
1408 1667 1557 1710 ‘Musas
1596 1673 1629 1710 si
1668 1671 1807 1710 uendis

258 1726 499 1778 Lauernae',
549 1729 591 1768 id
640 1731 700 1768 est
750 1731 785 1768 si
829 1729 999 1769 aliorum
1042 1731 1282 1780 scriptorum
1326 1731 1392 1769 fur
1435 1732 1627 1781 compilas
1671 1731 1806 1770 libros.

259 1787 365 1828 Conf
397 1789 599 1841 Aristoph.
627 1789 745 1840 Vesp.
783 1790 896 1830 1028
947 1789 1013 1830 ’ἵνα
1062 1788 1133 1838 τὰς
1182 1789 1357 1838 Μούσας
1406 1786 1514 1830 αἷσιν
1562 1796 1701 1845 χρῆται
1751 1791 1806 1844 μὴ

257 1848 518 1903 προαγωγοὺς
561 1847 755 1906 ἀποφήνῃ
799 1850 949 1890 Auson.
981 1851 1096 1900 epist.
1129 1850 1180 1890 ad
1224 1851 1371 1890 Theon.
1407 1852 1491 1890 162
1519 1851 1608 1891 Sch.
1641 1866 1678 1903 p.
1709 1853 1807 1901 249,

261 1910 344 1949 103
377 1910 534 1961 Peiperi
574 1907 660 1950 ‘nec
698 1910 779 1950 iam
816 1912 908 1962 post
944 1913 1096 1950 metues
1133 1911 1281 1962 ubique
1318 1911 1488 1951 dictum:
1526 1911 1603 1952 Hic
1641 1914 1701 1951 est
1737 1913 1807 1951 ille

258 1967 409 2009 Theon'
431 1972 551 2021 poeta
588 1971 714 2010 falsus
750 1971 946 2011 bonorum
983 1972 1093 2010 mala
1133 1973 1357 2011 carminum
1388 1970 1601 2011 Lauerna'.
1664 1973 1807 2023 Itaque

260 2027 309 2070 ‘si
358 2042 503 2070 messes
551 2028 666 2070 facis'
719 2031 971 2079 antecedenti
1019 2044 1138 2071 uersu
1187 2032 1362 2071 habebat
1412 2046 1490 2083 quo
1540 2033 1807 2083 explicaretur

258 2090 385 2130 ueluti
407 2087 530 2143 ‘agris
550 2092 692 2131 alienis
718 2093 752 2131 si
777 2104 924 2132 messes
949 2092 1050 2131 facis
1074 2089 1166 2145 <et>
1192 2092 1325 2132 Musas
1351 2094 1386 2132 si
1410 2093 1550 2132 uendis
1570 2091 1804 2132 Lauernae'.

258 2208 379 2264 θέρος
415 2211 575 2251 Hesiod.
592 2208 748 2264 'Theog
776 2213 860 2252 599
893 2210 1098 2266 ἀλλότριον
1135 2211 1311 2264 κάματον
1348 2211 1542 2266 σφετέρην
1583 2212 1624 2261 ἐς
1653 2209 1802 2267 γαστέρ’

258 2268 446 2323 ἀμῶνται.
509 2271 704 2311 Similiter
734 2272 932 2324 praecipit
966 2272 1106 2312 Horat.
1134 2274 1248 2323 epist.
1274 2273 1295 2311 I
1322 2274 1361 2322 3,
1389 2275 1456 2312 17.

380 2326 492 2372 550.
517 2332 672 2371 Nonius
691 2346 730 2383 p.
746 2333 844 2384 362,
866 2334 890 2371 6
914 2330 1140 2384 ‘Proprium
1158 2345 1317 2372 rursum
1336 2333 1537 2385 significat
1556 2338 1804 2385 perpetuum.

261 2422 268 2429 .
290 2421 298 2430 .
319 2421 327 2429 .
354 2390 532 2432 Lucilius
570 2395 795 2444 satyrarum
834 2392 902 2432 lib.
928 2392 1045 2432 XVII
1084 2389 1249 2432 “cetera
1275 2424 1283 2432 .
1306 2424 1312 2431 .
1334 2424 1343 2432 .
1369 2394 1469 2433 nihil
1495 2424 1502 2431 .
1525 2425 1532 2432 .
1555 2425 1563 2433 .
1595 2392 1803 2434 habere''.’

259 2450 408 2503 Agitur
450 2452 498 2491 de
537 2452 672 2492 Stoico
716 2454 786 2504 qui
830 2453 964 2492 omnia
1000 2455 1160 2504 praeter
1196 2454 1393 2493 uirtutem
1430 2456 1668 2493 contemnit:
1713 2456 1809 2494 conf

259 2511 387 2550 Varro
426 2511 508 2551 Sat.
539 2513 714 2564 Menipp.
750 2515 801 2552 71
818 2514 852 2552 Β
896 2510 1032 2552 ‘unam
1083 2513 1277 2553 uirtutem
1320 2515 1524 2565 propriam
1567 2515 1805 2554 mortalibus

260 2571 372 2611 fecit:
398 2574 530 2612 cetera
553 2575 782 2624 promisque
808 2573 938 2612 uoluit
963 2573 1190 2613 communia
1208 2571 1367 2613 habere'
1390 2569 1506 2628 (conf
1529 2574 1607 2614 Cic.
1628 2575 1803 2625 Philipp.

259 2630 317 2669 IV
346 2626 432 2687 13).
464 2654 523 2659 —
554 2635 597 2672 in
627 2646 753 2674 usura
790 2636 924 2673 onmia
948 2636 1064 2684 ponit
1092 2645 1172 2673 non
1202 2646 1361 2685 maqna,
1392 2636 1439 2674 ut
1469 2635 1536 2673 lib.
1557 2635 1632 2673 XV
1658 2649 1694 2674 u.
1717 2636 1802 2674 485

261 2687 340 2730 ‘hic
371 2694 505 2732 omnia
532 2691 675 2745 ponit'3
707 2693 873 2733 eandem
899 2694 1139 2734 sententiam
1164 2695 1388 2745 protulerat
1412 2697 1533 2745 poeta
1564 2695 1631 2734 lib.
1651 2695 1805 2734 XXVII

260 2765 296 2789 u.
327 2753 430 2802 701,
467 2753 624 2792 Terent.
651 2753 774 2793 Andr.
803 2755 886 2793 716
929 2751 1063 2793 ‘Nilne
1108 2767 1190 2794 esse
1232 2756 1440 2806 proprium
1483 2755 1718 2805 quoiquam,
1762 2756 1804 2794 di

260 2813 438 2851 uostram
474 2810 621 2863 fidem’,
658 2813 727 2852 ubi
764 2814 856 2852 uide
895 2813 1099 2866 Spengelii
1135 2815 1269 2854 adnot.
1302 2815 1397 2854 Hor.
1430 2828 1544 2855 serm.
1576 2815 1618 2853 II
1646 2817 1690 2864 2,
1719 2816 1802 2854 133

262 2868 392 2910 ‘Nunc
430 2885 526 2923 ager
555 2872 747 2912 Vmbreni
784 2873 857 2913 sub
888 2875 1065 2924 nomine,
1103 2872 1230 2925 nuper
1261 2873 1383 2913 Ofelli
1414 2875 1563 2924 dictus,
1595 2875 1672 2913 erit
1703 2875 1803 2913 nulli

253 2934 462 2981 proprius,
494 2932 562 2972 sed
599 2933 712 2972 cedet
748 2933 789 2971 in
826 2946 944 2972 usum
980 2947 1085 2972 nunc
1122 2934 1239 2984 mihi,
1276 2946 1381 2972 nunc
1412 2932 1518 2984 alii'3
1555 2935 1670 2985 epist.
1697 2935 1739 2973 II
1766 2936 1803 2984 2,

263 2992 343 3030 171
381 2989 603 3044 ‘tamquam
628 2994 681 3033 sit
698 2995 911 3043 proprium
937 2995 1164 3044 quicquam,
1188 2996 1336 3044 puncto
1363 2994 1469 3044 quod
1497 2994 1656 3034 mobilis
1682 2995 1803 3034 horae

261 3065 363 3090 nunc
395 3065 521 3103 prece,
553 3066 657 3092 nunc
689 3054 829 3104 pretio,
862 3067 965 3092 nunc
998 3055 1056 3104 ui,
1095 3067 1198 3093 nunc
1230 3056 1356 3093 morte
1389 3067 1573 3105 suprema
1603 3057 1802 3109 permutet
