2060 3444
812 265 914 300 xxx
939 277 975 301 u.
1005 268 1251 300 1092—1094.
1723 262 1810 305 347

260 393 354 421 nam
385 393 469 421 esse
499 380 650 420 factam
681 381 774 430 post
810 379 930 429 quod,
969 391 1049 429 qua
1085 379 1279 429 perierint
1317 390 1407 417 cum
1445 378 1527 417 alia
1564 379 1652 417 tum
1690 377 1812 417 uerba

260 441 444 481 Lucilius
468 441 531 480 lib.
560 440 698 479 XXX.
748 439 809 479 De
841 440 1011 490 arquato
1043 439 1182 478 morbo
1209 438 1346 478 Celsus
1371 437 1435 477 111
1460 451 1545 489 cap.
1574 439 1628 477 24
1658 435 1812 488 ‘Aeque

260 502 380 541 notus
418 502 479 541 est
515 500 696 551 morbus,
741 513 859 551 quem
895 499 1098 539 interdum
1136 501 1368 550 arquatum,
1411 497 1614 538 interdum
1657 499 1813 551 regium

261 562 472 602 nominant
499 592 506 600 .
529 593 536 600 .
559 593 565 600 .
593 561 702 600 color
727 562 863 600 autem
889 573 979 599 eum
1005 559 1188 599 morbum
1213 560 1378 612 detegit,
1403 559 1576 598 maxime
1596 559 1813 608 oculorum,

261 623 304 661 in
342 621 506 673 quibus,
551 622 658 673 quod
695 621 830 660 album
868 633 953 661 esse
990 620 1125 670 debet,
1168 620 1215 659 fit
1251 617 1433 660 luteum’.
1503 620 1557 658 Et
1593 620 1636 658 in
1681 620 1812 670 capite

262 684 439 722 extremo
491 679 583 721 ‘Per
632 695 748 721 omne
798 695 893 721 uero
942 682 1102 732 tempus
1150 681 1343 720 utendum
1400 681 1462 719 est
1517 681 1814 728 exercitatione,

261 743 466 794 frictione,
505 743 540 781 si
577 742 704 782 hiems
743 744 820 792 est,
857 741 1019 792 balneo,
1061 742 1097 781 si
1134 743 1285 791 aestas,
1328 740 1489 793 frigidis
1526 740 1814 790 natationibus,

261 804 367 843 lecto
400 804 523 842 etiam
555 804 596 842 et
627 802 810 842 conclaui
844 802 1032 851 cultiore,
1068 802 1177 851 lusu,
1214 803 1320 851 ioco,
1358 801 1481 850 ludis,
1519 801 1705 850 lasciuia,
1743 813 1815 851 per

192 915 195 916 ⁷
264 876 365 915 quae
409 875 520 902 mens
565 860 836 902 exhilaretur'.
913 861 1110 902 Similiter
1151 862 1346 902 Horatius
1391 858 1506 912 epist.
1531 861 1553 899 I
1579 862 1624 911 2,
1651 861 1706 900 32
1754 857 1816 899 ‘ut

262 924 449 976 iugulent
471 924 693 974 hominem,
725 924 897 975 surgunt
928 922 975 962 de
1007 924 1122 963 nocte
1154 923 1349 962 latrones:
1380 923 1427 961 ut
1457 923 1498 961 te
1522 922 1657 972 ipsum
1682 933 1815 960 serues

264 997 344 1024 non
395 982 707 1036 expergisceris?
757 985 873 1034 atqui
922 984 958 1022 si
1006 984 1118 1023 noles
1169 995 1307 1033 sanus,
1358 995 1490 1022 curres
1540 978 1815 1033 hydropicus'.

266 1044 543 1096 Supplendum
582 1045 710 1097 igitur
745 1044 821 1083 hoc
859 1045 942 1083 fere
979 1044 1116 1083 modo:
1162 1041 1212 1082 ‘si
1249 1043 1426 1083 medicus
1471 1043 1573 1082 dixit
1615 1055 1687 1081 nos
1733 1054 1816 1081 esse

265 1106 469 1156 arquatos,
501 1117 722 1156 surgamus,
755 1117 904 1154 eamus,
937 1101 1131 1156 agamus’.
1184 1103 1365 1157 ‚Versum
1395 1105 1488 1154 post
1519 1115 1726 1142 caesuram
1756 1103 1815 1141 in-

265 1178 430 1206 suauem
473 1165 607 1204 reddit
650 1165 794 1204 alacris
837 1166 980 1216 poetae
1023 1165 1263 1204 uociferatio
1307 1165 1378 1214 qui
1423 1165 1504 1203 tres
1553 1163 1816 1214 imperatiuos

265 1226 385 1266 simul
416 1227 456 1265 et
488 1224 708 1276 asyndeton
745 1238 893 1276 ponere
928 1225 1122 1264 maluerit
1158 1238 1280 1275 quam
1317 1236 1477 1264 uersum
1515 1224 1740 1275 elegantem
1778 1224 1819 1262 et

267 1286 453 1338 politum.

389 1341 532 1386 1093.
563 1346 720 1386 Nonius
757 1360 795 1397 p.
824 1346 892 1396 35,
922 1347 976 1386 10
1022 1342 1219 1398 Angina,
1262 1357 1386 1397 genus
1424 1344 1574 1394 morbi,
1619 1357 1664 1383 eo
1709 1343 1819 1394 quod

266 1408 402 1460 angat.
447 1408 487 1446 et
513 1406 661 1446 Graece
687 1419 860 1457 synance
886 1401 1104 1460 (synantea
1122 1406 1160 1444 L
1186 1407 1352 1445 sinanca
1373 1399 1429 1460 G)
1457 1374 1689 1456 appellatur
1710 1398 1825 1458 (conf

269 1466 367 1506 Cels.
392 1467 452 1506 IV
479 1462 536 1522 7).
579 1467 761 1507 Lucilius
792 1467 860 1506 lib.
886 1464 1041 1506 XXX
1048 1463 1267 1517 ‘insperato
1300 1466 1382 1505 abit
1413 1479 1533 1516 quem
1561 1478 1643 1504 una
1668 1465 1817 1517 angina

267 1522 466 1582 (anguina
493 1521 549 1581 G)
582 1528 746 1567 sustulit
775 1523 919 1567 hora''.
924 1524 935 1541 ’
987 1527 1095 1566 Bene
1128 1527 1260 1566 adfert
1290 1527 1428 1566 Dousa
1458 1527 1501 1565 in
1533 1526 1818 1565 commentario

269 1587 441 1627 Senecae
473 1589 588 1656 epist.
616 1589 714 1638 101,
741 1584 813 1627 3‘
879 1600 1056 1639 .genere
1094 1587 1333 1626 ualitudinis
1370 1587 1587 1638 praecipiti
1623 1586 1820 1636 arreptus,

269 1649 430 1699 angina,
461 1649 530 1687 uix
561 1660 818 1698 conpressum
849 1619 994 1687 artatis
1026 1647 1208 1687 faucibus
1241 1647 1430 1698 spiritum
1460 1647 1587 1686 traxit
1611 1648 1655 1684 in
1679 1646 1818 1685 lucem.

268 1709 379 1747 intra
408 1708 671 1759 paucissimas
703 1721 796 1760 ergo
827 1708 958 1756 horas,
991 1720 1110 1758 quam
1137 1707 1320 1747 omnibus
1347 1707 1435 1746 erat
1459 1708 1548 1747 sani
1573 1719 1620 1746 ac
1644 1706 1819 1745 ualentis

270 1767 413 1808 officiis
451 1769 629 1819 functus,
668 1765 866 1808 decessit’.
934 1768 994 1807 De
1033 1769 1261 1818 quantitate
1298 1769 1313 1806 1
1350 1767 1502 1807 uocalis
1545 1767 1704 1806 constat
1746 1765 1821 1805 hoc

269 1827 418 1867 Lucilii
461 1841 579 1867 uersu
630 1842 749 1878 quem
796 1829 1000 1880 integrum
1049 1829 1229 1867 seruauit
1274 1827 1467 1879 Corpetus
1511 1827 1702 1866 Waseum
1753 1821 1820 1879 (de

272 1901 399 1928 senar
425 1888 521 1928 XIV
546 1901 582 1939 p.
612 1883 717 1943 210)
752 1891 919 1936 secutus
982 1889 1104 1928 Recte
1135 1888 1272 1928 Dousa
1303 1889 1401 1927 abiit
1431 1888 1610 1927 seruauit
1638 1886 1820 1926 indicans

273 1946 508 1989 ‘abitionem
534 1950 693 2000 antiqui
717 1948 904 1988 dicebant
927 1946 1112 1988 mortem'
1139 1948 1252 1987 Paul.
1275 1948 1381 1988 Fest.
1409 1949 1504 1999 epit.
1530 1962 1568 1999 p.
1591 1949 1645 1986 23
1675 1942 1821 2000 (380)3

274 2006 392 2048 ‘abiit
417 2009 469 2048 ad
492 2005 643 2060 plures'
668 2009 827 2049 Petron.
855 2010 930 2048 42:
955 2009 1073 2060 plura
1099 2009 1280 2059 exempla
1305 2008 1420 2048 dabit
1438 2008 1664 2048 Thesaurus
1685 2008 1711 2046 1.
1732 2007 1820 2045 Lat.

272 2083 309 2120 p.
339 2070 393 2108 68
421 2081 449 2108 3.
475 2083 512 2108 11.
540 2069 648 2109 abeo.
720 2069 884 2109 Lucian.
917 2070 1071 2109 Timon.
1100 2071 1153 2109 15
1170 2070 1266 2108 extr.
1312 2067 1387 2108 οὐκ
1430 2067 1583 2115 εἰδότας
1627 2065 1680 2115 ὡς
1705 2065 1821 2118 -μετὰ

273 2127 414 2182 μικρὸν
445 2127 610 2168 ἀπίασιν
641 2127 744 2184 ἄλλῳ
775 2128 852 2169 τινὶ
883 2135 962 2169 τῶν
994 2127 1244 2182 εὐδαιμόνων
1282 2143 1328 2181 με
1365 2127 1655 2175 καταλιπόντες.
1718 2127 1822 2166 Vide

276 2189 327 2228 ad
357 2189 425 2228 lib.
451 2189 567 2228 XXH
592 2204 629 2228 u.
658 2190 755 2229 581.

398 2243 539 2290 1094.
569 2250 724 2290 Nonius
749 2264 787 2301 p.
816 2251 885 2299 34,
912 2251 964 2289 31
996 2247 1310 2302 ‘Praestringere
1336 2249 1488 2289 dictum
1515 2250 1575 2288 est
1599 2261 1680 2287 non
1705 2247 1823 2286 ualde

275 2310 471 2361 stringere
500 2311 541 2348 et
565 2309 761 2349 claudere.
805 2309 973 2349 Plautus
998 2311 1041 2348 in
1065 2310 1197 2349 Milite
1223 2310 1396 2362 glorioso
1423 2303 1490 2363 (4)
1519 2306 1825 2359 “praestringat

276 2369 482 2408 oculorum
525 2371 652 2409 aciem
693 2371 736 2409 in
778 2371 862 2409 acie
905 2367 1131 2410 hostibus''.
1205 2370 1384 2410 Lucilius
1428 2369 1496 2408 lib.
1522 2369 1633 2407 XXX
1678 2365 1823 2419 “prae-

277 2430 451 2481 stringat
487 2430 688 2469 oculorum
725 2431 847 2470 aciem
884 2426 945 2483 [m
981 2432 1064 2470 acie
1106 2427 1295 2481 hostibus]
1342 2430 1551 2481 splendore
1594 2424 1821 2468 micanti’'.'

276 2488 494 2528 Aberrasse
520 2490 654 2530 oculos
679 2490 838 2529 librarii
863 2503 886 2529 a
910 2503 1029 2529 uersu
1050 2490 1198 2529 Lucilii
1222 2491 1264 2529 in
1290 2502 1450 2530 uersum
1476 2489 1612 2529 Plauti
1637 2488 1824 2539 apparet:

277 2549 443 2588 dubium
479 2550 615 2588 tamen
653 2551 730 2600 est,
769 2563 847 2601 quo
884 2552 927 2589 in
964 2550 1159 2590 uocabulo
1200 2550 1435 2590 aberrarint.
1498 2549 1652 2588 Statuit
1689 2548 1825 2587 Dousa

278 2610 484 2660 scripsisse
526 2609 727 2649 Lucilium
772 2607 1136 2662 ‘praestringatque
1183 2610 1388 2650 oculorum
1438 2611 1565 2649 aciem
1615 2607 1824 2659 splendore

280 2666 461 2708 micanffi’
501 2682 595 2709 usus
632 2670 741 2709 mala
770 2671 926 2710 ratione
965 2670 1272 2719 emendationis,
1315 2665 1645 2721 ‘praestringant'
1673 2681 1704 2706 e.
1732 2681 1768 2718 q.
1795 2679 1823 2706 s.

281 2727 475 2779 Corpetus
524 2730 623 2768 item
671 2731 793 2779 male,
841 2729 1056 2770 Onionsius
1107 2727 1394 2781 ‘praestringat
1443 2729 1649 2768 oculorum
1699 2726 1826 2766 aciem

280 2789 489 2838 splendore
526 2786 720 2839 micanti’,
765 2790 870 2840 quod
909 2791 1005 2829 ferri
1043 2791 1178 2840 potest
1212 2790 1302 2828 ideo
1341 2789 1447 2840 quod
1484 2789 1643 2838 saepius
1688 2787 1826 2826 eadem

282 2860 419 2886 uersus
451 2847 542 2887 sede
577 2849 811 2898 producitur
847 2851 1024 2888 extrema
1061 2849 1218 2899 syllaba
1256 2844 1371 2902 (conf
1391 2848 1512 2887 indic.
1538 2860 1705 2915 gramm
1731 2859 1761 2885 s.
1788 2860 1825 2884 u.

275 2901 514 2961 productio).
571 2906 683 2953 Quod
716 2910 750 2948 si
780 2921 920 2947 reuera
951 2910 1111 2958 scripsit
1140 2909 1332 2957 Lucilius,
1363 2920 1500 2947 uersus
1534 2908 1738 2961 egregium
1766 2908 1828 2945 est

282 2967 556 3005 testimonium
586 2967 715 3006 lectae
745 2968 887 3008 Militis
919 2967 1078 3006 fabulae
1104 2968 1327 3006 Plautinae
1373 2967 1522 3006 Contra
1546 2966 1827 3006 Lachmannus

284 3027 325 3066 et
354 3026 569 3066 Muellerus
600 3027 879 3066 tantummodo
912 3027 1035 3066 uerba
1073 3024 1361 3079 ‘praestringat
1398 3026 1605 3078 splendore
1643 3022 1826 3067 micanti'
