2060 3444
772 262 873 300 xxx
900 277 937 302 u.
966 266 1213 301 1057—1060.
1682 262 1768 307 337

221 379 299 418 erit
335 380 468 419 textor
504 375 692 432 gerdius'.
759 379 1010 418 Vocabulum
1050 380 1212 429 yerdins
1249 391 1312 429 ap.
1351 378 1552 418 Lucilium
1595 380 1770 430 primum

218 440 440 479 inuenitur:
485 441 690 490 sumptum
738 451 822 479 esse
871 439 1033 496 uidetur
1082 452 1128 478 ex
1178 439 1350 478 dialecto
1402 439 1575 489 quadam
1624 439 1769 479 Italiae

220 498 383 540 Graeca.
409 499 580 551 Hesyoh.
606 497 770 553 γερὸιός·
799 497 994 551 ὑφαντής,
1019 501 1119 539 item
1153 498 1266 539 GGL
1286 499 1328 538 II
1353 513 1390 550 p.
1414 500 1511 549 262,
1534 500 1587 538 55
1615 498 1770 553 γερδιὸς

217 556 306 612 ’ἤτοι
345 558 528 612 ὑφαντὴς
565 562 715 609 textor,
759 558 894 613 γερδιά
934 561 1093 599 textrix.
1149 559 1354 599 Peculiare
1400 559 1601 610 quoddam
1644 573 1769 611 genus

218 621 385 660 textrini
416 622 635 661 exercuisse
667 620 850 672 gerdium
875 633 896 659 e
920 620 1069 659 Lucilii
1093 622 1134 659 et
1157 619 1324 659 Firmici
1348 619 1482 666 uerbis
1507 620 1768 672 intellegitur.

219 679 333 727 Quod
364 692 453 720 cum
484 682 527 720 in
558 681 723 732 papyris
755 681 1017 732 Aegyptiacis
1049 680 1281 731 saepissime
1319 682 1592 719 memorentur
1621 679 1773 733 γερδιοί

217 741 303 781 siue
335 739 497 794 γέρὸιοι,
528 739 752 795 γερδιακόν,
783 742 997 792 suspiceris
1028 742 1203 780 textores
1230 741 1352 780 fuisse
1383 741 1545 791 proprie
1576 740 1770 791 lanfficos,

218 800 376 854 gerdios
408 801 578 841 linificos
611 814 710 852 quos
741 814 821 841 uno
851 802 984 852 capite
1009 801 1104 840 XXI
1129 799 1218 854 περὶ
1243 800 1443 854 λαναρίων
1469 800 1771 852 comprehendit

218 861 393 901 edictum
413 862 669 901 Diocletiani.
720 860 973 914 Oxyrhynch.
994 861 1140 913 Papyr.
1159 861 1180 900 I
1204 876 1242 913 p.
1265 862 1319 901 83
1351 860 1524 913 Τρύφων
1551 861 1770 901 Διονυσίου

217 919 372 975 γέρδιος
397 922 439 960 Π
469 936 507 973 p.
530 923 617 962 280
643 935 771 973 seqq.:
807 922 926 973 plura
968 921 1334 973 exempla'dabunt
1364 922 1515 962 indices
1548 921 1771 961 editionum

124 1012 135 1021 .
218 995 463 1033 papyrorum
483 981 625 1022 Graeci
650 984 690 1021 et
709 995 788 1022 van
808 982 1067 1022 Herwerdeni
1086 982 1241 1022 lexicon
1261 980 1458 1022 Graecum
1477 982 1771 1033 suppletorium

217 1055 247 1082 s.
267 1056 305 1081 u.
338 1042 386 1081 V.
414 1042 582 1089 Quartio
619 1045 752 1082 textor
788 1044 1034 1082 memoratur
1064 1044 1108 1082 in
1137 1043 1400 1094 inscriptione
1434 1042 1545 1082 urbis
1578 1055 1640 1093 ap.
1668 1042 1769 1081 Wil-

219 1103 447 1142 mannsium
466 1103 645 1154 Exempl.
665 1104 760 1142 179.
783 1103 975 1142 Zonarius
995 1105 1240 1142 memoratur
1254 1116 1317 1154 ap.
1333 1102 1411 1142 Cic.
1426 1116 1499 1154 pro
1519 1103 1648 1142 Flacc.
1667 1104 1768 1152 7‚17

128 1163 139 1171 ³
220 1159 389 1202 ‘sutores
411 1165 451 1202 et
471 1164 622 1202 zonarii
641 1160 956 1203 conclamarunt’
984 1163 1032 1202 de
1058 1164 1170 1202 cuius
1197 1164 1283 1202 arte
1303 1164 1487 1214 exposuit
1506 1163 1768 1203 Bluemnerus

219 1223 271 1262 ad
301 1222 417 1262 edict.
443 1223 612 1263 Dioclet.
633 1224 670 1262 X
696 1224 854 1262 8-12,
917 1224 1021 1262 Tota
1057 1224 1212 1263 indoles
1250 1224 1329 1263 loci
1366 1223 1509 1263 similis
1548 1225 1608 1263 est
1649 1224 1768 1274 atque

218 1283 352 1323 Plaut.
373 1283 481 1322 Trin.
497 1285 579 1322 251
609 1281 701 1323 ‘nox
721 1284 851 1334 datur,
872 1283 1034 1323 ducitur
1058 1284 1216 1323 familia
1241 1285 1346 1323 tota:
1373 1284 1596 1334 uestiplica,
1616 1285 1771 1333 unctor,

218 1345 307 1383 auri
338 1345 489 1394 custos,
532 1344 809 1395 flabelliferae,
854 1344 1194 1396 sandaligerulae,
1238 1346 1451 1394 cantrices,
1494 1344 1770 1384 cistellatrices

219 1398 371 1458 (quales
415 1404 588 1444 emhibent
630 1407 879 1444 monumenta
922 1405 1158 1454 sepulcralia
1209 1407 1484 1444 matronarum
1526 1399 1769 1459 Atticarum)

219 1465 352 1503 nuntii
376 1462 581 1504 renuntii'.

341 1519 484 1566 1058.
515 1525 670 1565 Nonius
706 1538 744 1575 p.
767 1526 871 1575 493,
899 1527 953 1565 26
995 1522 1172 1564 ‘Inuerbi
1209 1538 1282 1576 pro
1320 1525 1496 1564 inuerbis
1539 1519 1765 1579 (inberbes).

220 1584 400 1625 Lucilius
449 1585 518 1623 lib.
544 1585 655 1623 XXX
700 1582 950 1635 “[maximus
1001 1587 1034 1624 si
1084 1580 1270 1637 argento]
1329 1586 1485 1624 inuenti
1535 1585 1770 1637 androgyni,

218 1644 379 1684 barbati
415 1641 771 1684 moechocinedi''.'
840 1645 974 1684 Verba
1019 1645 1173 1693 seclusa
1217 1645 1334 1684 eiecit
1374 1644 1558 1684 Guiacius
1603 1658 1704 1695 quae
1749 1658 1769 1684 e

218 1704 399 1756 proximo
449 1705 573 1744 Nonii
626 1705 813 1744 lemmate
862 1705 1098 1756 irrepserint
1147 1700 1203 1760 (u.
1234 1700 1380 1759 1053).
1441 1727 1499 1732 —
1549 1706 1770 1755 androyyni

218 1764 459 1804 uocabulum
501 1765 543 1803 in
586 1765 861 1817 prodigiorum
900 1766 1016 1805 fastis
1055 1767 1117 1805 est
1153 1767 1314 1815 tritum,
1355 1766 1680 1811 moechocc'naedi‚
1725 1767 1771 1804 ut

219 1824 536 1876 spatalocinaedi
561 1838 623 1876 ap.
649 1825 808 1866 Petron.
838 1826 903 1864 23.
956 1825 1205 1865 Sententiam
1232 1839 1417 1865 enarrare
1438 1827 1597 1876 oportet
1622 1826 1769 1865 collato

220 1885 358 1925 eodem
403 1886 678 1936 Theophrasto
721 1886 747 1925 1.
768 1899 797 1925 s.
817 1899 847 1926 s.
880 1881 952 1940 (ad
983 1900 1020 1925 u.
1042 1881 1149 1940 991)
1181 1900 1219 1938 p.
1242 1887 1295 1925 62
1343 1882 1592 1926 ‘honoranda
1635 1885 1770 1925 nutrix

219 1947 303 1985 eius
347 1948 388 1985 et
429 1946 585 1998 gerula,
630 1959 766 1986 seruus
811 1947 1000 1997 paternus
1046 1948 1086 1986 et
1132 1948 1350 1996 maternus,
1400 1948 1440 1986 et
1483 1947 1686 1996 alumnus,
1731 1948 1771 1985 et

219 2006 416 2045 formosus
467 2006 635 2056 assecla,
686 2008 726 2045 et
774 2009 1010 2057 procurator
1058 2007 1373 2056 calamistratus,
1424 2008 1464 2046 et
1513 2007 1555 2045 in
1606 2007 1770 2059 longam

219 2079 477 2117 securamque
495 2066 702 2106 libidinem
723 2068 901 2106 exsectus
922 2067 1059 2117 spado,
1086 2067 1158 2106 sub
1179 2067 1322 2118 quibus
1343 2067 1572 2106 nominibus
1594 2066 1771 2116 adulteri

220 2126 470 2166 delitescunt.
527 2139 796 2177 quoscumque
836 2127 909 2166 illa
948 2127 1144 2177 dilexerit,
1175 2127 1205 2166 ii
1235 2127 1422 2179 ingratiis
1456 2124 1647 2166 amandi'.
1710 2127 1769 2166 Ad

221 2187 375 2226 barbati
405 2187 501 2226 conf
533 2186 707 2227 Martial.
731 2187 808 2226 VII
836 2188 889 2226 58
928 2184 1031 2226 ‘Iam
1062 2200 1128 2226 sex
1161 2189 1232 2227 aut
1262 2188 1414 2238 septem
1440 2188 1624 2238 nupsisti,
1652 2186 1771 2226 Galla

221 2246 410 2296 cinaedis,
441 2247 538 2285 dum
569 2260 683 2286 coma
712 2248 752 2286 te
784 2248 954 2286 nimium
984 2260 1165 2298 pexaque
1195 2247 1320 2287 barba
1351 2244 1481 2286 iuuat'
1516 2261 1548 2286 e.
1570 2261 1606 2298 q.
1627 2260 1656 2287 s.

344 2301 488 2346 1059.
525 2306 679 2346 Nonius
716 2321 754 2358 p.
777 2307 881 2356 348,
908 2309 960 2346 21
1010 2304 1203 2357 ‘Mittere,
1248 2309 1443 2347 omittere.
1489 2338 1497 2346 .
1521 2339 1557 2346 ..
1590 2307 1769 2347 Lucilius

220 2365 290 2405 lib.
316 2366 427 2404 XXX
471 2363 577 2405 “hoc
610 2397 618 2405 .
641 2397 677 2404 ..
709 2363 930 2406 libentcr’'.’
1000 2368 1151 2407 lubente
1193 2367 1344 2406 Iunius.
1419 2367 1507 2406 Hoc
1550 2367 1655 2418 quod
1696 2380 1770 2419 ego

221 2427 359 2465 satura
396 2438 486 2465 mea
522 2428 568 2465 ut
605 2439 727 2478 graue
764 2428 914 2466 uitium
950 2427 1205 2478 reprehendi,
1241 2429 1287 2466 tu
1324 2428 1490 2467 missum
1521 2428 1655 2477 facies,
1686 2428 1770 2476 illo,

221 2486 328 2536 quod
360 2487 620 2537 praeceptum
649 2488 843 2538 proposui
866 2487 1014 2526 ibidem
1047 2489 1087 2527 et
1117 2487 1265 2526 bonum
1291 2490 1331 2527 et
1355 2487 1526 2536 salubre,
1558 2487 1769 2538 tuquidem

221 2545 340 2584 facile
371 2547 523 2596 poteris
554 2547 616 2585 uti
648 2549 810 2586 auctore
839 2547 1068 2597 plaudente.

344 2599 488 2646 1060.
519 2606 673 2646 Nonius
704 2620 742 2657 p.
765 2608 868 2656 235,
897 2610 949 2646 16
985 2604 1153 2659 ‘Aptum
1189 2620 1348 2646 rursum
1379 2620 1571 2647 conexum
1602 2609 1643 2646 et
1675 2620 1767 2647 con-

221 2666 394 2717 ligatum
431 2665 641 2718 significat.
774 2667 951 2707 Lucilius
988 2667 1056 2709 lib.
1076 2668 1187 2707 XXX
1225 2665 1359 2707 “unus
1404 2669 1613 2707 consternit
1652 2669 1770 2707 nouis

223 2726 338 2764 uetus
375 2725 547 2765 restibus
585 2721 782 2778 (pestibus
814 2722 872 2781 L)
911 2724 1091 2778 aptus”.'
1160 2729 1271 2767 nobis
1309 2727 1533 2778 Turnebus,
1576 2729 1768 2766 consterni

223 2786 330 2824 recte
354 2785 644 2825 Lachmannus.
696 2786 944 2826 Sententiam
968 2787 1028 2826 ita
1052 2788 1135 2826 fere
1154 2788 1360 2838 suppleas:
1389 2785 1490 2827 ‘sero
1518 2789 1578 2826 est
1597 2787 1768 2837 denique

225 2846 388 2895 coeptus
432 2857 533 2884 unus
577 2847 788 2884 consterniv
819 2846 933 2885 nobis
978 2846 1187 2897 grabatus,
1230 2849 1364 2896 uetus,
1409 2846 1582 2886 restibus
1620 2843 1767 2896 aptus’.

226 2903 408 2944 Contulit
443 2903 722 2944 Lachmannus
765 2905 832 2944 lib.
853 2905 912 2944 VI
935 2919 972 2944 u.
995 2907 1076 2945 251
1127 2903 1222 2945 ‘tres
1261 2919 1285 2944 a
1322 2905 1567 2945 Deucalione
1609 2906 1769 2956 grabati

224 2964 395 3004 restibus
427 2961 557 3004 tenti'.
613 2964 862 3004 Describitur
893 2978 990 3004 cena
1020 2965 1171 3005 sordidi
1201 2966 1391 3004 hominis:
1424 2966 1601 3016 hospites
1628 2966 1778 3016 stipati·

229 3024 441 3075 pluresque
473 3025 516 3063 in
546 3037 625 3063 uno
656 3024 759 3064 lecto
785 3025 1045 3075 collocantur,
1077 3038 1198 3076 quam
1229 3026 1351 3065 moris
1377 3027 1463 3065 erat
1488 3026 1607 3064 sicuti
1631 3028 1771 3065 narrat

298 3097 413 3125 Lucilii
431 3098 497 3125 rell.
517 3098 562 3124 ed.
582 3098 691 3124 max.
724 3098 765 3124 11.
1438 3096 1481 3127 22
