2060 3444
760 244 812 281 111
836 256 872 280 u.
903 246 1102 280 146-148.
1154 241 1205 278 IV
1230 254 1266 278 u.
1295 245 1375 278 149.
1773 240 1825 283 71

277 377 367 404 cum
399 375 424 402 a
454 362 612 401 Nerone
644 361 687 400 in
717 359 815 400 urbe
846 359 1091 410 reciperetur
1124 363 1230 397 πᾶσα
1268 354 1340 408 μὲν
1378 353 1403 408 ἡ
1441 353 1555 404 πόλις
1592 353 1829 408 ἐκεκόσμητο

279 422 347 464 καὶ
373 420 480 476 φωσὶ
505 420 572 462 καὶ
598 419 876 473 στεφανώμασι
903 414 999 474 (Dio
1022 417 1128 459 Cass.
1155 417 1289 457 LXIII
1315 411 1381 472 4):
1408 416 1538 457 Schol.
1558 416 1665 457 Pers.
1686 415 1722 454 V
1745 417 1830 456 180

279 482 479 524 ‘lucernas
505 494 691 522 accensas
718 482 759 521 et
783 481 903 520 uiolis
929 480 1139 520 coronatas
1164 479 1207 517 in
1232 478 1417 518 fenestris
1443 473 1626 528 ponunt’.
1679 475 1830 516 Simili-

275 544 456 585 tudinem
486 542 621 583 induci
654 555 678 581 a
709 543 829 593 poeta
860 540 1063 580 indicatur
1092 538 1288 579 uocabulo
1320 538 1414 578 oh'm
1445 538 1630 577 sollemni
1654 536 1698 576 in
1724 550 1829 577 com-

276 604 554 656 parationibus
586 603 656 642 ubi
686 602 898 642 Lucretius
917 601 977 640 VI
998 601 1082 640 109
1112 599 1316 652 Vergilius
1342 611 1476 651 georg.
1496 598 1559 637 m
1581 599 1635 638 99
1662 597 1721 637 IV
1742 598 1824 637 261

275 665 375 705 Aen.
401 665 443 704 Π
470 665 555 704 416
589 663 669 702 VH
697 664 780 703 318
807 662 965 713 ponunt
989 659 1206 711 quondam:
1231 659 1337 698 idem
1362 658 1572 698 Lucretius
1598 658 1666 697 lib.
1686 658 1744 697 IV
1773 659 1827 697 57

278 722 340 765 ‘ut
383 725 481 765 olim
518 738 609 764 cum
649 722 788 763 teretis
833 722 990 774 ponunt
1032 721 1190 761 tunicas
1234 720 1388 759 aestate
1431 715 1607 759 cicadae’
1652 720 1830 758 ueterem

276 786 498 826 etiamtunc
531 786 691 824 secutus
729 785 790 823 est
828 781 1155 822 consuetudinem
1189 774 1267 835 (VI
1294 774 1412 834 148).
1477 777 1587 825 Quae
1623 791 1686 818 res
1725 791 1829 818 com-

275 848 441 898 paretur
466 858 555 885 cum
581 846 669 886 foro
695 844 876 884 Romano
901 843 1074 887 lucernis
1101 841 1322 881 collucente
1348 841 1548 880 incertum
1573 841 1644 879 est.
1691 838 1828 890 Suspi-

276 908 376 947 ceris
413 907 550 947 tamen
587 906 635 945 de
672 906 760 958 igni
796 905 990 943 nocturno
1029 915 1076 941 ex
1112 901 1268 942 insulae
1306 902 1442 941 monte
1483 901 1552 953 agi
1595 901 1829 951 erumpente

276 981 354 1019 quo
394 967 528 1007 omnia
566 966 853 1006 collustrantur
890 963 1146 1004 circumcirca
1187 961 1382 1014 siquidem
1422 960 1572 1001 Callias
1611 973 1672 1011 ap.
1706 960 1827 1000 schol.

275 1028 462 1080 Apollon.
490 1026 616 1067 Rhod.
642 1026 705 1065 m
732 1026 784 1064 41
820 1024 948 1065 tradit
978 1023 1027 1063 de
1057 1023 1206 1063 Hierae
1236 1022 1397 1075 ignibus
1429 1019 1620 1075 κρατῆρές
1650 1019 1726 1061 εἰσι
1755 1019 1829 1060 δύο

276 1082 333 1129 ὧν
371 1086 392 1128 ὃ
429 1085 558 1141 ἕτερός
594 1085 675 1127 ἐστι
711 1084 785 1138 τὴν
823 1084 1056 1138 περίμετρον
1093 1082 1314 1138 τριστάδιος
1351 1081 1391 1131 ἐξ
1430 1076 1480 1122 οὗ
1522 1080 1624 1122 πολὺ
1670 1078 1829 1136 φέρεται

275 1146 422 1202 φέγγος
454 1147 549 1188 ὥστε
581 1145 646 1187 ἐπὶ
676 1144 804 1186 πολὺν
835 1144 958 1185 τόπον
989 1143 1312 1198 παρασκευάζειν.

399 1203 508 1249 147.
545 1207 674 1247 Iulius
717 1207 922 1246 Romanus
966 1205 1073 1256 apud
1120 1204 1345 1244 Charisium
1377 1202 1446 1243 GL
1471 1203 1492 1241 I
1522 1217 1560 1254 p.
1590 1203 1695 1252 223,
1722 1202 1830 1242 21Κ

276 1267 349 1309 ‘Ut
390 1270 485 1321 pote
522 1268 703 1308 Lucilius
728 1263 820 1307 111⁹.
887 1266 948 1306 De
991 1267 1132 1317 utpote
1169 1265 1331 1305 Brixius
1375 1263 1428 1303 ad
1470 1263 1601 1303 Plaut.
1628 1263 1712 1303 Mil.
1742 1263 1828 1303 530

276 1328 638 1371 Sonnenscheinius
674 1328 738 1367 ad-
759 1327 861 1367 Rud.
889 1328 974 1367 462
1010 1323 1168 1381 (Afran.
1191 1319 1311 1365 ORFS
1329 1339 1367 1376 p.
1391 1325 1489 1375 251,
1517 1325 1602 1364 349
1618 1317 1673 1378 R)
1704 1323 1829 1362 Drae-

276 1391 362 1444 geri
394 1391 549 1442 syntax.
575 1389 601 1428 l.
629 1389 672 1428 L.
698 1388 837 1429 histor.
863 1382 925 1427 Π2
954 1401 992 1440 p.
1021 1387 1118 1427 537.
1148 1387 1245 1427 538.
1308 1385 1516 1426 Particula
1551 1386 1612 1425 est
1647 1385 1828 1437 uulgaris

275 1463 400 1503 quam
425 1451 559 1490 etiam·
574 1449 769 1490 Horatius
795 1448 981 1489 adhibuit
1010 1448 1054 1487 in
1085 1447 1228 1488 itinere
1253 1446 1497 1486 Brundisino
1524 1457 1638 1485 serm.
1658 1445 1679 1484 Ι
1700 1445 1739 1494 5,
1760 1445 1829 1495 94,

273 1511 488 1563 repudiant
519 1511 741 1562 scripturae
773 1509 971 1562 grauioris
997 1508 1081 1548 stili
1113 1509 1154 1548 et
1178 1507 1381 1559 pedestres
1408 1508 1448 1546 et
1471 1507 1671 1558 poeticae:
1704 1505 1827 1544 absti-

273 1573 372 1612 nent
403 1584 450 1612 ea
482 1570 629 1611 Caesar
659 1570 863 1622 Vergilius
895 1569 1114 1622 tragoedia.

399 1626 508 1672 148.
542 1630 747 1678 Quomodo
782 1629 951 1670 Accium
987 1629 1152 1669 laeserit
1188 1629 1309 1680 poeta
1345 1627 1450 1667 libro
1475 1626 1539 1666 1Π
1575 1638 1656 1666 non
1692 1626 1828 1677 potest

276 1693 461 1733 accurate
492 1691 676 1743 perspici.
737 1690 875 1729 Vnum
906 1689 1185 1730 tantummodo
1216 1689 1294 1728 iter
1326 1687 1506 1728 Siculum
1535 1687 1642 1726 hunc
1678 1685 1827 1726 librum

275 1752 519 1793 continuisse
549 1752 871 1804 fragmentorum
903 1751 1053 1790 euincit
1083 1750 1214 1790 simile
1246 1749 1298 1788 ad
1328 1762 1454 1788 unum
1491 1747 1671 1787 omnium
1708 1759 1827 1799 argu-

275 1815 465 1853 mentum.
530 1812 707 1864 Singulis
738 1812 877 1862 itaque
909 1810 1092 1851 uersibus
1123 1810 1237 1850 Accii
1267 1809 1419 1861 passim
1451 1810 1492 1848 et
1526 1807 1749 1848 doctrinam
1787 1807 1827 1847 et

274 1874 414 1925 poesin
446 1872 642 1924 carpsisse
672 1872 836 1911 uidetur
865 1872 1002 1922 poeta,
1035 1871 1128 1910 dum
1157 1871 1291 1910 iocose
1323 1871 1365 1909 et
1395 1869 1478 1909 sale
1509 1869 1638 1908 multo
1669 1867 1826 1908 itineris

275 1935 431 1974 labores
463 1935 504 1973 et
535 1932 684 1986 gaudia
714 1931 969 1984 persequitur
999 1931 1127 1971 ueluti
1152 1945 1189 1971 u.
1219 1932 1305 1971 140
1338 1927 1549 1969 ‘Tantalus
1582 1930 1653 1980 qui
1676 1941 1825 1980 poenas

277 1995 326 2034 ob
358 1995 468 2034 facta
498 1994 693 2044 nefantia,
723 2005 873 2044 poenas
904 1989 1072 2044 pendit'.

1003 2307 1091 2365 IV.

400 2411 509 2457 149.
541 2416 696 2456 Nonius
727 2429 765 2467 p.
794 2416 899 2465 393,
933 2415 986 2454 28
1028 2411 1258 2465 ‘Spurcum,
1303 2425 1467 2452 saeuum
1505 2412 1573 2452 uel
1610 2413 1825 2465 sanguina-

275 2479 390 2517 rium.
420 2509 427 2515 .
456 2509 462 2516 .
492 2509 498 2515 .
524 2476 702 2516 Lucilius
735 2477 964 2527 satyrarum
995 2475 1063 2514 lib.
1090 2474 1174 2513 ΠΠ
1207 2470 1451 2513 “aserninus
1478 2504 1485 2511 .
1514 2505 1520 2511 .
1550 2504 1557 2511 .
1584 2472 1825 2512 fiacchorum

276 2550 380 2578 unae
417 2537 581 2589 quidam
614 2568 621 2575 .
651 2568 657 2575 .
686 2568 693 2575 .
726 2549 816 2575 cum
840 2537 1081 2586 paccdeiano
1115 2565 1122 2573 .
1151 2565 1159 2573 .
1188 2564 1196 2572 .
1227 2536 1347 2573 natus
1373 2563 1382 2572 .
1410 2564 1416 2571 .
1446 2564 1454 2572 .
1483 2530 1649 2573 unus’'.'
1711 2533 1825 2572 Idem

276 2612 313 2648 p.
343 2599 440 2647 257,
468 2599 521 2637 16
563 2594 810 2647 ‘Conponere
847 2609 984 2636 rursus
1023 2594 1226 2647 significat
1263 2606 1492 2645 conparare.
1527 2625 1534 2632 .
1563 2625 1570 2632 .
1599 2625 1606 2631 .
1644 2592 1824 2632 Lucilius

277 2660 505 2709 satyrarum
534 2657 603 2696 lib.
629 2657 714 2696 im
746 2653 938 2696 “Samnis
970 2668 1135 2707 spurcus
1166 2655 1285 2694 homo
1317 2654 1405 2694 uita
1435 2655 1514 2694 ista
1545 2653 1688 2706 dignus
1712 2653 1825 2692 homo

275 2731 316 2758 se
347 2731 438 2758 cum
462 2717 696 2767 pacideiane
724 2748 730 2755 .
753 2748 760 2755 .
784 2748 790 2755 .
816 2713 980 2755 unus’'.'
1036 2714 1172 2755 Cicero
1205 2714 1253 2754 de
1285 2716 1365 2766 opt.
1398 2727 1541 2766 genere
1573 2715 1672 2753 orat.
1702 2713 1739 2765 6,
1769 2714 1822 2752 17

279 2775 331 2817 ‘A
360 2792 426 2817 me
458 2781 604 2827 autem,
635 2779 684 2816 ut
715 2789 834 2827 quom
865 2777 1064 2816 maxumis
1096 2775 1262 2815 minima
1294 2775 1510 2824 conferam,
1551 2773 1825 2826 gladiatorum

277 2851 351 2889 par
375 2837 668 2878 nobilissimum
691 2836 908 2887 inducitur,
936 2835 1153 2876 Aeschines
1178 2837 1388 2886 tamquam
1413 2834 1668 2883 Aeserninus,
1693 2834 1740 2872 ut
1766 2835 1825 2873 ait

277 2898 466 2948 Lucilius,
498 2909 578 2937 non
609 2909 773 2948 spurcus
805 2897 942 2946 homo,
977 2896 1045 2936 sed
1078 2908 1168 2935 acer
1199 2897 1239 2935 et
1270 2895 1420 2944 doctus,
1453 2907 1575 2946 quom
1604 2893 1824 2934 Pacidiano

278 2959 343 2997 hic
387 2957 653 3009 componitur,
700 2958 875 3008 optimus
919 2951 1105 3011 (Beierus
1149 2950 1310 3010 optimo)
1355 2955 1466 3006 lowye
1508 2955 1601 3006 post
1642 2954 1823 2994 homines

278 3020 412 3058 natos:
451 3018 553 3058 nihil
590 3017 696 3057 enim
732 3017 804 3057 illo
842 3018 1000 3057 oratore
1037 3016 1212 3057 arbitror
1248 3016 1420 3068 cogitari
1458 3027 1575 3067 posse
1618 3011 1825 3056 diuinius'.
