2060 3444
273 226 329 269 76
530 225 534 228 ’
872 224 924 262 IV
948 237 983 262 u.
1013 228 1211 263 168-173.

272 339 465 379 sermonis
504 351 584 390 qua
621 338 751 379 utitur
780 338 849 378 lib.
875 339 969 378 XIX
993 353 1031 378 ιι.
1059 339 1141 379 561
1185 336 1369 379 ‘aduersa
1402 339 1533 380 hieme
1570 337 1696 392 olim',
1732 354 1814 393 qua

271 399 502 439 luxuriatur
531 399 700 439 Plautus
738 412 829 438 cum
865 399 1006 439 scribit
1037 393 1158 453 (Rud.
1187 393 1262 454 37)
1295 396 1380 439 ‘sed
1409 401 1505 440 dum
1541 401 1641 441 alios
1678 403 1814 442 seruat

272 472 313 499 se
338 459 553 510 impedim‘t
576 456 760 499 mtem'm’.
786 459 912 499 Piscis
937 461 1063 511 igitur
1087 459 1157 498 ille
1182 459 1368 499 immanis
1393 459 1472 499 fuit
1496 462 1616 500 sicuti
1640 463 1812 511 inqentes

270 521 400 571 pisces
424 533 461 558 u.
492 520 575 558 166
610 521 650 559 et
681 531 895 569 acupenser
931 521 1171 559 decumanus
1202 518 1378 559 Gallonii
1415 515 1570 574 (incert.
1596 534 1635 560 u.
1664 516 1813 576 1240),

270 580 430 631 longior
461 592 582 630 quam
612 592 707 631 grus
737 580 936 630 incedens,
967 581 1090 619 immo
1122 592 1285 631 corpore
1316 581 1426 632 gruis
1455 582 1639 632 porrecto
1669 581 1713 621 in
1743 594 1812 622 uo-

271 639 391 678 lando
423 640 655 689 porrectior.

394 694 502 740 169.
533 699 690 739 Nonius
721 713 758 751 p.
786 700 886 750 427,
913 702 964 739 11
1002 696 1166 739 ‘Sebum
1197 701 1237 739 et
1266 701 1513 752 unguentum
1536 701 1639 741 hanc
1663 701 1814 742 habent

271 759 563 799 diuersitatem:
596 759 732 799 sebum
763 760 810 799 fit
841 773 887 799 ex
919 759 1037 812 adipe
1062 760 1353 799 ruminantium
1372 772 1393 796 *
1416 773 1435 796 ιιι
1457 772 1477 796 *
1498 760 1679 802 Lucilius
1704 763 1812 813 saty-

269 832 405 859 rarum
435 819 504 859 lib.
530 820 614 859 1111
647 817 841 860 “tisifone
873 821 986 860 iitene
1015 820 1270 871 pulmonibus
1302 822 1422 871 atque
1454 821 1604 860 adirem
1643 834 1813 871 wnyuem

270 881 476 920 excoctum
507 881 607 920 atuli
632 880 898 919 eumenidibus
924 881 1175 920 sanctissima
1200 876 1393 931 erynis''.'
1443 880 1503 920 De
1531 882 1702 921 conuiua
1727 882 1812 934 agi-

268 941 339 979 tur
357 939 488 979 cibum
507 940 749 980 fastidiente.
795 940 916 979 Titini
934 940 1041 991 quod
1060 940 1176 991 posui
1197 935 1298 994 (Ser.
1320 940 1466 980 Samm.
1486 940 1534 980 de
1553 941 1654 980 med.
1677 935 1811 996 1037)

270 1013 413 1039 nomen
452 1002 513 1039 est
548 1000 746 1040 helluonis
784 1002 825 1039 et
854 1000 1029 1040 lurconis
1061 1000 1256 1049 defuncti,
1291 1002 1355 1040 cui
1384 1000 1608 1041 Furiarum
1636 1002 1812 1042 maxima

271 1059 410 1100 sebum
442 1072 659 1111 excoquere
691 1060 840 1100 dicitur
869 1060 976 1111 apud
1012 1061 1179 1101 inferos:
1216 1060 1396 1111 Euripid.
1422 1060 1551 1113 Iphig.
1577 1061 1697 1100 Taur.
1725 1062 1809 1102 963

268 1120 316 1159 de
342 1120 564 1171 coryphaeo
591 1120 701 1160 chori
720 1119 990 1160 Eumenidum
1014 1120 1204 1172 Aeschyli
1235 1119 1278 1160 τὸ
1304 1115 1342 1160 δ’
1370 1118 1465 1160 ἄλλο
1490 1116 1681 1174 πρέσβειρ’
1710 1120 1809 1175 ἥπερ

271 1173 322 1231 ἦν
349 1175 547 1233 Ἐρινύων
578 1180 696 1233 Verg.
723 1180 821 1219 Aen.
847 1180 910 1220 ΠΙ
936 1181 1018 1221 251
1057 1178 1176 1232 ‘quae
1204 1212 1211 1219 .
1240 1212 1247 1220 .
1276 1211 1283 1219 .
1310 1181 1409 1220 mihi
1445 1181 1626 1222 Phoebus
1663 1180 1810 1232 Apollo

267 1240 480 1291 praedixit,
511 1240 627 1280 uobis
659 1241 872 1280 Furiarum
904 1253 977 1293 ego
1007 1242 1184 1281 maxima
1212 1237 1361 1292 pando'
1393 1240 1463 1280 ubi
1495 1240 1657 1280 Seruius
1696 1238 1809 1282 ‘adeo

266 1301 377 1351 ipsae
409 1301 503 1340 sunt
529 1300 674 1340 Furiae
702 1332 708 1340 .
732 1332 738 1339 .
761 1332 768 1340 .
795 1314 889 1340 nam
920 1302 978 1340 ait
1009 1301 1057 1340 de
1082 1301 1297 1352 Tisiphone
1327 1295 1405 1355 (VI
1432 1295 1536 1355 605)
1565 1298 1810 1341 “Furiarum

267 1362 443 1401 maxima
478 1362 592 1400 iuxta
628 1360 798 1400 accubat
829 1362 869 1400 et
899 1360 1082 1401 manibus
1113 1360 1300 1412 prohibet
1330 1362 1560 1413 contingere
1590 1357 1808 1401 mensas’'.'

267 1421 525 1461 Pulmonibus
569 1422 610 1460 et
649 1421 766 1470 adipe
802 1420 972 1460 ablatiui
1009 1423 1103 1461 sunt
1137 1421 1233 1460 licet
1274 1422 1316 1460 et
1359 1420 1520 1461 datiuus
1564 1420 1633 1472 qui
1675 1422 1810 1473 potest

267 1480 425 1521 restitui
457 1480 687 1520 inueniatur
716 1480 949 1520 coniunctus
980 1493 1072 1520 cum
1103 1480 1347 1532 excoquendi
1376 1480 1498 1520 uerbo
1529 1479 1578 1520 de
1612 1494 1691 1532 quo
1717 1482 1813 1521 conf

268 1540 319 1580 ad
338 1541 380 1580 Π
398 1554 437 1580 ιι.
462 1541 516 1580 74
536 1541 666 1581 Plaut.
688 1539 802 1592 Gapt.
825 1541 905 1581 281
943 1538 1064 1587 ‘Quid
1093 1540 1288 1581 diuitiae?
1320 1542 1464 1580 suntne
1488 1539 1673 1591 opimae?
1703 1541 1808 1581 unde

267 1602 465 1652 excoquat
489 1601 626 1641 sebum
651 1598 784 1641 senex’
811 1614 929 1653 quem
954 1601 1086 1640 locum
1111 1600 1155 1640 L.
1175 1600 1390 1641 Muellerus
1411 1601 1562 1641 attulit.
1606 1600 1808 1653 Vergilius

266 1660 366 1701 Aen.
392 1661 451 1700 VI
479 1662 560 1701 741
578 1673 658 1712 seq.
692 1658 800 1701 ‘aliis
831 1661 904 1701 sub
935 1661 1094 1714 gurgite
1124 1662 1242 1701 uasto
1272 1660 1463 1701 infectum
1498 1661 1646 1701 eluitur
1682 1661 1809 1702 scelus

266 1722 339 1761 aut
369 1722 546 1761 exuritur
576 1718 672 1771 iyni’
706 1721 872 1761 eandem
902 1734 1073 1772 poenam
1103 1723 1388 1762 commemorat
1424 1734 1547 1772 quam
1583 1721 1665 1760 iam
1692 1721 1808 1761 Luci-

268 1781 367 1821 lium
399 1782 634 1834 cognouisse
663 1781 726 1821 his
753 1781 935 1822 uidemus
960 1781 1150 1822 uersibus.
1207 1780 1285 1827 Qui
1310 1781 1482 1822 addendi
1506 1782 1600 1821 sunt
1624 1782 1681 1822 eis
1706 1794 1808 1832 quae

267 1843 450 1893 exposuit
479 1841 527 1881 A.
553 1841 758 1881 Dieterich
788 1842 947 1892 Nekyia
977 1841 1138 1893 Lipsiae
1173 1842 1286 1882 1893
1319 1855 1357 1893 p.
1386 1843 1481 1881 201.

390 1896 499 1943 171.
530 1901 723 1942 Priscian.
750 1900 818 1941 GL
843 1901 886 1942 H
916 1915 953 1953 p.
982 1902 1080 1952 522,
1108 1901 1184 1941 8Κ
1223 1898 1286 1941 ‘In
1323 1901 1373 1941 do
1410 1914 1535 1941 unum
1579 1902 1808 1942 anomalum

265 1962 488 2002 inuenitur:
522 1958 628 2001 “edo
660 1974 701 2002 es
733 1957 824 2001 est'’
853 1962 1116 2002 uetustissimi
1141 1964 1276 2002 tamen
1301 1961 1424 2001 etiam
1451 1958 1556 2001 “edo
1581 1960 1664 2001 edis
1690 1958 1805 2002 edit”

265 2021 453 2062 dicebant
477 2022 660 2073 correpta
686 2021 818 2073 prima
843 2021 999 2072 syllaba
1021 2053 1028 2060 .
1051 2053 1058 2060 .
1080 2052 1088 2060 .
1108 2021 1286 2061 Lucilius
1305 2022 1347 2060 in
1366 2021 1450 2061 1111
1470 2017 1575 2072 “qui
1596 2052 1602 2059 .
1625 2052 1632 2059 .
1655 2052 1662 2059 .
1682 2017 1807 2061 me’'.'

266 2081 462 2122 Decoctor
492 2083 534 2121 et
563 2081 726 2121 comedo
758 2094 913 2122 comeso
943 2081 1187 2133 patrimonio
1220 2081 1392 2121 comedit
1422 2079 1594 2120 aliorum
1623 2093 1706 2120 rem
1736 2094 1806 2132 pa-

266 2142 426 2182 rasitus.
488 2141 618 2182 Plaut.
645 2142 752 2181 Trin.
782 2142 865 2182 102
900 2138 1093 2182 ‘hostisne
1124 2155 1175 2181 an
1206 2142 1308 2181 ciuis
1339 2140 1530 2190 comedis,
1563 2141 1681 2192 parui
1711 2154 1806 2192 pen-

266 2199 374 2242 dere’
394 2202 565 2242 Mostell.
588 2203 642 2241 12
671 2198 771 2242 ‘sine
794 2201 913 2242 modo
937 2203 1074 2242 uenire
1093 2202 1260 2252 saluom,
1286 2215 1405 2252 quem
1424 2200 1628 2242 absentem
1647 2198 1805 2242 comes'.

267 2261 481 2302 Comedere
512 2261 661 2302 Graece
693 2263 755 2302 est
786 2261 1027 2302 κατεσθίεινε
1066 2262 1250 2302 Menand.
1278 2262 1362 2302 363
1392 2259 1492 2301 GAF
1517 2261 1580 2301 m
1604 2275 1642 2313 p.
1670 2261 1807 2302 1051(

265 2316 363 2361 κᾶθ’
398 2319 452 2370 ὡς
481 2320 632 2370 ἐκεῖνος
661 2319 874 2374 κατέδομαι
902 2319 971 2361 καὶ
999 2320 1095 2371 τοὺς
1117 2321 1268 2370 λίθους
1302 2319 1605 2373 ἁπαξάπαντας,
1645 2319 1694 2361 οὐ
1730 2319 1806 2375 γὰρ

268 2375 344 2422 οὖν
381 2380 456 2434 τὴν
491 2387 569 2435 γῆν
613 2380 742 2434 μόνην
768 2382 854 2422 384
885 2396 924 2434 Ρ.
952 2384 1038 2423 110
1082 2380 1274 2435 μακάριος
1310 2379 1460 2428 ἐκεῖνος
1503 2378 1597 2421 δέκα
1638 2380 1806 2421 τάλαντα

264 2456 518 2495 καταφαγων.

389 2496 499 2543 172.
531 2500 757 2542 Priscianus
783 2501 850 2542 GL
875 2502 918 2542 H
947 2515 985 2552 p.
1013 2502 1112 2551 485,
1140 2501 1246 2541 19K
1278 2498 1435 2554 ‘turgeo
1475 2500 1578 2542 tursi
1605 2531 1612 2539 .
1634 2531 1642 2539 .
1665 2532 1672 2540 .
1698 2501 1805 2551 idem

265 2562 307 2600 in
331 2561 416 2602 1111
454 2558 641 2602 “obtursi
677 2559 870 2602 ebrius”.’
939 2562 1114 2614 Turgere
1157 2561 1345 2601 dicuntur
1388 2573 1555 2612 corpora
1596 2561 1662 2600 uel
1705 2561 1803 2601 cibis

265 2621 442 2662 distenta
474 2616 594 2675 (Eun.
621 2635 711 2662 ann.
736 2622 794 2661 IX
821 2623 903 2662 321
921 2616 977 2676 V)
1008 2623 1075 2661 uel
1105 2634 1243 2662 somno
1275 2616 1399 2676 (Pers.
1424 2621 1462 2658 V
1489 2621 1543 2660 56
1578 2616 1658 2660 ‘hic
1692 2622 1804 2662 satur

264 2682 418 2734 irriguo
447 2682 607 2721 mauult
634 2683 859 2735 turgescere
889 2676 1064 2735 somno')
1094 2682 1161 2721 uel
1191 2681 1286 2721 uino
1316 2682 1364 2721 ut
1393 2681 1467 2721 hoc
1497 2692 1625 2720 uersu.

389 2736 497 2782 173.
528 2741 686 2782 Nonius
716 2755 754 2793 Ρ.
783 2741 882 2791 158,
909 2742 962 2782 16
997 2739 1185 2791 ‘Puellos,
1214 2754 1370 2792 pueros.
1404 2772 1411 2779 .
1434 2740 1669 2781 ..Lucilius
1693 2741 1801 2791 saty-

225 2826 230 2830 ·
264 2813 401 2840 rarum
437 2801 505 2841 lib.
530 2801 615 2842 m]
659 2798 862 2852 “cumque
895 2833 902 2839 .
930 2832 938 2839 .
966 2832 973 2839 .
1006 2802 1230 2842 formonsus
1274 2801 1344 2841 tibi
1393 2813 1440 2840 ac
1472 2830 1480 2838 .
1508 2831 1516 2839 .
1543 2831 1550 2838 .
1583 2796 1801 2852 puellus''.’

265 2860 405 2900 Festus
435 2875 473 2911 p.
501 2862 600 2911 249,
628 2862 681 2901 18
716 2858 786 2901 ‘Et
809 2861 987 2901 Lucilius
1014 2858 1215 2912 “cumque
1241 2892 1249 2899 .
1271 2892 1278 2899 .
1301 2861 1524 2901 ‚formosus
1553 2860 1664 2900 homo
1683 2872 1799 2900 ac...

265 2917 482 2971 puellus”.’
532 2921 759 2961 Priscianus
785 2919 853 2960 GL
878 2921 921 2961 H
945 2936 983 2973 p.
1011 2922 1110 2971 231,
1136 2921 1243 2961 23Κ
1273 2934 1320 2960 ex
1351 2920 1543 2961 Suetonio
1571 2914 1627 2974 (p.
1649 2921 1734 2960 348
1746 2914 1801 2974 R)

266 2976 463 3020 ‘Lucilius
498 2981 542 3019 in
572 2980 657 3020 ΙΠΙ
688 2977 889 3032 “cumque
921 3011 929 3020 .
956 3011 965 3019 .
992 3012 1000 3019 .
1032 2982 1227 3021 formosus
1256 2981 1367 3021 homo
1398 2993 1446 3021 ac
1474 3010 1483 3019 .
1510 3010 1518 3018 .
1545 3009 1554 3018 .
1580 2975 1798 3031 puellus''.’
