2060 3444
901 257 919 295 1
943 269 978 294 u.
1008 261 1159 296 17-19,
1750 257 1801 301 11

254 372 375 413 huius
414 373 550 412 autem
587 372 810 424 principale
847 385 992 413 nomen
1030 374 1091 412 est
1128 385 1250 423 aqua:
1290 372 1397 423 quod
1434 384 1529 413 uero
1565 372 1723 423 patitur
1759 383 1806 411 ac

254 433 366 473 tenet
404 445 569 483 aquam,
615 433 759 483 aquale
803 427 918 487 (conf
951 432 1080 472 Varro
1118 432 1166 472 de
1198 434 1223 472 l.
1249 432 1293 472 L.
1320 432 1357 470 V
1386 427 1503 487 119).
1555 429 1634 473 “ut
1673 432 1805 483 equile

255 491 378 533 sedile
415 488 610 541 monile''‚
648 494 708 531 ait
744 493 850 532 idem
889 493 1054 532 Plinius.
1115 489 1307 546 [aquale]
1443 493 1594 533 animal
1632 493 1805 533 animale

255 553 388 603 faciet,
418 554 464 592 ut
489 553 698 592 autumna]
725 554 969 603 autumnale,
995 554 1146 605 capital
1171 554 1357 605 capitale,
1383 552 1561 593 tribunal
1586 553 1807 603 tribunale,

255 625 358 665 quae
376 612 558 665 patiendi
577 626 656 653 non
677 615 782 664 sunt,
807 615 854 653 ut
874 626 996 665 supra
1021 610 1208 653 diximus’
1242 608 1358 668 (conf
1372 614 1551 665 prolegg.
1572 627 1609 665 p.
1627 609 1804 668 LXXV).

254 673 565 714 Hemistzichium
591 674 708 714 iustis
736 674 842 725 quod
868 676 948 714 stet
971 675 1148 714 numeris
1174 674 1301 714 satius
1321 677 1382 714 est
1406 675 1666 724 interpretari
1685 687 1806 725 quam

256 735 423 774 mutare.
491 734 622 774 Varro
654 734 679 773 1.
707 747 736 774 s.
763 747 792 774 8.
825 734 874 774 de
905 735 930 773 l.
956 733 1000 774 L.
1027 734 1085 773 IX
1112 735 1186 773 21:
1227 730 1383 774 ‘Nonne
1424 733 1629 774 inusitatis
1667 734 1806 774 formis

254 806 444 835 uasorum
487 793 723 834 recentibus
757 808 778 834 θ
823 793 991 834 Graecia
1035 794 1181 834 adlatis
1225 794 1441 834 obliterata
1485 795 1676 845 antiquae
1715 807 1806 834 con-

254 854 476 895 suetudinis
508 855 687 894 sinorum
718 856 759 894 et
790 855 1026 906 capularum
1057 855 1207 906 species
1215 852 1250 893 52'
1299 854 1453 894 Narrat
1483 854 1578 895 deus
1603 854 1807 894 hominem

252 915 416 955 Albucii
435 915 607 955 similem
627 927 710 955 esse
729 916 918 967 rogatum
939 928 1062 966 quare
1081 915 1226 966 patriis
1246 916 1519 955 intermiscere
1539 915 1671 966 petita
1683 914 1807 955 uerba

255 975 354 1015 foris
397 975 515 1015 malit
559 973 752 1015 Canusini
787 988 898 1015 more
935 974 1128 1028 bilinguis
1165 989 1294 1027 neque
1326 973 1399 1027 τὴν
1438 974 1600 1027 σκάφην
1645 974 1808 1027 σκάφην

253 1033 372 1089 λέγεις
393 1036 463 1086 qui
481 1033 541 1075 ‘at
559 1035 715 1075 doctius
734 1049 824 1076 mea
843 1037 1042 1076 sententia
1060 1036 1195 1076 mollis
1217 1033 1410 1076 ‘hetaera'
1432 1035 1587 1075 dicetur
1605 1037 1807 1084 meretrix,

256 1093 596 1147 ‘arutaenae'que,
626 1096 770 1147 inquit,
796 1093 989 1148 aquales’.
1034 1096 1176 1147 Itaque
1209 1097 1370 1146 aquales
1398 1097 1470 1147 qui
1496 1096 1667 1136 audiunt
1699 1096 1806 1147 apud

259 1155 453 1196 Catonem
484 1150 541 1208 (p.
570 1157 639 1206 62,
662 1151 825 1210 lIord.)
864 1158 905 1196 et
938 1156 1128 1197 Plautum
1161 1151 1296 1211 (Gurc.
1324 1151 1449 1207 312),
1488 1169 1554 1196 eos
1592 1158 1808 1196 arutaenas

256 1215 405 1256 Lucilii
442 1218 621 1268 tempore
653 1217 840 1256 dixerunt
874 1218 1182 1269 graecissantes:
1226 1216 1326 1256 Poll.
1352 1218 1388 1256 X
1417 1217 1470 1257 63
1510 1222 1589 1256 τῶν
1626 1214 1670 1256 ἐν
1707 1215 1812 1271 αὐτῷ

255 1279 308 1332 τῷ
337 1276 533 1333 βαλανείῳ
566 1282 719 1316 σκευῶν
757 1274 931 1329 ὀνόματα
963 1309 972 1316 .
999 1309 1008 1316 .
1036 1309 1044 1316 .
1077 1276 1240 1328 πύελος,
1271 1276 1462 1330 κρουνός,
1499 1275 1693 1330 ἀρύταινα
1725 1305 1733 1314 .
1762 1309 1770 1317 .
1799 1307 1807 1316 .

253 1332 568 1390 Ἀριστοφάνους
606 1334 679 1389 μὲν
715 1336 897 1386 εἰπόντος
929 1332 1053 1389 (GAF
1078 1338 1099 1377 I
1123 1352 1161 1389 p.
1191 1338 1290 1387 504,
1317 1338 1402 1376 435
1416 1332 1492 1392 K):
1533 1335 1728 1390 βαλανεὺς
1766 1332 1805 1376 δ’

256 1394 363 1437 ὠθεῖ
409 1399 493 1444 ταῖς
548 1395 798 1450 ἆρυταίναιςτ
855 1398 950 1438 conf
995 1398 1215 1449 Antiphan.
1248 1399 1274 1437 1.
1308 1410 1336 1437 s.
1370 1397 1411 1437 II
1448 1411 1485 1448 p.
1515 1399 1589 1448 19,
1623 1398 1698 1448 25,
1731 1397 1807 1437 3Κ

255 1457 452 1509 Theophr.
485 1458 658 1497 charact.
687 1459 725 1508 9,
753 1459 777 1497 8
812 1472 848 1510 p.
879 1459 932 1498 79
967 1459 1026 1498 ed.
1058 1458 1166 1510 Lips.
1197 1459 1310 1498 1897
1330 1458 1449 1499 Post.
1483 1472 1520 1509 p.
1550 1460 1618 1507 21,
1647 1458 1733 1498 3M.

381 1512 458 1558 18.
489 1518 646 1558 Nonius
676 1532 713 1569 p.
746 1519 841 1568 158,
863 1519 888 1557 8
924 1516 1072 1559 ‘Pausa
1103 1521 1164 1558 est
1196 1520 1307 1569 quies
1340 1519 1512 1558 alicuius
1537 1518 1606 1558 rei.
1634 1549 1642 1556 .
1664 1549 1701 1557 ..
1729 1517 1807 1557 Lu—

256 1578 372 1618 cilius
416 1580 645 1629 satyrarum
689 1579 756 1618 lib.
783 1579 803 1617 Ι
849 1576 979 1632 “haec
1012 1610 1019 1617 .
1049 1610 1056 1616 .
1085 1609 1093 1617 .
1126 1575 1378 1629 loquendi’'.'
1448 1579 1569 1618 Recte
1614 1577 1808 1630 Corpetus

258 1638 358 1678 haec
390 1651 493 1689 quae
523 1640 584 1678 ita
613 1638 767 1678 tradita
797 1641 892 1678 sunt
921 1639 963 1678 in
996 1639 1096 1679 codd
1128 1641 1308 1679 seruauit
1338 1652 1418 1678 non
1449 1641 1606 1679 secutus
1639 1652 1705 1679 eos
1740 1639 1810 1689 qui

256 1699 475 1738 inserentes
513 1700 610 1748 facit
645 1699 888 1738 uocabulum
926 1712 1087 1739 uersum
1123 1701 1326 1752 integrum
1363 1699 1632 1738 reddiderunt.
1696 1700 1809 1738 Hace

256 1759 326 1798 ubi
363 1758 468 1798 dicta
504 1759 650 1798 omisso
687 1759 936 1810 sunt·p1ane
973 1759 1189 1800 secundum
1220 1759 1367 1799 Lucilii
1404 1772 1520 1799 usum
1557 1760 1710 1799 dictum
1748 1760 1810 1799 est

257 1832 385 1870 neque
417 1819 535 1858 aliter
559 1819 763 1871 Vergilius
789 1819 887 1859 Aen.
914 1820 935 1859 Ι
961 1821 1014 1859 81
1044 1815 1170 1860 ‘Haec
1194 1820 1265 1859 ubi
1294 1820 1415 1870 dicta,
1446 1833 1591 1860 cauum
1616 1833 1809 1860 conuersa

259 1879 421 1930 cuspide
464 1881 641 1918 montem
678 1877 873 1930 Impulit’.
940 1880 1119 1920 Pau-sam
1156 1881 1252 1920 dare
1297 1882 1358 1920 est
1401 1880 1508 1931 apud
1547 1880 1723 1920 Ennium
1765 1881 1807 1919 in

259 1939 444 1990 Scipione
471 1934 549 1993 (10
562 1934 637 1992 V):
671 1937 741 1978 ‘Et
764 1939 977 1992 Neptunus
1003 1954 1147 1980 saeuus
1173 1941 1290 1980 undis
1317 1941 1468 1991 asperis
1494 1953 1663 1991 pausam
1682 1936 1808 1980 dedit’

258 1999 365 2050 apud
403 1999 570 2038 Accium
607 1999 804 2051 Epigonis
842 1995 965 2054 (TRF
997 2000 1056 2040 ed.
1082 2001 1146 2040 ΙΠ
1174 1995 1321 2055 290R)
1362 1998 1504 2040 ‘Nobis
1548 2001 1668 2040 datur
1703 2001 1810 2040 bona

257 2072 384 2111 pausa
415 2056 636 2110 loquendi'.
698 2059 868 2100 Locutio
900 2061 989 2112 ipsa
1021 2061 1222 2102 historicis
1255 2060 1416 2101 Graecis
1454 2060 1584 2112 magis
1622 2062 1682 2101 est
1718 2074 1809 2112 pro-

257 2120 347 2171 pria
380 2132 501 2172 quam
532 2121 672 2170 epicis:
704 2133 799 2160 nam
823 2121 1021 2161 Homerus
1046 2121 1084 2160 A
1112 2122 1186 2161 68:
1219 2115 1244 2173 ἦ
1275 2136 1336 2161 τοι
1367 2120 1390 2161 ὅ
1420 2115 1452 2174 γ’
1489 2118 1542 2169 ὣς
1573 2119 1698 2161 εἰπὼν
1725 2115 1805 2160 κατ’

257 2174 314 2232 ἄρ’
357 2177 478 2231 ἕζετο,
516 2179 745 2221 Herodotus
770 2181 850 2220 VII
878 2182 902 2220 8
944 2184 1036 2221 extr.
1075 2186 1198 2221 ταῦτα
1234 2181 1347 2229 εἴπας
1383 2179 1549 2221 ἐπαύετο
1587 2182 1808 2233 Xenophon

259 2240 373 2279 anab.
399 2240 420 2278 Ι
446 2241 487 2290 3,
509 2241 562 2279 13
595 2236 698 2280 ταῦτ’
733 2238 855 2280 εἰπὼν
886 2240 1095 2281 ἐπαύσατο.
1158 2242 1300 2281 Verbis
1332 2254 1398 2281 ore
1429 2241 1610 2291 loquenda·
1641 2243 1810 2293 apparet

258 2300 458 2340 Lucilium
496 2300 653 2351 epicum
690 2302 843 2340 imitari
874 2302 1064 2341 Latinum
1104 2316 1222 2353 quem
1259 2303 1356 2342 item
1394 2303 1577 2342 imitatus
1617 2303 1676 2342 est
1710 2302 1808 2341 Ver-

259 2361 380 2411 gilius
412 2359 510 2399 Aen.
536 2360 595 2399 VI
624 2362 676 2400 76
712 2358 868 2402 ‘Finem
900 2362 1011 2402 dedit
1043 2375 1109 2402 ore
1141 2359 1346 2413 loquendi’
1374 2357 1458 2416 (ore
1483 2362 1685 2402 ablatiuus
1711 2362 1810 2414 legi-

259 2422 326 2459 tur
356 2421 455 2460 item
479 2420 521 2460 H
547 2416 652 2475 475)
688 2418 813 2472 ‘quod
844 2422 1046 2474 significat
1075 2422 1196 2466 finem
1227 2422 1338 2462 dedit
1376 2436 1443 2462 ore
1480 2423 1575 2462 dum
1612 2419 1808 2473 loquitur’

262 2482 422 2520 auctore
452 2480 645 2521 Diomede
677 2481 745 2521 GL
771 2482 791 2521 I
821 2496 860 2533 p.
888 2483 988 2533 342,
1009 2484 1064 2522 23
1076 2483 1124 2522 Κ.
1175 2483 1403 2523 Ennianum
1433 2485 1562 2522 totam
1592 2495 1677 2523 esse
1707 2482 1810 2522 hanc

261 2540 503 2581 locutionem
551 2542 639 2581 ueri
689 2541 819 2582 simile
868 2544 930 2583 est
1021 2542 1217 2582 Similiter
1264 2543 1453 2582 Martian.
1506 2542 1670 2594 Capella
1700 2542 1721 2581 I
1753 2543 1808 2582 94

260 2614 299 2651 p.
327 2601 396 2675 2’6,
424 2603 479 2642 20
493 2601 684 2653 Eyssenh.
774 2599 868 2642 ‘Sed
925 2605 1142 2654 postquam
1197 2603 1380 2654 Iuppiter
1440 2603 1559 2642 finem
1621 2603 1810 2652 loquendi

261 2660 358 2701 fecit
399 2675 430 2700 e.
453 2675 488 2712 q.
510 2673 539 2700 8.
706 2679 709 2680 ’

385 2715 462 2762 19.
493 2721 730 2761 Lactantius
763 2722 886 2761 diuin.
920 2723 1045 2762 instit.
1071 2723 1130 2762 IV
1158 2724 1195 2772 3,
1225 2724 1277 2762 12
1315 2720 1475 2773 ‘Itaque
1507 2724 1548 2762 et
1577 2722 1761 2774 Iuppiter
1786 2735 1811 2761 a

246 2781 517 2831 precantibus
548 2782 665 2832 pater
695 2783 864 2821 uocatur
895 2784 935 2822 et
961 2783 1158 2822 Saturnus
1190 2785 1231 2822 et
1255 2783 1376 2822 Ianus
1408 2784 1449 2822 et
1473 2782 1593 2822 Liber
1625 2784 1665 2822 et
1689 2784 1810 2822 ceteri

264 2840 462 2892 deinceps,
501 2842 607 2892 quod
637 2841 816 2881 Lucilius
846 2843 889 2881 in
921 2842 1084 2882 deorum
1117 2843 1284 2883 concilio
1316 2843 1481 2882 inridet:
1521 2839 1599 2882 “ut
1631 2873 1638 2881 .
1669 2872 1678 2882 .
1712 2873 1720 2881 .
1759 2843 1810 2881 ad

264 2896 451 2940 unum’'.'
513 2900 625 2941 Haec
655 2902 782 2941 uerba
812 2901 1013 2942 Lactantii
1048 2903 1325 2943 demonstrant
1354 2903 1591 2954 inscriptum
1633 2902 1754 2943 fuisse
1786 2915 1810 2941 a

266 2961 538 3013 grammaticis
571 2958 747 3001 ‘deorum
782 2959 1010 3002 concilium'
1043 2963 1191 3002 librum
1215 2963 1236 3001 I
1263 2962 1410 3003 Lucilii
1441 2963 1559 3002 sicuti
1590 2963 1691 3002 liber
1715 2963 1811 3002 XVI

265 3020 556 3061 inscribebatur
588 3020 762 3073 Collyra,
792 3022 957 3063 Homeri
986 3021 1187 3075 Odysseae
1218 3023 1312 3065 libri
1337 3023 1356 3062 I
1386 3036 1480 3076 pars
1510 3023 1642 3074 prima
1672 3024 1810 3063 inscri-
