2060 3444
290 287 375 331 262
848 281 983 317 XXVII
1008 293 1043 316 u.
1072 282 1269 316 731—733.

291 403 336 440 tu
380 401 483 439 certe
526 410 590 437 me
633 396 739 436 sinas
781 395 882 434 illud
924 395 1071 433 facere:
1121 405 1193 445 ego
1238 391 1389 432 confido
1435 405 1498 432 me
1542 390 1698 432 consilii
1745 391 1825 431 mei

293 461 488 500 rationem
518 469 632 508 posse
663 451 853 494 reddere'.
1866 447 1868 449 ’

412 513 520 558 732.
552 517 705 556 Nonius
731 530 768 566 p.
797 516 865 564 37,
893 514 917 552 8
953 510 1115 552 ‘Maltas
1145 513 1298 552 ueteres
1328 512 1466 552 molles
1491 513 1689 563 appellari
1713 511 1824 551 uolu-

293 580 425 628 erunt,
465 591 488 616 a
519 576 686 625 Graeco,
725 575 839 625 quasi
869 574 1056 623 malacus.
1118 572 1295 611 Lucilius
1325 571 1393 611 lib.
1419 571 1572 611 XXVH
1610 569 1826 611 “insanum

293 641 462 678 uocant.
486 668 492 675 .
516 668 522 675 .
542 632 706 675 uidet''.'
758 634 981 684 Porphyrio
1014 632 1065 672 ad
1089 632 1185 671 Hor.
1211 644 1324 671 serm.
1350 632 1371 670 I
1398 633 1434 682 2,
1463 632 1516 670 25
1545 629 1556 646 ‘
1574 628 1826 671 “Malthinus

295 698 441 737 tunicis
467 692 691 735 demissis’':
724 693 795 734 sub
820 693 1010 732 Malthini
1034 693 1192 731 nomine
1220 691 1382 742 quidam
1406 691 1675 731 Maecenatem
1700 692 1827 742 suspi-

295 760 435 798 cantur
466 755 692 807 significari.
748 754 811 792 Ab
842 767 884 792 re
915 755 1050 792 tamen
1081 765 1225 792 nomen
1256 751 1380 790 finxit.
1429 751 1583 790 Maltha
1614 753 1721 790 enim
1743 764 1827 791 ma-

292 819 399 858 lacos
433 812 605 855 dicitur’.
650 814 791 853 Pollux
814 813 851 852 X
879 813 932 852 58
967 810 987 852 ὁ
1021 808 1057 851 δ’
1093 809 1193 852 ἐνὼν
1218 818 1265 867 τῇ
1291 811 1468 851 πινακίὸι
1493 810 1614 865 κηρὸς
1638 808 1665 864 ’ἢ
1691 810 1827 863 μάλθη

294 875 319 929 ἢ
359 876 492 929 μάλθα
525 875 652 915 Schol
679 874 841 913 Theocr.
867 873 947 912 VH
975 872 1058 912 105
1105 870 1310 924 μαλθακὸς
1354 868 1374 910 ὁ
1417 869 1630 923 τρυφερός,
1673 869 1716 910 ἐκ
1758 876 1828 923 τῆς

259 947 262 950 ’
297 936 465 989 μάλθης.
509 935 608 986 αὕτη
642 931 684 973 δέ
714 932 793 973 ἔστι
823 931 945 985 κηρὸς
969 930 1133 1006 ἆμόργῃ
1149 928 1451 983 συνηψημένος·
1483 930 1636 984 χρίουσι
1661 928 1703 970 δὲ
1728 929 1828 986 αὐτῇ

297 995 365 1043 τὰς
395 1001 472 1034 τῶν
505 994 678 1034 σανίδων
709 991 951 1046 γομφώσεις·
984 988 1050 1043 ἀφ’
1086 985 1133 1031 οὗ
1167 989 1232 1030 διὰ
1263 990 1335 1043 τὴν
1367 989 1525 1030 ἔκλυσιν
1555 988 1621 1030 καὶ
1658 989 1700 1031 τὸ
1737 1004 1828 1044 τρυ-

297 1054 419 1108 φερὸν
451 1053 515 1093 καὶ
547 1052 588 1093 τὸ
621 1052 663 1093 ἐν
694 1056 745 1092 τῶ
773 1052 846 1108 βίῳ
877 1050 1095 1105 λοιδόρημα
1122 1048 1278 1104 λέγεται.
1329 1051 1517 1101 Turpiter
1540 1051 1658 1090 homo
1684 1050 1830 1091 dicitur

295 1116 426 1154 mollis
458 1117 663 1164 tamquam
695 1126 800 1152 cera:
833 1113 877 1151 at
906 1113 950 1151 in
980 1111 1093 1151 molli
1125 1112 1165 1151 et
1195 1111 1366 1151 delicata
1391 1111 1541 1150 femina
1566 1123 1677 1150 cerea
1700 1110 1830 1163 figura

295 1174 483 1214 laudatur
530 1174 660 1213 ueluti
709 1185 733 1211 a
781 1171 1011 1212 Philodemo
1049 1171 1119 1210 ΑΡ
1148 1171 1205 1210 IX
1233 1171 1318 1210 570
1356 1165 1412 1225 (p.
1438 1170 1533 1209 XIV
1568 1170 1615 1210 ed
1652 1164 1826 1224 Kaibel.)

295 1232 441 1277 Ξανθὼ
477 1232 738 1286 κηρόπλαστε,
777 1231 983 1286 μυρόχροε,
1025 1229 1353 1283 μουσοπρόσωπε,
1391 1228 1544 1281 emate,
1586 1229 1830 1283 διπτερύγων

298 1292 417 1334 καλὸν
435 1291 588 1347 ἄγαλμα
609 1292 783 1333 Πύθωνι
808 1292 994 1332 similiter
1011 1291 1140 1330 Varro
1160 1291 1393 1342 Menippeus
1413 1292 1485 1329 sat.
1505 1290 1678 1341 Menipp.
1701 1290 1828 1329 432ss

297 1352 649 1405 ‘Chrysosandalos
680 1353 788 1392 locat
824 1351 900 1391 sibi
939 1351 1149 1390 amiculam
1188 1350 1235 1389 de
1271 1351 1376 1390 lacte
1414 1352 1454 1389 et
1491 1363 1580 1389 cera
1612 1350 1829 1390 Tarentina

296 1427 415 1465 quam
446 1427 539 1465 apes
570 1413 748 1452 Milesiae
781 1413 983 1464 coegerint
1017 1425 1063 1450 ex
1100 1410 1281 1450 omnibus
1318 1410 1479 1450 floribus
1516 1410 1706 1460 libantes,
1744 1410 1829 1448 sine

297 1487 383 1514 osse
414 1475 454 1513 et
484 1473 628 1522 neruis,
660 1474 744 1512 sine
775 1472 891 1523 pelle,
923 1471 1007 1510 sine
1037 1470 1144 1522 pilis,
1174 1483 1317 1521 puram
1343 1472 1482 1521 putam
1507 1482 1713 1521 proceram
1738 1482 1829 1508 can-

296 1534 429 1573 didam
459 1535 638 1573 teneram
675 1528 904 1572 formosam’
943 1531 1014 1570 ubi
1050 1531 1187 1582 apium
1224 1531 1382 1569 nomine
1412 1529 1657 1570 Milesiarum
1695 1531 1830 1581 aperte

298 1594 486 1633 Sisennae
518 1593 764 1632 Milesiarum
802 1592 939 1632 stilum
976 1590 1128 1630 indicat
1165 1590 1344 1642 scriptor.
1406 1589 1467 1628 De
1505 1589 1703 1629 sententia
1741 1589 1835 1629 conf

296 1654 390 1692 Hor.
418 1666 529 1693 serm.
554 1653 597 1692 H
624 1655 669 1703 3,Ι
691 1654 742 1692 77
778 1649 973 1702 ‘quisquis
1005 1651 1223 1690 ambitione
1259 1650 1366 1689 mala
1404 1651 1476 1689 aut
1514 1651 1670 1701 argenti
1705 1649 1831 1700 pallet

297 1726 445 1763 amore,
495 1713 674 1764 quisquis
717 1712 876 1751 luxuria
918 1711 1077 1751 tristiue
1121 1710 1401 1761 superstitione
1444 1711 1515 1749 aut
1557 1710 1636 1749 alio
1686 1709 1830 1748 mentis

297 1774 432 1813 morbo
471 1774 590 1812 calet:
632 1773 711 1812 huc
747 1771 911 1823 propius
941 1785 1023 1820 me,
1066 1770 1161 1810 dum
1198 1770 1318 1810 doceo
1355 1771 1529 1810 insanire
1573 1769 1700 1809 omnis
1743 1781 1828 1818 uos,

302 1833 437 1872 ordine
469 1830 590 1872 adite'
618 1827 964 1886 (Friedlaenderus
997 1830 1047 1870 ad
1071 1831 1207 1870 quen.
1233 1829 1275 1868 H
1302 1824 1388 1884 17).
1437 1829 1580 1881 Itaque
1607 1828 1831 1868 Stoicorum

302 1893 521 1932 doctrinam
552 1893 686 1945 tangit
717 1892 853 1943 poeta:
884 1890 976 1930 uide
1008 1890 1058 1930 ad
1089 1890 1225 1930 incert.
1251 1904 1288 1928 u.
1318 1891 1443 1929 1178.

419 1947 526 1993 733.
551 1953 704 1992 Nonius
718 1966 756 2003 p.
773 1952 840 2001 74,
855 1952 911 1991 20
932 1947 1102 1990 ‘Ardum
1120 1962 1192 2002 pro
1207 1950 1373 1988 aridum.
1405 1949 1585 1989 Lucilius
1598 1949 1664 1988 lib.
1679 1948 1832 1988 XXVII

299 2008 474 2065 (XXVI
487 2006 706 2066 Guelferb.)
741 2008 913 2051 “ardum
934 2041 942 2049 .
965 2041 972 2049 .
994 2041 1001 2048 .
1021 2012 1176 2060 siynwm
1201 2010 1388 2049 sabaeum
1412 2006 1585 2049 uocat”.'
1632 2008 1830 2048 Sabucum

299 2085 323 2111 a
355 2072 548 2123 producta
584 2072 887 2122 pronuntiatum
925 2083 1008 2110 esse
1045 2069 1191 2109 Lucilii
1228 2070 1361 2108 aetate
1397 2070 1553 2121 egregie
1591 2068 1656 2107 hic
1692 2080 1831 2107 uersus

301 2133 490 2171 testatur:
522 2133 660 2171 contra
693 2128 826 2183 ‘poma
857 2126 1008 2170 sabuci?
1035 2129 1116 2169 Ser.
1145 2128 1342 2168 Sammon.
1370 2129 1438 2178 47,
1469 2128 1575 2167 idem
1603 2129 1656 2167 97
1691 2125 1832 2178 ‘parua

301 2189 482 2231 sabucus'
518 2193 614 2231 333.
642 2193 746 2231 498:
784 2190 968 2240 sabucus,
1000 2202 1079 2229 non
1111 2189 1319 2229 sambucus
1351 2190 1504 2239 ponunt
1534 2189 1577 2226 in
1602 2187 1724 2226 Plinii
1749 2189 1829 2226 nat.

299 2252 390 2290 hist.
424 2251 603 2290 editores.
677 2252 826 2301 lignum
869 2251 1026 2303 egregie
1067 2249 1223 2288 Iunius:
1273 2248 1511 2288 uocabulum
1550 2248 1716 2299 uulgare
1760 2249 1830 2296 est,

304 2311 486 2350 similiter
510 2310 650 2350 Graeci
681 2310 815 2358 ξύλον;
849 2309 1003 2350 Gallim.
1027 2309 1160 2360 hymn.
1187 2309 1228 2347 in
1257 2307 1340 2348 Cer.
1367 2309 1424 2348 40
1455 2307 1615 2347 αἴσθετο
1641 2305 1830 2359 Δαμάτηρ

302 2369 360 2409 ὅτι
391 2369 431 2408 οἱ
458 2369 575 2417 ξύλον
606 2368 712 2423 ἱερὸν
737 2367 844 2423 ἄλγει
867 2370 938 2409 AP
961 2370 1018 2409 IX
1045 2370 1130 2408 414
1157 2365 1182 2420 ἡ
1208 2368 1422 2420 παλίουρος
1446 2366 1535 2421 ἐγώ,
1566 2365 1687 2420 τρηχὺ
1711 2365 1830 2414 ξύλον

302 2428 487 2481 Septuag.
514 2429 652 2469 Genes.
678 2430 719 2468 H
746 2432 769 2469 9
803 2428 868 2469 καὶ
902 2426 1134 2477 ἐξανέτειλεν
1171 2425 1192 2467 ὅ
1230 2426 1325 2476 θεὸς
1362 2426 1417 2467 ἔτι
1453 2426 1495 2467 ἐκ
1531 2432 1602 2479 τῆς
1638 2431 1711 2479 γῆς
1748 2431 1829 2465 πᾶν

301 2488 418 2536 ξύλον
449 2486 594 2541 ὡραῖον
616 2520 622 2527 .
645 2520 652 2527 .
675 2521 681 2527 .
702 2487 768 2528 καὶ
799 2489 840 2529 τὸ
872 2488 991 2537 ξύλον
1022 2493 1091 2540 τῆς
1117 2489 1216 2540 ζωῆς
1241 2486 1284 2527 ἐν
1310 2484 1412 2543 μέσῳ
1438 2490 1489 2542 τῷ
1509 2485 1733 2542 παραδείσῳ
1759 2485 1830 2532 ubi

300 2548 441 2587 Latine
471 2550 643 2588 uertitur
672 2561 782 2588 omne
812 2549 962 2599 liynum
993 2549 1033 2587 et
1063 2549 1213 2598 limeum
1242 2549 1356 2586 uitae.
1408 2546 1500 2585 Alio
1531 2546 1649 2585 modo
1683 2545 1831 2585 Seneca

302 2609 415 2658 epist.
439 2610 535 2656 101,
563 2609 616 2646 14
648 2604 696 2646 de
728 2621 840 2647 cruce
871 2605 1049 2648 ‘adactus
1075 2607 1126 2647 ad
1150 2607 1253 2646 illud
1277 2606 1416 2645 infelix
1439 2601 1621 2658 lignum',
1655 2604 1732 2644 Cic.
1758 2617 1830 2655 pro

302 2666 384 2704 Mil.
413 2668 466 2706 33
507 2663 637 2706 ‘Clodi
659 2698 665 2705 .
689 2699 694 2705 .
718 2699 723 2705 .
746 2668 914 2707 cadauer
935 2698 942 2706 .
966 2699 971 2706 .
995 2699 1001 2706 .
1022 2666 1304 2707 infelicissimis
1347 2667 1468 2718 lignis
1511 2661 1832 2705 semustilatum².

302 2725 377 2765 Pro
407 2727 667 2765 miserrimum
698 2727 797 2766 codd
828 2728 1069 2778 optimorum
1099 2727 1237 2766 multis
1271 2726 1424 2777 placuit
1458 2726 1687 2764 miseriraum
1726 2724 1831 2775 quod

304 2798 365 2835 ap.
391 2785 566 2824 Nonium
590 2786 616 2824 l.
643 2799 670 2825 s.
703 2786 895 2836 praebent
935 2787 1034 2826 codd
1071 2786 1325 2826 Florentinus
1363 2787 1404 2824 et
1434 2785 1673 2824 Harleianus
1704 2784 1831 2823 ueluti

305 2843 546 2884 Stowassero
575 2846 675 2884 stud.
702 2846 870 2885 Vindob.
897 2846 933 2882 V
962 2847 1073 2885 1883
1100 2860 1138 2897 p.
1167 2846 1250 2885 253
1277 2845 1518 2884 Buechelero
1545 2843 1673 2884 Oarm.
1699 2843 1829 2883 Latin.

304 2903 438 2954 Epigr.
463 2905 504 2942 II
528 2918 566 2954 p.
595 2905 692 2954 840,
721 2905 846 2955 1826,
873 2907 917 2944 2:
949 2918 1021 2957 ego
1054 2905 1395 2944 adulescentulum
1425 2918 1487 2944 me
1512 2904 1674 2943 memini
1699 2916 1831 2942 coram

305 2964 495 3013 magistro
539 2964 746 3002 defendere
788 2964 979 3004 traditam
1014 2965 1057 3003 in
1093 2964 1163 3004 LG
1199 2965 1409 3004 lectionem
1452 2963 1569 3003 sicuti
1608 2964 1686 3002 feci
1728 2962 1829 3002 stud.

305 3021 428 3059 Lucil.
454 3036 490 3072 p.
520 3023 592 3061 35:
629 3036 757 3073 neque
800 3025 903 3062 enim
952 3024 1077 3062 ullam
1125 3023 1243 3063 fidem
1286 3024 1458 3063 arbitror
1506 3035 1589 3063 esse
1637 3035 1741 3062 nunc
1788 3023 1831 3060 in
