2060 3444
834 275 953 312 xxlx
979 288 1015 312 u.
1044 279 1245 313 sas-839.
1734 274 1821 318 289

260 391 323 436 'niz
348 403 461 441 quem
485 392 598 435 amet,
626 389 668 429 id
695 392 755 429 est
781 389 973 430 Socrates
992 389 1105 428 nulla
1131 391 1227 429 nota
1254 391 1402 429 amoris
1428 389 1615 430 distinxit
1635 389 1822 440 pulcrum

266 465 385 502 quem
423 452 530 490 amet
572 463 596 489 a
627 451 759 490 minus
797 451 936 501 pulcro
975 463 1094 501 quem
1131 451 1329 503 neglegat.
1403 451 1554 490 Eadem
1594 450 1822 501 corruptela

266 512 306 550 in
341 513 450 551 exitu
481 523 620 550 uersus
655 511 740 550 804
775 506 973 564 (prolegg.
999 524 1037 561 p.
1066 509 1193 549 CXIV
1220 506 1351 565 extr.).

386 566 497 612 834.
529 571 685 611 Nonius
723 585 761 622 p.
783 573 888 621 472,
919 573 970 610 11
1008 567 1199 610 ‘Partiret
1239 584 1311 622 pro
1344 571 1577 622 partiretur.
1640 571 1823 610 Lucilius

267 632 335 671 lib.
361 630 557 671 XXVIIII
590 628 719 682 “quid
752 645 853 683 quas
885 631 1058 682 partiret
1089 631 1174 682 ipse
1206 645 1279 682 pro
1316 631 1500 671 doctrina
1531 628 1687 670 boni”.'
1746 644 1823 681 pro

266 706 313 732 ex
343 704 418 742 pse
454 705 526 743 per
563 705 736 732 errorem
774 692 948 743 librarii,
987 693 1166 732 doctrina
1207 691 1432 732 ablatiuum
1473 694 1615 731 natum
1655 704 1739 731 esse
1778 705 1824 731 ex

266 754 562 804 praepositione
596 753 700 792 falsa
737 752 947 803 probabile
978 752 1150 791 uidetur.
1215 751 1345 799 Quare
1384 753 1584 792 doctrinas
1617 752 1824 803 scripsisse

267 813 427 852 uidetur
476 815 608 864 poeta.
677 815 848 862 μανῆναί
897 813 1048 852 dictum
1100 825 1183 852 esse
1234 813 1395 852 uidetur
1445 815 1491 852 ut
1544 813 1723 852 diuidere
1773 813 1823 851 ad

267 874 360 913 Her.
381 873 439 912 IV
467 875 505 924 6,
533 875 556 913 9
593 871 880 924 ‘Prometheus,
914 887 1005 913 cum
1036 873 1275 913 mortalibus
1304 875 1439 925 ignem
1465 873 1645 913 diuidere
1671 870 1824 913 uellet’.

268 935 460 974 Doctrina
482 935 572 973 boni
591 947 670 973 non
694 934 870 974 arbitror
890 934 968 974 dici
987 934 1150 974 Latine:
1178 931 1377 974 ‘doctrina
1397 948 1528 974 rerum
1549 931 1823 974 honestarum'

269 994 350 1034 Cic.
377 994 426 1034 de
458 995 522 1034 off.
549 994 570 1033 I
598 996 701 1034 151:
735 997 920 1046 expectas
954 995 1152 1035 doctrinas
1183 1007 1320 1034 nouas.

244 1058 247 1060 ’
390 1049 502 1096 835.
540 1055 696 1095 Nonius
727 1070 765 1107 p.
794 1056 899 1105 382,
928 1057 952 1095 3
994 1052 1190 1106 ‘Referre,
1228 1055 1402 1095 reddere.
1538 1056 1717 1095 Lucilius
1755 1055 1825 1094 lib.

268 1115 464 1155 XXVIIII
497 1112 638 1166 “quod
665 1148 672 1155 .
695 1148 702 1155 .
726 1148 733 1155 .
759 1113 920 1155 mihi''.'
985 1116 1121 1156 Metuo
1159 1129 1208 1155 ne
1240 1117 1447 1167 dominus,
1487 1116 1593 1167 quod
1634 1118 1675 1155 te
1701 1117 1825 1155 intro-

270 1177 373 1227 misi,
404 1176 547 1228 plagas
579 1176 679 1215 mihi
716 1178 910 1227 imponat.
972 1176 1172 1227 Loquitur
1213 1178 1413 1216 ostiarius.
1473 1178 1649 1227 qratiam
1678 1177 1828 1226 referre

269 1238 310 1275 iu
343 1238 558 1287 utramque
589 1239 744 1287 partem
779 1237 859 1277 dici
886 1238 1050 1288 exponit
1077 1237 1296 1288 Seyffertus
1322 1237 1372 1276 ad
1402 1236 1480 1276 Cic.
1507 1237 1616 1276 Lael.
1646 1238 1701 1276 53
1730 1239 1826 1276 extr.

270 1297 456 1336 Halmius
500 1297 552 1336 ad
597 1295 677 1336 Cic.
710 1310 782 1348 pro
829 1297 927 1337 Sull.
956 1299 1010 1337 47
1039 1299 1155 1337 extr:
1201 1299 1297 1338 conf
1336 1298 1495 1337 Terent.
1532 1298 1711 1338 Eunuch.
1741 1298 1825 1336 385

273 1355 321 1397 ‘si
349 1389 356 1397 .
380 1390 387 1397 .
410 1390 417 1397 .
444 1358 526 1397 illis
559 1357 744 1397 crucibus
771 1389 778 1397 .
801 1390 808 1397 .
832 1390 839 1396 .
867 1372 971 1398 nunc
1003 1359 1174 1398 referam
1205 1356 1408 1411 gratiam'.

392 1412 503 1459 836.
539 1417 742 1458 Charisius
776 1418 848 1458 GL
875 1419 895 1458 I
927 1433 964 1470 p.
989 1420 1057 1469 96,
1086 1419 1192 1458 15K
1226 1416 1369 1458 ‘Nemo
1398 1451 1404 1458 .
1428 1451 1435 1458 .
1459 1451 1465 1458 .
1493 1420 1651 1470 antiqui
1684 1421 1724 1458 et
1755 1432 1828 1471 pro

271 1479 382 1518 nullo
415 1491 533 1529 saepe
565 1481 797 1530 posuerunt,
829 1479 999 1530 ideoque
1031 1492 1147 1520 nemo
1175 1479 1364 1530 dicentes,
1397 1481 1516 1530 quasi
1546 1481 1679 1519 minus
1706 1480 1829 1532 signi-

270 1539 453 1589 ficarent,
491 1541 532 1578 et
562 1540 681 1579 homo
720 1539 939 1590 addebant3
978 1542 1024 1579 ut
1065 1540 1275 1580 Terentius
1309 1534 1436 1595 (Eam.
1465 1536 1572 1595 549)
1607 1537 1829 1591 “numquis

271 1600 336 1640 hic
367 1613 430 1639 me
462 1598 673 1650 sequitur?
704 1613 820 1639 nemo
852 1601 971 1640 homo
998 1598 1102 1640 est''.
1160 1603 1200 1639 et
1224 1601 1403 1640 Lucilius
1429 1601 1561 1639 XXIX
1587 1597 1722 1653 [nemo
1749 1597 1828 1653 est]

273 1660 362 1699 ideo
402 1660 504 1699 dixit
543 1656 666 1710 “quis
789 1673 876 1699 sum
914 1658 1095 1702 homo’'.'
1159 1662 1349 1700 Imitatus
1394 1663 1454 1700 est
1484 1661 1666 1701 Lucilius
1699 1661 1829 1700 iocum

273 1721 387 1760 illum
420 1722 462 1759 in
495 1719 694 1771 Cyclopea
723 1722 903 1771 positum
936 1722 1053 1760 sicuti
1079 1721 1286 1772 Aristoph.
1313 1722 1432 1773 Vesp.
1464 1723 1547 1760 184
1586 1721 1645 1770 τίς
1670 1716 1709 1761 εἴ
1730 1716 1830 1772 ποτ’,

275 1774 479 1834 ὦνθρωπ’,
511 1778 636 1829 ἐτεόν;
680 1783 717 1826 2ss
763 1778 884 1829 Οὖτις
914 1781 966 1832 νὴ
1000 1781 1091 1821 Δία.

396 1835 507 1881 837.
533 1841 689 1880 Nonius
711 1855 750 1892 p.
766 1842 865 1892 381,
882 1843 905 1881 7
929 1839 1137 1892 eReddere,
1157 1842 1300 1882 facere.
1350 1841 1530 1882 Lucilius
1550 1842 1618 1882 lib.
1634 1842 1831 1882 XXVIIII

276 1899 466 1953 “pluteos
500 1903 640 1941 exemit
670 1904 841 1951 tectaque
872 1904 912 1941 et
943 1902 1165 1942 testudines
1197 1899 1397 1942 reddet''.'
1462 1902 1584 1942 Recte
1617 1906 1713 1942 tecta
1745 1904 1830 1942 siue

274 1961 544 2012 hendiadyoin
583 1963 739 2002 statuas
778 1976 868 2002 cum
909 1963 1047 2003 Dousa
1084 1964 1169 2003 siue
1207 1963 1420 2015 intellegas
1452 1964 1591 2003 uineas
1625 1958 1756 2017 (Caes.
1782 1963 1830 2002 de

275 2023 311 2062 b.
340 2036 372 2063 c.
398 2022 440 2061 H
467 2023 512 2072 9,
533 2017 590 2077 2).
625 2045 680 2050 —
713 2025 872 2063 eoecute'ct
902 2023 1201 2073 Lachmannus,
1240 2023 1347 2074 quod
1384 2037 1526 2075 parum
1568 2025 1831 2075 intellegitur,

277 2083 435 2123 eoecudet
466 2081 762 2128 Quicheratius:
796 2095 842 2123 ex
872 2079 992 2123 scutis
1023 2085 1176 2135 scripsi.
1239 2084 1373 2124 Verba
1410 2087 1505 2123 sunt
1545 2084 1728 2135 parasiti,
1762 2086 1831 2134 qui

278 2143 372 2194 quid
418 2156 485 2182 rex
529 2155 625 2183 suus
670 2145 724 2183 sit
766 2144 946 2184 facturus
985 2145 1201 2184 adnuntiat
1238 2145 1402 2184 inclusis
1441 2145 1631 2197 gloriose.
1672 2145 1830 2184 Terent.

278 2204 379 2242 Eun.
409 2204 493 2243 773
529 2200 721 2255 ‘primum
753 2204 862 2245 aedis
895 2202 1160 2257 expugnabo'.

399 2258 511 2304 839.
543 2263 699 2304 Nonius
731 2278 769 2315 p.
791 2266 890 2315 245,
919 2266 973 2304 18
1009 2262 1193 2316 ‘Anceps,
1226 2267 1389 2305 acutum
1422 2279 1469 2305 ex
1499 2268 1672 2317 utraque
1705 2232 1830 2318 parte.

278 2324 457 2364 Lucilius
483 2323 551 2363 lib
572 2322 806 2364 XXVIIII‘
812 2322 941 2365 ‘uecte
970 2357 977 2364 .
1000 2357 1006 2364 .
1030 2358 1036 2364 .
1064 2322 1308 2366 oa1dines'1'
1365 2326 1548 2366 Minatur
1572 2326 1686 2366 miles
1713 2326 1831 2366 sicuti

279 2384 347 2423 lib.
367 2383 542 2423 XXVIII
566 2398 603 2423 u.
634 2385 717 2424 776
757 2385 900 2425 similis
931 2385 1191 2426 Poliorcetes.
1228 2386 1323 2425 conf
1345 2386 1502 2426 Terent.
1530 2387 1631 2426 Eun.
1662 2383 1785 2426 774‘
1789 2388 1830 2426 in

279 2444 454 2484 medium
472 2445 550 2484 huc
570 2458 713 2496 agmen
733 2458 824 2485 cum
843 2447 961 2496 uecti,
981 2443 1151 2485 Donax’.
1203 2445 1313 2492 Quae
1333 2446 1527 2486 Horatius
1548 2450 1833 2487 commemorat

282 2502 430 2544 ‘lucida
462 2505 616 2544 funalia
648 2507 688 2544 et
718 2507 844 2546 uectis
877 2507 917 2545 et
949 2519 1062 2546 arcus
1089 2507 1283 2558 oppositis
1314 2506 1467 2546 foribus
1494 2504 1677 2546 minacis'
1712 2518 1831 2547 carm

281 2564 344 2604 III
371 2565 444 2615 26,
472 2566 516 2615 7,
554 2578 602 2605 ea
638 2567 906 2606 instrumenta
943 2568 1079 2607 omnia
1115 2569 1320 2619 pertinent
1357 2567 1409 2606 ad
1445 2567 1547 2606 illud
1585 2570 1833 2620 θυροκοπεῖν

284 2624 389 2676 quod
432 2625 474 2664 in
518 2626 722 2665 comoedia
759 2625 898 2666 Attica
942 2639 1060 2679 saepe
1105 2629 1349 2668 memoratur
1395 2622 1636 2682 (Antiphan.
1665 2627 1766 2667 OAF
1791 2628 1833 2667 II

282 2698 320 2736 p.
344 2685 442 2734 116,
469 2686 553 2725 239
568 2680 636 2740 K).
699 2686 871 2727 Tumido
902 2689 1033 2727 utitur
1063 2700 1243 2728 sermone
1275 2688 1390 2728 miles
1422 2701 1513 2727 cum
1538 2690 1703 2738 ancipiti
1726 2689 1832 2737 ferro

283 2745 381 2784 dicit
411 2757 484 2795 pro
515 2747 661 2786 securi.-
693 2747 788 2786 conf
814 2746 1021 2788 Bentleius
1053 2748 1106 2787 ad
1135 2748 1232 2788 Hor.
1258 2749 1284 2788 l.
1311 2761 1340 2788 s.
1367 2761 1396 2788 s.
1460 2747 1573 2795 Quod
1616 2750 1833 2799 sumpsisse

284 2804 445 2844 uidetur
476 2818 522 2844 ex
552 2807 687 2845 uetere
720 2807 893 2857 quodam
924 2809 1044 2859 poeta
1075 2808 1180 2848 unde
1205 2808 1362 2848 Lucret.
1388 2808 1448 2848 VI
1475 2809 1559 2848 168
1595 2805 1773 2848 ‘caedere
1799 2811 1834 2848 si

286 2877 403 2916 quem
446 2866 615 2917 ancipiti
658 2866 795 2906 uideas
839 2867 945 2907 ferro
987 2869 1127 2919 procul
1169 2868 1323 2907 arboris
1366 2865 1557 2908 auctum'.
1629 2868 1833 2908 Tabernas

286 2925 489 2974 effriwyerc
514 2927 634 2964 noctu
660 2925 814 2966 solebat
838 2927 945 2966 Nero
968 2927 1212 2967 ludibundus
1238 2922 1420 2982 (Sueton.
1447 2927 1594 2967 Neron.
1623 2923 1718 2983 26):
1744 2930 1833 2980 quis

287 2986 326 3024 in
363 2984 437 3023 hoc
474 2984 576 3024 libro
618 2987 758 3025 auctor
794 2987 917 3026 fuerit
954 2986 1096 3027 domus
1127 2987 1409 3039 effringendae,
1441 3001 1519 3027 non
1553 2987 1681 3028 uideo.
1744 2989 1832 3028 Lib.

285 3044 460 3084 XXVIII
483 3058 520 3083 u.
545 3046 627 3084 773
655 3058 763 3097 seqq.
783 3049 905 3097 poeta
937 3060 977 3087 se
1009 3048 1141 3099 ipsum
1175 3048 1258 3087 tale
1285 3047 1380 3099 quid
1408 3059 1548 3088 ausum
1569 3061 1653 3088 esse
1673 3049 1835 3110 uidetur

358 3118 473 3144 Lucan
492 3119 556 3145 reu.
578 3119 622 3145 ed.
643 3119 753 3146 max.
792 3120 831 3145 11.
1503 3118 1545 3152 19
