2060 3444
273 277 359 318 428
746 274 874 309 1116611.
902 273 976 308 56(1.
1005 284 1039 307 u.
1070 275 1313 309 1341-1344.

267 387 346 427 ‘Ita
379 402 424 427 ex
456 389 583 427 ueteri
615 386 747 426 codice
781 385 952 425 Charisii
982 386 1246 425 restituimus:
1277 397 1370 423 nam
1400 386 1443 423 in
1474 385 1650 436 uulgatis
1681 396 1800 434 apru-

261 460 382 497 ynum
415 448 579 499 legitur,
612 448 750 485 contra
775 447 948 485 mentem
980 442 1256 496 grammatici’.
1326 444 1474 484 Contra
1510 444 1799 495 Neapolitanus

263 507 385 546 habet
415 503 528 546 ‘item
567 508 730 558 caprina
767 508 807 544 61
843 517 1001 554 apruna
1028 535 1035 542 .
1058 535 1065 542 .
1088 535 1094 542 .
1122 504 1189 544 sed
1226 505 1267 542 in
1305 505 1383 544 alio
1419 515 1534 543 usum
1563 517 1591 543 u
1621 504 1799 543 litteram

263 568 484 616 celebrasse,
516 567 699 617 quamuis
731 565 907 604 Lucilius
939 565 1069 604 discus
1101 576 1323 613 aprugmum
1357 559 1527 603 dixerit’.
1590 563 1636 602 In
1668 562 1799 602 uerbis

264 626 515 678 grammatici
553 626 745 665 nonnulla
783 626 955 663 mutasse
993 624 1152 663 uidetur
1189 623 1325 662 Dousa
1361 623 1488 662 ueluti
1523 624 1566 662 in
1603 623 1800 662 sententia

265 683 347 726 ‘sed
378 687 421 725 in
447 687 572 725 altero
598 698 671 725 usu
697 699 722 723 u
748 685 927 723 litteram
951 680 1168 723 celebrari’:
1193 684 1235 722 in
1260 682 1406 722 Lucilii
1430 678 1653 735 fragmento
1679 681 1798 721 codex

264 747 349 795 eius
381 758 516 784 ueram
549 746 726 783 seruauit
757 745 994 794 scripturam
1025 743 1067 781 in
1098 744 1241 788 uiscus,
1272 755 1351 793 quo
1376 754 1470 781 usus
1496 743 1582 781 erat
1605 741 1799 782 uocabulo

263 805 440 845 Lucilius
483 805 550 844 lib.
575 804 669 843 XIV
695 819 732 842 u.
759 805 856 843 475.
936 803 1075 853 Neque
1120 802 1338 853 quidquam
1386 801 1630 852 probabilius
1681 814 1799 852 quam

265 866 387 904 uerba
418 878 519 915 quae
550 866 735 904 secuntur
772 865 813 902 in
845 863 1112 914 Neapolitano
1150 863 1294 901 lacuna
1325 874 1408 901 esse
1439 861 1662 900 deformata
1693 860 1799 911 quod

264 926 486 964 statuamus
526 936 680 963 necesse
719 926 778 962 est
816 923 894 961 nisi
930 922 1180 973 impudenter
1217 922 1333 960 illum
1371 921 1561 960 editorem
1599 919 1799 960 credemus

265 997 347 1024 esse
379 985 612 1023 mentitum:
644 997 722 1034 quo
753 983 861 1022 facta
893 983 946 1022 sit
975 983 1131 1031 lacuna,
1162 981 1278 1020 facile
1309 981 1570 1032 intellegitur.
1747 973 1750 975 ’

389 1038 530 1084 1342.
559 1042 710 1082 Gellius
730 1042 791 1081 III
814 1043 880 1090 14,
901 1042 925 1080 8
947 1037 1186 1080 ‘Dimidium
1211 1053 1305 1079 uero
1331 1042 1402 1090 est,
1428 1035 1507 1079 non
1533 1040 1639 1090 quod
1669 1041 1799 1091 ipsum

264 1103 515 1142 dimidiatum
548 1105 618 1152 est,
650 1102 717 1142 sed
750 1115 851 1152 quae
883 1115 929 1140 ex
961 1101 1169 1140 dimidiato
1194 1113 1287 1151 pars
1314 1100 1441 1139 altera
1466 1101 1535 1138 est.
1570 1131 1577 1138 .
1600 1131 1607 1138 .
1630 1130 1637 1138 .
1663 1100 1800 1149 itaque

264 1162 441 1202 Lucilius
491 1162 628 1201 eadem
677 1163 833 1201 secutus
885 1158 995 1200 “uno
1045 1156 1190 1200 oculo’'
1245 1161 1378 1210 inquit
1429 1156 1704 1210 “pedibusque

263 1218 437 1272 porcus’'
458 1225 497 1261 et
516 1221 596 1260 alio
614 1222 701 1260 1060
724 1216 881 1275 (1116611.
902 1234 938 1258 u.
962 1221 1074 1259 1282
1096 1214 1195 1274 seq.)
1218 1216 1389 1270 “quidni
1487 1214 1798 1258 dimidiatam’'.’

263 1283 476 1327 Hominem
496 1282 647 1321 luscum
666 1282 800 1331 potuit
818 1281 877 1320 ita
897 1280 1114 1319 describere
1132 1281 1268 1330 poeta:
1287 1280 1450 1329 propter
1463 1279 1799 1329 comparationem

264 1345 397 1381 tamen
423 1341 670 1392 probabilius
703 1341 846 1379 statuit
872 1339 1063 1390 Corpetus
1090 1338 1303 1390 Cyclopem
1328 1338 1389 1377 his
1415 1337 1631 1390 significari
1649 1332 1799 1376 uerbis:

265 1402 368 1440 unde
401 1414 560 1440 uersum
592 1400 693 1439 libro
722 1400 795 1438 XV
829 1394 942 1453 (conf
969 1413 1006 1437 u.
1028 1393 1132 1451 482)
1159 1398 1366 1437 attribuas.
1421 1398 1590 1437 Porcum
1617 1397 1798 1436 dimidia-

267 1464 352 1500 tum
385 1473 502 1511 saepe
533 1462 652 1511 poeta
683 1459 787 1498 uidit
816 1459 1046 1498 haerentem
1077 1460 1170 1497 ante
1200 1458 1389 1497 lanienas

387 1514 529 1559 1344.
563 1519 786 1559 Scholiasta
816 1518 945 1557 Persii
976 1518 1025 1558 ad
1057 1517 1077 1556 I
1104 1519 1156 1557 27
1191 1511 1334 1571 (usque
1367 1517 1514 1556 adeone
1547 1482 1655 1556 Scire
1687 1518 1800 1555 tuum

264 1580 364 1619 nihil
402 1582 479 1628 est,
516 1579 592 1618 nisi
630 1580 670 1618 te
708 1580 807 1618 56116
838 1579 912 1617 1106
943 1579 1044 1617 56161
1075 1572 1224 1631 61161Ῥ)
1258 1574 1381 1616 ‘Haec
1412 1576 1594 1627 periodos
1626 1570 1701 1629 (ita
1732 1576 1801 1615 cod

264 1640 542 1679 Britannicus:
596 1638 781 1690 periodus
835 1632 972 1706 uulgo)
1031 1637 1139 1688 apud
1186 1636 1385 1676 Lucilium
1433 1637 1566 1702 posita
1614 1637 1674 1675 651
1723 1632 1801 1674 “ut

265 1695 340 1752 (VI
372 1693 657 1752 Baehrensius)
695 1711 757 1737 me
795 1699 894 1737 scire
932 1698 1023 1736 uolo
1061 1698 1226 1736 dicimus
1263 1697 1376 1735 mimi
1413 1695 1591 1736 conscius
1627 1708 1714 1735 susm
1751 1708 1800 1734 116

265 1760 452 1798 damnum
483 1759 640 1797 faciam.
704 1757 812 1797 Scire
843 1758 918 1796 hoc
949 1770 989 1796 se
1021 1756 1146 1796 nescit
1176 1757 1253 1795 nisi
1285 1756 1385 1795 alios
1413 1755 1455 1794 id
1480 1756 1579 1795 56116
1604 1751 1781 1795 5616111”.

263 1819 374 1858 Η666
417 1819 476 1858 116
519 1818 709 1857 distincta
752 1817 915 1857 Iahnius
948 1816 1089 1855 edidit.
1133 1816 1243 1856 cuius
1287 1815 1585 1855 adnotationem
1622 1816 1657 1854 si
1693 1816 1799 1853 recte

264 1879 465 1930 intellego,
485 1878 650 1916 dicimus
671 1877 862 1916 omittunt
887 1876 1080 1916 editiones
1094 1875 1230 1914 Vineti
1249 1869 1418 1928 (1563),
1437 1874 1618 1914 Parisina
1632 1868 1800 1927 (1613),

266 1938 386 1977 codex
412 1938 444 1976 P
470 1937 540 1987 qui
560 1938 621 1975 est
638 1936 842 1976 Parisinus
863 1937 978 1975 8272
999 1948 1098 1975 saec.
1118 1935 1175 1974 XI
1195 1929 1377 1988 (Iahnius
1396 1935 1519 1990 praef
1540 1928 1799 1999 p.OCV111):

265 1997 359 2036 item
410 1996 562 2036 omittit
610 1996 776 2035 dicimus
817 1994 1071 2035 Gasaubonus
1115 1988 1227 2047 (edit.
1262 1993 1387 2033 Paris.
1422 1987 1535 2033 1605
1574 2007 1611 2044 p.
1640 1987 1714 2046 29)
1760 1992 1799 2030 111

264 2056 428 2107 reliquis
460 2069 548 2095 cum
578 2056 719 2095 Iahnio
752 2055 1008 2094 consentiens.
1071 2054 1244 2092 Additur
1281 2054 1446 2092 dicimus
1482 2051 1524 2091 in
1556 2052 1648 2092 edit
1674 2053 1798 2119 princ.

265 2116 402 2155 Venet.
433 2117 564 2164 1499,
610 2128 710 2165 quae
752 2114 850 2153 haec
888 2114 1071 2153 exhibeat
1111 2114 1238 2165 magis
1276 2114 1464 2163 corrupta
1502 2109 1575 2166 ‘ut
1600 2125 1662 2150 me
1700 2113 1798 2150 scire

267 2176 356 2214 uolo
389 2175 555 2214 dicimus
581 2174 694 2214 mimi
719 2175 896 2214 conscius
922 2187 1007 2213 sum
1033 2175 1080 2213 ut
1104 2167 1228 2212 faeiat
1252 2173 1351 2212 scire
1376 2172 1450 2211 hoc
1475 2172 1509 2211 si
1533 2172 1684 2211 nesciat
1708 2168 1797 2209 me'.

266 2235 432 2274 Gratum
476 2235 572 2273 fecit
612 2234 877 2273 Baehrensius
921 2233 1028 2284 quod
1070 2233 1168 2272 Mus.
1202 2232 1324 2271 Rhen.
1356 2231 1486 2270 XXXI
1520 2231 1632 2283 1876
1676 2244 1714 2280 p.
1743 2231 1796 2269 95

266 2295 397 2333 adnot.
437 2294 582 2333 codicis
619 2306 717 2332 mus.
750 2293 848 2332 Brit.
882 2293 976 2344 Reg.
1006 2294 1058 2332 15
1081 2293 1114 2330 B
1145 2292 1239 2331 XIX
1276 2304 1374 2331 saec.
1399 2290 1553 2329 IX——X
1589 2289 1797 2329 lectionem

266 2354 445 2392 exhibuit
475 2353 731 2403 descriptam:
759 2350 870 2392 ‘haec
894 2352 1077 2403 periodos
1104 2351 1210 2402 apud
1235 2351 1439 2392 Lucilium
1467 2350 1598 2401 posita
1629 2352 1698 2389 est.
1756 2351 1800 2388 ut

265 2427 326 2452 me
359 2415 456 2452 scire
488 2413 580 2452 uolo
613 2413 790 2452 dicimus.
847 2412 960 2451 Mimi
991 2413 1168 2451 conscius
1201 2424 1298 2450 sum.
1354 2424 1402 2449 ne
1435 2410 1623 2449 damnum
1653 2409 1798 2448 faciam

265 2474 363 2512 56116
406 2474 481 2512 1106
518 2486 558 2512 56
595 2473 730 2512 1165611.
792 2472 870 2511 11151
907 2472 1006 2511 61105
1038 2472 1080 2510 id
1112 2472 1215 2523 ‘scire
1256 2467 1415 2509 scierit’.
1477 2469 1594 2508 Hunc
1624 2468 1798 2509 codicem

266 2533 393 2572 solum
425 2546 507 2572 esse
540 2532 782 2582 sequendum
808 2531 991 2580 arbitror,
1024 2530 1155 2581 quoad
1187 2530 1368 2569 meliores
1400 2530 1441 2568 in
1473 2524 1646 2568 editione
1678 2540 1798 2579 quam

266 2591 533 2632 desideramus
564 2592 743 2643 prolatae
776 2593 891 2630 erunt
927 2591 1074 2641 copiae.
1138 2589 1321 2629 Codicem
1351 2589 1626 2628 Monacensem
1654 2588 1796 2626 14482

227 2649 232 2653 ’
266 2664 363 2691 5666.
402 2652 479 2690 XII
534 2649 600 2703 (de
656 2664 733 2701 quo
790 2651 884 2690 conf
934 2649 1108 2689 Lieblius
1167 2649 1288 2688 Beitr.
1327 2662 1356 2686 z.
1389 2648 1425 2686 d.
1463 2647 1799 2687 Persiusscholien

267 2711 484 2763 Straubing
524 2711 636 2749 1883
668 2724 707 2761 p.
729 2705 773 2763 5)
813 2723 929 2760 quem
967 2708 1010 2747 L.
1037 2709 1251 2747 Muellerus
1291 2709 1333 2746 in
1351 2708 1488 2757 praef.
1514 2707 1565 2746 ad
1600 2705 1798 2745 Lucilium

265 2784 302 2820 p.
323 2770 489 2809 XXXIX
519 2771 560 2809 in
594 2771 746 2809 caelum
771 2770 860 2818 fert,
891 2771 976 2808 iure
1002 2769 1239 2818 contempsit
1264 2767 1525 2806 Buechelerus
1556 2767 1599 2805 in
1624 2765 1797 2804 editione

265 2830 392 2870 Persii
423 2830 474 2868 ad
505 2830 543 2868 h.
569 2830 594 2868 1.
621 2830 691 2879 qui
728 2829 885 2868 exhibet
924 2829 1024 2867 teste
1061 2828 1251 2866 Muellero
1294 2824 1354 2865 ‘ut
1390 2838 1543 2865 mecum
1574 2826 1673 2864 scire
1704 2824 1796 2863 uolo

266 2890 432 2928 dicimus
475 2889 587 2927 mimi
631 2889 808 2928 conscius
852 2901 938 2927 sum
982 2900 1030 2926 ne
1073 2887 1290 2937 dampnum
1327 2887 1472 2924 faciam
1511 2886 1607 2924 scire
1645 2885 1720 2923 hoc
1757 2895 1797 2923 se

266 2950 417 2998 nesciat
459 2946 549 2987 me':
594 2948 729 2987 eadem
767 2948 848 2987 fere
892 2947 1050 2986 exhibet
1085 2946 1360 2998 Lugdunensis
1403 2945 1481 2984 nisi
1525 2943 1630 2995 quod
1670 2956 1798 2983 meum

267 3008 387 3047 habet
422 3021 495 3059 pro
532 3019 689 3048 mecum.
753 3007 938 3047 Scholion
976 3007 1159 3046 distinxit
1196 3005 1458 3044 Buechelerus
1502 3004 1638 3043 eodem
1679 3002 1796 3042 modo
