<?xml version="1.0" encoding="UTF-8"?>
<!DOCTYPE html PUBLIC "-//W3C//DTD XHTML 1.0 Transitional//EN"
    "http://www.w3.org/TR/xhtml1/DTD/xhtml1-transitional.dtd">
<html xmlns="http://www.w3.org/1999/xhtml" xml:lang="en" lang="en">
 <head>
  <title>
</title>
<meta http-equiv="Content-Type" content="text/html;charset=utf-8" />
  <meta name='ocr-system' content='tesseract 3.04.00' />
  <meta name='ocr-capabilities' content='ocr_page ocr_carea ocr_par ocr_line ocrx_word'/>
</head>
<body>
  <div class='ocr_page' id='page_1' title='image "./carminumreliquia02luciuoft_0405.png"; bbox 0 0 2060 3444; ppageno 0'>
   <div class='ocr_carea' id='block_1_1' title="bbox 717 233 1781 279">
    <p class='ocr_par' dir='ltr' id='par_1_1' title="bbox 717 233 1781 279">
     <span class='ocr_line' id='line_1_1' title="bbox 717 233 1781 279; baseline 0.006 -10"><span class='ocrx_word' id='word_1_1' title='bbox 717 233 846 270; x_wconf 89' lang='lat' dir='ltr'>incert.</span> <span class='ocrx_word' id='word_1_2' title='bbox 874 234 950 271; x_wconf 83' lang='lat' dir='ltr'>sed.</span> <span class='ocrx_word' id='word_1_3' title='bbox 977 246 1012 270; x_wconf 90' lang='lat' dir='ltr'>u.</span> <span class='ocrx_word' id='word_1_4' title='bbox 1043 238 1288 271; x_wconf 79' lang='lat'>1177—1181.</span> <span class='ocrx_word' id='word_1_5' title='bbox 1692 235 1781 279; x_wconf 84' lang='lat'>373</span> 
     </span>
    </p>
   </div>
   <div class='ocr_carea' id='block_1_2' title="bbox 231 347 1780 938">
    <p class='ocr_par' dir='ltr' id='par_1_2' title="bbox 231 347 1780 938">
     <span class='ocr_line' id='line_1_2' title="bbox 236 347 1780 400; baseline 0.001 -14"><span class='ocrx_word' id='word_1_6' title='bbox 236 359 283 386; x_wconf 85' lang='lat' dir='ltr'>ex</span> <span class='ocrx_word' id='word_1_7' title='bbox 323 347 494 387; x_wconf 84' lang='lat' dir='ltr'>aliorum</span> <span class='ocrx_word' id='word_1_8' title='bbox 537 347 696 397; x_wconf 86' lang='lat' dir='ltr'>scriptis</span> <span class='ocrx_word' id='word_1_9' title='bbox 735 347 853 387; x_wconf 90' lang='lat' dir='ltr'>simul</span> <span class='ocrx_word' id='word_1_10' title='bbox 890 349 932 386; x_wconf 85' lang='lat' dir='ltr'>et</span> <span class='ocrx_word' id='word_1_11' title='bbox 975 350 1210 399; x_wconf 86' lang='lat' dir='ltr'>argumenta</span> <span class='ocrx_word' id='word_1_12' title='bbox 1253 349 1400 400; x_wconf 89' lang='lat' dir='ltr'>turpia.</span> <span class='ocrx_word' id='word_1_13' title='bbox 1469 349 1675 388; x_wconf 83' lang='lat' dir='ltr'>Fornicem</span> <span class='ocrx_word' id='word_1_14' title='bbox 1719 351 1780 389; x_wconf 91' lang='lat' dir='ltr'>in-</span> 
     </span>
     <span class='ocr_line' id='line_1_3' title="bbox 232 406 1779 459; baseline 0.003 -14"><span class='ocrx_word' id='word_1_15' title='bbox 232 407 428 458; x_wconf 85' lang='lat' dir='ltr'>scriptum</span> <span class='ocrx_word' id='word_1_16' title='bbox 465 406 586 446; x_wconf 81' lang='lat' dir='ltr'>fuisse</span> <span class='ocrx_word' id='word_1_17' title='bbox 623 406 770 446; x_wconf 88' lang='lat' dir='ltr'>librum</span> <span class='ocrx_word' id='word_1_18' title='bbox 810 408 876 446; x_wconf 91' lang='lat' dir='ltr'>uel</span> <span class='ocrx_word' id='word_1_19' title='bbox 913 407 992 446; x_wconf 88' lang='lat' dir='ltr'>VH</span> <span class='ocrx_word' id='word_1_20' title='bbox 1028 407 1093 446; x_wconf 91' lang='lat' dir='ltr'>uel</span> <span class='ocrx_word' id='word_1_21' title='bbox 1130 408 1230 447; x_wconf 92' lang='lat' dir='ltr'><strong>VIII</strong></span> <span class='ocrx_word' id='word_1_22' title='bbox 1274 410 1485 459; x_wconf 86' lang='lat' dir='ltr'>suspiceris</span> <span class='ocrx_word' id='word_1_23' title='bbox 1511 410 1645 448; x_wconf 86' lang='lat' dir='ltr'>-sicuti</span> <span class='ocrx_word' id='word_1_24' title='bbox 1683 410 1779 449; x_wconf 90' lang='lat' dir='ltr'>XVI</span> 
     </span>
     <span class='ocr_line' id='line_1_4' title="bbox 237 465 1778 518; baseline 0.003 -13"><span class='ocrx_word' id='word_1_25' title='bbox 237 465 420 518; x_wconf 80' lang='lat' dir='ltr'>Collyrae</span> <span class='ocrx_word' id='word_1_26' title='bbox 451 468 539 506; x_wconf 84' lang='lat' dir='ltr'>erat</span> <span class='ocrx_word' id='word_1_27' title='bbox 568 467 784 517; x_wconf 87' lang='lat' dir='ltr'>inscriptus</span> <span class='ocrx_word' id='word_1_28' title='bbox 814 468 986 506; x_wconf 83' lang='lat' dir='ltr'>nomine.</span> <span class='ocrx_word' id='word_1_29' title='bbox 1035 466 1100 506; x_wconf 90' lang='lat' dir='ltr'>Ad</span> <span class='ocrx_word' id='word_1_30' title='bbox 1132 468 1298 507; x_wconf 84' lang='lat' dir='ltr'>eundern</span> <span class='ocrx_word' id='word_1_31' title='bbox 1325 467 1471 508; x_wconf 81' lang='lat' dir='ltr'>Lucilii</span> <span class='ocrx_word' id='word_1_32' title='bbox 1499 468 1645 508; x_wconf 89' lang='lat' dir='ltr'>librum</span> <span class='ocrx_word' id='word_1_33' title='bbox 1670 470 1778 509; x_wconf 88' lang='lat' dir='ltr'>uide-</span> 
     </span>
     <span class='ocr_line' id='line_1_5' title="bbox 235 525 1776 579; baseline 0.002 -14"><span class='ocrx_word' id='word_1_34' title='bbox 235 527 302 565; x_wconf 86' lang='lat' dir='ltr'>tur</span> <span class='ocrx_word' id='word_1_35' title='bbox 331 525 530 577; x_wconf 83' lang='lat' dir='ltr'>pertinere</span> <span class='ocrx_word' id='word_1_36' title='bbox 556 526 729 566; x_wconf 86' lang='lat' dir='ltr'>alterum</span> <span class='ocrx_word' id='word_1_37' title='bbox 755 526 862 577; x_wconf 87' lang='lat' dir='ltr'>apud</span> <span class='ocrx_word' id='word_1_38' title='bbox 887 526 1111 566; x_wconf 91' lang='lat' dir='ltr'>Arnobium</span> <span class='ocrx_word' id='word_1_39' title='bbox 1136 528 1406 579; x_wconf 72' lang='lat' dir='ltr'><strong>fragmentum</strong></span> <span class='ocrx_word' id='word_1_40' title='bbox 1430 529 1568 567; x_wconf 87' lang='lat' dir='ltr'>incert.</span> <span class='ocrx_word' id='word_1_41' title='bbox 1588 543 1626 567; x_wconf 92' lang='lat' dir='ltr'>u.</span> <span class='ocrx_word' id='word_1_42' title='bbox 1650 531 1776 569; x_wconf 87' lang='lat'><strong>1339.</strong></span> 
     </span>
     <span class='ocr_line' id='line_1_6' title="bbox 235 585 1778 640; baseline 0.003 -15"><span class='ocrx_word' id='word_1_43' title='bbox 235 586 379 625; x_wconf 75' lang='lat' dir='ltr'>&#39;rotam</span> <span class='ocrx_word' id='word_1_44' title='bbox 409 587 549 637; x_wconf 81' lang='lat' dir='ltr'>poesin</span> <span class='ocrx_word' id='word_1_45' title='bbox 573 585 721 635; x_wconf 79' lang='lat' dir='ltr'>Lucilii</span> <span class='ocrx_word' id='word_1_46' title='bbox 752 586 802 626; x_wconf 89' lang='lat' dir='ltr'>ab</span> <span class='ocrx_word' id='word_1_47' title='bbox 827 586 1005 626; x_wconf 88' lang='lat' dir='ltr'>Arnobio</span> <span class='ocrx_word' id='word_1_48' title='bbox 1038 587 1236 638; x_wconf 84' lang='lat' dir='ltr'>appellari</span> <span class='ocrx_word' id='word_1_49' title='bbox 1263 589 1452 637; x_wconf 76' lang='lat' dir='ltr'>fornicem</span> <span class='ocrx_word' id='word_1_50' title='bbox 1476 591 1640 639; x_wconf 89' lang='lat' dir='ltr'>propter</span> <span class='ocrx_word' id='word_1_51' title='bbox 1665 602 1778 640; x_wconf 89' lang='lat' dir='ltr'>spur-</span> 
     </span>
     <span class='ocr_line' id='line_1_7' title="bbox 232 645 1778 700; baseline 0.002 -15"><span class='ocrx_word' id='word_1_52' title='bbox 232 645 367 685; x_wconf 82' lang='lat' dir='ltr'>citiem</span> <span class='ocrx_word' id='word_1_53' title='bbox 391 645 423 685; x_wconf 94' lang='lat' dir='ltr'>I.</span> <span class='ocrx_word' id='word_1_54' title='bbox 443 646 674 698; x_wconf 85' lang='lat' dir='ltr'>Hilbergius</span> <span class='ocrx_word' id='word_1_55' title='bbox 700 648 864 697; x_wconf 75' lang='lat' dir='ltr'><strong>exponit</strong></span> <span class='ocrx_word' id='word_1_56' title='bbox 887 646 991 686; x_wconf 88' lang='lat' dir='ltr'>stud.</span> <span class='ocrx_word' id='word_1_57' title='bbox 1012 646 1182 687; x_wconf 86' lang='lat' dir='ltr'>Vindob.</span> <span class='ocrx_word' id='word_1_58' title='bbox 1208 647 1321 686; x_wconf 92' lang='lat' dir='ltr'>XXV</span> <span class='ocrx_word' id='word_1_59' title='bbox 1349 649 1462 688; x_wconf 88' lang='grc'><strong>1903</strong></span> <span class='ocrx_word' id='word_1_60' title='bbox 1489 662 1528 699; x_wconf 90' lang='lat' dir='ltr'>p.</span> <span class='ocrx_word' id='word_1_61' title='bbox 1551 650 1634 688; x_wconf 88' lang='grc'>156</span> <span class='ocrx_word' id='word_1_62' title='bbox 1651 662 1778 700; x_wconf 88' lang='lat' dir='ltr'>seqq.:</span> 
     </span>
     <span class='ocr_line' id='line_1_8' title="bbox 233 705 1777 760; baseline 0.003 -15"><span class='ocrx_word' id='word_1_63' title='bbox 233 705 340 756; x_wconf 87' lang='lat' dir='ltr'>quod</span> <span class='ocrx_word' id='word_1_64' title='bbox 369 706 461 746; x_wconf 87' lang='lat' dir='ltr'>ideo</span> <span class='ocrx_word' id='word_1_65' title='bbox 491 706 654 756; x_wconf 88' lang='lat' dir='ltr'>probari</span> <span class='ocrx_word' id='word_1_66' title='bbox 684 708 835 757; x_wconf 87' lang='lat' dir='ltr'>nequit,</span> <span class='ocrx_word' id='word_1_67' title='bbox 867 707 974 758; x_wconf 86' lang='lat' dir='ltr'>quod</span> <span class='ocrx_word' id='word_1_68' title='bbox 1005 709 1167 758; x_wconf 82' lang='lat' dir='ltr'>poetam</span> <span class='ocrx_word' id='word_1_69' title='bbox 1194 708 1265 746; x_wconf 90' lang='lat' dir='ltr'>uni</span> <span class='ocrx_word' id='word_1_70' title='bbox 1291 721 1462 759; x_wconf 89' lang='lat' dir='ltr'>aequum</span> <span class='ocrx_word' id='word_1_71' title='bbox 1485 708 1630 748; x_wconf 89' lang='lat' dir='ltr'>uirtuti</span> <span class='ocrx_word' id='word_1_72' title='bbox 1656 711 1777 760; x_wconf 92' lang='lat' dir='ltr'>atque</span> 
     </span>
     <span class='ocr_line' id='line_1_9' title="bbox 233 765 1777 820; baseline 0.003 -15"><span class='ocrx_word' id='word_1_73' title='bbox 233 765 316 805; x_wconf 90' lang='lat' dir='ltr'>eius</span> <span class='ocrx_word' id='word_1_74' title='bbox 347 767 498 815; x_wconf 88' lang='lat' dir='ltr'>amicis,</span> <span class='ocrx_word' id='word_1_75' title='bbox 530 767 641 806; x_wconf 92' lang='lat' dir='ltr'>cuius</span> <span class='ocrx_word' id='word_1_76' title='bbox 674 767 895 806; x_wconf 90' lang='lat' dir='ltr'>censorium</span> <span class='ocrx_word' id='word_1_77' title='bbox 928 767 1128 807; x_wconf 90' lang='lat' dir='ltr'>celebrent</span> <span class='ocrx_word' id='word_1_78' title='bbox 1157 769 1331 820; x_wconf 89' lang='lat' dir='ltr'>rigorem</span> <span class='ocrx_word' id='word_1_79' title='bbox 1361 771 1517 808; x_wconf 87' lang='lat' dir='ltr'>ueteres</span> <span class='ocrx_word' id='word_1_80' title='bbox 1552 769 1777 820; x_wconf 77' lang='lat' dir='ltr'>scriptores,</span> 
     </span>
     <span class='ocr_line' id='line_1_10' title="bbox 231 825 1776 879; baseline 0.003 -15"><span class='ocrx_word' id='word_1_81' title='bbox 231 838 318 865; x_wconf 89' lang='lat' dir='ltr'>cum</span> <span class='ocrx_word' id='word_1_82' title='bbox 352 827 418 865; x_wconf 91' lang='lat' dir='ltr'>uel</span> <span class='ocrx_word' id='word_1_83' title='bbox 449 825 683 866; x_wconf 86' lang='lat' dir='ltr'>Lactantius</span> <span class='ocrx_word' id='word_1_84' title='bbox 715 827 884 867; x_wconf 89' lang='lat' dir='ltr'>Arnobii</span> <span class='ocrx_word' id='word_1_85' title='bbox 915 827 1133 878; x_wconf 89' lang='lat' dir='ltr'>discipulus</span> <span class='ocrx_word' id='word_1_86' title='bbox 1166 828 1323 879; x_wconf 79' lang='lat' dir='ltr'>eclogas</span> <span class='ocrx_word' id='word_1_87' title='bbox 1355 829 1506 868; x_wconf 88' lang='lat' dir='ltr'>ethicas</span> <span class='ocrx_word' id='word_1_88' title='bbox 1537 841 1626 868; x_wconf 93' lang='lat' dir='ltr'>cum</span> <span class='ocrx_word' id='word_1_89' title='bbox 1658 830 1776 869; x_wconf 91' lang='lat' dir='ltr'>laude</span> 
     </span>
     <span class='ocr_line' id='line_1_11' title="bbox 231 886 1777 938; baseline 0.003 -14"><span class='ocrx_word' id='word_1_90' title='bbox 231 887 407 925; x_wconf 85' lang='lat' dir='ltr'>auctoris</span> <span class='ocrx_word' id='word_1_91' title='bbox 438 899 485 926; x_wconf 86' lang='lat' dir='ltr'>ex</span> <span class='ocrx_word' id='word_1_92' title='bbox 516 886 587 926; x_wconf 93' lang='lat' dir='ltr'>illo</span> <span class='ocrx_word' id='word_1_93' title='bbox 618 887 808 938; x_wconf 88' lang='lat' dir='ltr'>proferat,</span> <span class='ocrx_word' id='word_1_94' title='bbox 839 888 1003 926; x_wconf 90' lang='lat' dir='ltr'>minime</span> <span class='ocrx_word' id='word_1_95' title='bbox 1034 889 1087 937; x_wconf 36' lang='lat' dir='ltr'>ut,</span> <span class='ocrx_word' id='word_1_96' title='bbox 1111 888 1294 928; x_wconf 85' lang='lat' dir='ltr'>omnibus</span> <span class='ocrx_word' id='word_1_97' title='bbox 1319 889 1502 938; x_wconf 85' lang='lat' dir='ltr'>partibus</span> <span class='ocrx_word' id='word_1_98' title='bbox 1528 889 1711 929; x_wconf 91' lang='lat' dir='ltr'>lenonem</span> <span class='ocrx_word' id='word_1_99' title='bbox 1736 892 1777 930; x_wconf 91' lang='lat' dir='ltr'>et</span> 
     </span>
    </p>
   </div>
   <div class='ocr_carea' id='block_1_3' title="bbox 228 947 1858 1007">
    <p class='ocr_par' dir='ltr' id='par_1_3' title="bbox 228 947 1858 1007">
     <span class='ocr_line' id='line_1_12' title="bbox 228 947 1858 1007; baseline 0.004 -23"><span class='ocrx_word' id='word_1_100' title='bbox 228 958 415 996; x_wconf 89' lang='lat' dir='ltr'>spurcum</span> <span class='ocrx_word' id='word_1_101' title='bbox 438 948 599 996; x_wconf 86' lang='lat' dir='ltr'>poetam</span> <span class='ocrx_word' id='word_1_102' title='bbox 624 947 686 986; x_wconf 90' lang='lat' dir='ltr'>his</span> <span class='ocrx_word' id='word_1_103' title='bbox 711 947 842 987; x_wconf 90' lang='lat' dir='ltr'>uerbis</span> <span class='ocrx_word' id='word_1_104' title='bbox 872 947 939 986; x_wconf 94' lang='lat' dir='ltr'>ille</span> <span class='ocrx_word' id='word_1_105' title='bbox 966 948 1100 997; x_wconf 92' lang='lat' dir='ltr'>potuit</span> <span class='ocrx_word' id='word_1_106' title='bbox 1130 948 1381 999; x_wconf 70' lang='lat' dir='ltr'>prostituere.</span> <span class='ocrx_word' id='word_1_107' title='bbox 1438 949 1567 988; x_wconf 90' lang='lat' dir='ltr'>Immo</span> <span class='ocrx_word' id='word_1_108' title='bbox 1599 950 1696 989; x_wconf 87' lang='lat' dir='ltr'>haec</span> <span class='ocrx_word' id='word_1_109' title='bbox 1722 950 1774 990; x_wconf 89' lang='lat' dir='ltr'>ad</span> <span class='ocrx_word' id='word_1_110' title='bbox 1855 1004 1858 1007; x_wconf 30' lang='grc' dir='ltr'>Ι</span> 
     </span>
    </p>
   </div>
   <div class='ocr_carea' id='block_1_4' title="bbox 219 1006 1775 3034">
    <p class='ocr_par' dir='ltr' id='par_1_4' title="bbox 228 1006 1774 1225">
     <span class='ocr_line' id='line_1_13' title="bbox 229 1006 1774 1059; baseline 0.003 -15"><span class='ocrx_word' id='word_1_111' title='bbox 229 1008 387 1057; x_wconf 88' lang='lat' dir='ltr'>partem</span> <span class='ocrx_word' id='word_1_112' title='bbox 424 1007 556 1057; x_wconf 90' lang='lat' dir='ltr'>operis</span> <span class='ocrx_word' id='word_1_113' title='bbox 592 1006 793 1046; x_wconf 88' lang='lat' dir='ltr'>Luciliani</span> <span class='ocrx_word' id='word_1_114' title='bbox 829 1007 1108 1047; x_wconf 86' lang='lat' dir='ltr'>tantummodo</span> <span class='ocrx_word' id='word_1_115' title='bbox 1146 1011 1315 1059; x_wconf 77' lang='lat' dir='ltr'>possunt</span> <span class='ocrx_word' id='word_1_116' title='bbox 1350 1009 1567 1059; x_wconf 88' lang='lat' dir='ltr'>pertinere,</span> <span class='ocrx_word' id='word_1_117' title='bbox 1610 1011 1774 1049; x_wconf 89' lang='lat' dir='ltr'>minime</span> 
     </span>
     <span class='ocr_line' id='line_1_14' title="bbox 229 1065 1772 1118; baseline 0.003 -14"><span class='ocrx_word' id='word_1_118' title='bbox 229 1065 279 1105; x_wconf 86' lang='lat' dir='ltr'>ad</span> <span class='ocrx_word' id='word_1_119' title='bbox 310 1067 452 1105; x_wconf 82' lang='lat' dir='ltr'>totum.</span> <span class='ocrx_word' id='word_1_120' title='bbox 501 1066 641 1106; x_wconf 81' lang='lat' dir='ltr'>Secare</span> <span class='ocrx_word' id='word_1_121' title='bbox 671 1067 778 1118; x_wconf 89' lang='lat' dir='ltr'>quod</span> <span class='ocrx_word' id='word_1_122' title='bbox 808 1069 1000 1118; x_wconf 83' lang='lat' dir='ltr'>proposui</span> <span class='ocrx_word' id='word_1_123' title='bbox 1030 1068 1330 1108; x_wconf 88' lang='lat' dir='ltr'>commendatur</span> <span class='ocrx_word' id='word_1_124' title='bbox 1354 1068 1526 1108; x_wconf 84' lang='lat' dir='ltr'>Arnobii</span> <span class='ocrx_word' id='word_1_125' title='bbox 1556 1070 1644 1108; x_wconf 92' lang='lat' dir='ltr'>loco</span> <span class='ocrx_word' id='word_1_126' title='bbox 1669 1070 1691 1108; x_wconf 92' lang='lat' dir='ltr'><strong>I</strong></span> <span class='ocrx_word' id='word_1_127' title='bbox 1717 1071 1772 1109; x_wconf 89' lang='grc'>64</span> 
     </span>
     <span class='ocr_line' id='line_1_15' title="bbox 228 1123 1773 1178; baseline 0.003 -14"><span class='ocrx_word' id='word_1_128' title='bbox 228 1139 267 1176; x_wconf 91' lang='lat' dir='ltr'>p.</span> <span class='ocrx_word' id='word_1_129' title='bbox 294 1127 364 1175; x_wconf 89' lang='lat'>44,</span> <span class='ocrx_word' id='word_1_130' title='bbox 392 1127 445 1165; x_wconf 85' lang='lat'>22</span> <span class='ocrx_word' id='word_1_131' title='bbox 462 1126 576 1166; x_wconf 82' lang='lat' dir='ltr'>Reiff.</span> <span class='ocrx_word' id='word_1_132' title='bbox 616 1123 702 1178; x_wconf 79' lang='lat' dir='ltr'>‘qui</span> <span class='ocrx_word' id='word_1_133' title='bbox 731 1128 909 1168; x_wconf 84' lang='lat' dir='ltr'>luxurias</span> <span class='ocrx_word' id='word_1_134' title='bbox 947 1140 994 1167; x_wconf 86' lang='lat' dir='ltr'>ac</span> <span class='ocrx_word' id='word_1_135' title='bbox 1030 1128 1134 1167; x_wconf 89' lang='lat' dir='ltr'>uitia</span> <span class='ocrx_word' id='word_1_136' title='bbox 1169 1130 1305 1168; x_wconf 89' lang='lat' dir='ltr'>uestra</span> <span class='ocrx_word' id='word_1_137' title='bbox 1342 1131 1478 1168; x_wconf 84' lang='lat' dir='ltr'>secant</span> <span class='ocrx_word' id='word_1_138' title='bbox 1514 1132 1637 1168; x_wconf 89' lang='lat' dir='ltr'>urunt</span> <span class='ocrx_word' id='word_1_139' title='bbox 1673 1130 1773 1169; x_wconf 86' lang='lat' dir='ltr'>dila-</span> 
     </span>
     <span class='ocr_line' id='line_1_16' title="bbox 228 1183 392 1225; baseline -0.006 0"><span class='ocrx_word' id='word_1_140' title='bbox 228 1183 392 1225; x_wconf 76' lang='lat' dir='ltr'>cerant&#39;.</span> 
     </span>
    </p>

    <p class='ocr_par' dir='ltr' id='par_1_5' title="bbox 226 1240 1775 1538">
     <span class='ocr_line' id='line_1_17' title="bbox 352 1240 1775 1302; baseline 0.004 -18"><span class='ocrx_word' id='word_1_141' title='bbox 352 1240 494 1287; x_wconf 79' lang='grc'><strong>1178.</strong></span> <span class='ocrx_word' id='word_1_142' title='bbox 526 1242 672 1286; x_wconf 87' lang='lat' dir='ltr'>Lucilii</span> <span class='ocrx_word' id='word_1_143' title='bbox 702 1260 840 1288; x_wconf 91' lang='lat' dir='ltr'>uersus</span> <span class='ocrx_word' id='word_1_144' title='bbox 872 1261 951 1287; x_wconf 94' lang='lat' dir='ltr'>non</span> <span class='ocrx_word' id='word_1_145' title='bbox 981 1248 1189 1298; x_wconf 86' lang='lat' dir='ltr'>exscripsit</span> <span class='ocrx_word' id='word_1_146' title='bbox 1212 1250 1425 1300; x_wconf 88' lang='lat' dir='ltr'>interpres:</span> <span class='ocrx_word' id='word_1_147' title='bbox 1457 1249 1504 1287; x_wconf 89' lang='lat' dir='ltr'>de</span> <span class='ocrx_word' id='word_1_148' title='bbox 1532 1250 1665 1289; x_wconf 86' lang='lat' dir='ltr'>furore</span> <span class='ocrx_word' id='word_1_149' title='bbox 1692 1250 1775 1302; x_wconf 89' lang='lat' dir='ltr'>egit</span> 
     </span>
     <span class='ocr_line' id='line_1_18' title="bbox 226 1305 1772 1359; baseline 0.004 -16"><span class='ocrx_word' id='word_1_150' title='bbox 226 1305 294 1344; x_wconf 89' lang='lat' dir='ltr'>lib.</span> <span class='ocrx_word' id='word_1_151' title='bbox 320 1305 473 1345; x_wconf 88' lang='lat' dir='ltr'><strong>XXVII</strong></span> <span class='ocrx_word' id='word_1_152' title='bbox 498 1320 534 1345; x_wconf 93' lang='lat' dir='ltr'>u.</span> <span class='ocrx_word' id='word_1_153' title='bbox 565 1308 648 1346; x_wconf 83' lang='lat'>732</span> <span class='ocrx_word' id='word_1_154' title='bbox 701 1306 856 1347; x_wconf 85' lang='lat' dir='ltr'>Stoicos</span> <span class='ocrx_word' id='word_1_155' title='bbox 894 1310 1053 1347; x_wconf 90' lang='lat' dir='ltr'>secutus</span> <span class='ocrx_word' id='word_1_156' title='bbox 1094 1305 1293 1347; x_wconf 86' lang='lat' dir='ltr'>‘insanum</span> <span class='ocrx_word' id='word_1_157' title='bbox 1318 1311 1438 1348; x_wconf 88' lang='lat' dir='ltr'>uocat</span> <span class='ocrx_word' id='word_1_158' title='bbox 1463 1322 1580 1359; x_wconf 90' lang='lat' dir='ltr'>quem</span> <span class='ocrx_word' id='word_1_159' title='bbox 1605 1310 1772 1349; x_wconf 89' lang='lat' dir='ltr'>maltam</span> 
     </span>
     <span class='ocr_line' id='line_1_19' title="bbox 227 1364 1773 1419; baseline 0.003 -15"><span class='ocrx_word' id='word_1_160' title='bbox 227 1378 274 1405; x_wconf 89' lang='lat' dir='ltr'>ac</span> <span class='ocrx_word' id='word_1_161' title='bbox 303 1366 500 1405; x_wconf 73' lang='lat' dir='ltr'>feminam</span> <span class='ocrx_word' id='word_1_162' title='bbox 538 1366 618 1406; x_wconf 88' lang='lat' dir='ltr'>dici</span> <span class='ocrx_word' id='word_1_163' title='bbox 654 1364 793 1406; x_wconf 91' lang='lat' dir='ltr'>uidet’.</span> <span class='ocrx_word' id='word_1_164' title='bbox 855 1367 1050 1407; x_wconf 76' lang='lat' dir='ltr'>Horatius</span> <span class='ocrx_word' id='word_1_165' title='bbox 1076 1368 1101 1407; x_wconf 91' lang='grc'>1.</span> <span class='ocrx_word' id='word_1_166' title='bbox 1128 1381 1157 1407; x_wconf 88' lang='lat' dir='ltr'>s.</span> <span class='ocrx_word' id='word_1_167' title='bbox 1199 1365 1334 1419; x_wconf 86' lang='lat' dir='ltr'>‘quem</span> <span class='ocrx_word' id='word_1_168' title='bbox 1371 1369 1481 1408; x_wconf 88' lang='lat' dir='ltr'>mala</span> <span class='ocrx_word' id='word_1_169' title='bbox 1518 1370 1696 1409; x_wconf 88' lang='lat' dir='ltr'>stultitia</span> <span class='ocrx_word' id='word_1_170' title='bbox 1733 1372 1773 1409; x_wconf 86' lang='lat' dir='ltr'>et</span> 
     </span>
     <span class='ocr_line' id='line_1_20' title="bbox 227 1422 1771 1480; baseline 0.003 -16"><span class='ocrx_word' id='word_1_171' title='bbox 227 1438 514 1476; x_wconf 89' lang='lat' dir='ltr'>quemcumque</span> <span class='ocrx_word' id='word_1_172' title='bbox 545 1427 706 1467; x_wconf 85' lang='lat' dir='ltr'>inscitia</span> <span class='ocrx_word' id='word_1_173' title='bbox 737 1427 822 1466; x_wconf 90' lang='lat' dir='ltr'>ueri</span> <span class='ocrx_word' id='word_1_174' title='bbox 854 1440 1015 1467; x_wconf 91' lang='lat' dir='ltr'>caecum</span> <span class='ocrx_word' id='word_1_175' title='bbox 1048 1429 1150 1480; x_wconf 85' lang='lat' dir='ltr'>agit,</span> <span class='ocrx_word' id='word_1_176' title='bbox 1181 1422 1366 1468; x_wconf 86' lang='lat' dir='ltr'>insanum</span> <span class='ocrx_word' id='word_1_177' title='bbox 1399 1428 1615 1480; x_wconf 83' lang='lat' dir='ltr'>Chrysippi</span> <span class='ocrx_word' id='word_1_178' title='bbox 1646 1431 1771 1480; x_wconf 88' lang='lat' dir='ltr'>porti-</span> 
     </span>
     <span class='ocr_line' id='line_1_21' title="bbox 226 1485 729 1538; baseline 0.006 -14"><span class='ocrx_word' id='word_1_179' title='bbox 226 1497 294 1524; x_wconf 87' lang='lat' dir='ltr'>cus</span> <span class='ocrx_word' id='word_1_180' title='bbox 320 1487 361 1525; x_wconf 91' lang='lat' dir='ltr'>et</span> <span class='ocrx_word' id='word_1_181' title='bbox 391 1498 487 1538; x_wconf 84' lang='lat' dir='ltr'>grex</span> <span class='ocrx_word' id='word_1_182' title='bbox 519 1485 729 1527; x_wconf 87' lang='lat' dir='ltr'>autumat’.</span> 
     </span>
    </p>

    <p class='ocr_par' dir='ltr' id='par_1_6' title="bbox 225 1540 1771 1777">
     <span class='ocr_line' id='line_1_22' title="bbox 350 1540 1771 1603; baseline 0.002 -18"><span class='ocrx_word' id='word_1_183' title='bbox 350 1540 492 1587; x_wconf 81' lang='grc'><strong>1179.</strong></span> <span class='ocrx_word' id='word_1_184' title='bbox 526 1545 728 1586; x_wconf 83' lang='lat' dir='ltr'>Charisius</span> <span class='ocrx_word' id='word_1_185' title='bbox 756 1546 824 1586; x_wconf 84' lang='lat' dir='ltr'>GL</span> <span class='ocrx_word' id='word_1_186' title='bbox 850 1548 870 1586; x_wconf 97' lang='lat' dir='ltr'><strong>I</strong></span> <span class='ocrx_word' id='word_1_187' title='bbox 895 1561 933 1598; x_wconf 92' lang='lat' dir='ltr'>p.</span> <span class='ocrx_word' id='word_1_188' title='bbox 961 1549 1030 1597; x_wconf 83' lang='lat'>85,</span> <span class='ocrx_word' id='word_1_189' title='bbox 1058 1549 1081 1586; x_wconf 89' lang='grc'><strong>6</strong></span> <span class='ocrx_word' id='word_1_190' title='bbox 1097 1548 1134 1586; x_wconf 93' lang='grc' dir='ltr'><strong>Κ</strong></span> <span class='ocrx_word' id='word_1_191' title='bbox 1167 1545 1330 1587; x_wconf 79' lang='lat' dir='ltr'>‘Gibber</span> <span class='ocrx_word' id='word_1_192' title='bbox 1360 1551 1406 1587; x_wconf 90' lang='lat' dir='ltr'>ut</span> <span class='ocrx_word' id='word_1_193' title='bbox 1430 1549 1549 1601; x_wconf 88' lang='lat' dir='ltr'>Verg.</span> <span class='ocrx_word' id='word_1_194' title='bbox 1581 1543 1771 1603; x_wconf 76' lang='lat' dir='ltr'>(Verrius</span> 
     </span>
     <span class='ocr_line' id='line_1_23' title="bbox 225 1600 1770 1660; baseline 0.003 -16"><span class='ocrx_word' id='word_1_195' title='bbox 225 1606 332 1644; x_wconf 87' lang='lat' dir='ltr'>recte</span> <span class='ocrx_word' id='word_1_196' title='bbox 374 1600 528 1660; x_wconf 82' lang='lat' dir='ltr'>Dousa)</span> <span class='ocrx_word' id='word_1_197' title='bbox 573 1608 650 1656; x_wconf 86' lang='lat' dir='ltr'>ait,</span> <span class='ocrx_word' id='word_1_198' title='bbox 693 1608 826 1658; x_wconf 88' lang='lat' dir='ltr'>ipsum</span> <span class='ocrx_word' id='word_1_199' title='bbox 869 1608 1015 1646; x_wconf 90' lang='lat' dir='ltr'>uitium</span> <span class='ocrx_word' id='word_1_200' title='bbox 1058 1608 1221 1658; x_wconf 91' lang='lat' dir='ltr'>dicitur,</span> <span class='ocrx_word' id='word_1_201' title='bbox 1271 1610 1318 1647; x_wconf 89' lang='lat' dir='ltr'>ut</span> <span class='ocrx_word' id='word_1_202' title='bbox 1359 1608 1493 1659; x_wconf 85' lang='lat' dir='ltr'>tuber3</span> <span class='ocrx_word' id='word_1_203' title='bbox 1537 1609 1770 1660; x_wconf 88' lang='lat' dir='ltr'>gibberosus</span> 
     </span>
     <span class='ocr_line' id='line_1_24' title="bbox 225 1665 1770 1720; baseline 0.003 -16"><span class='ocrx_word' id='word_1_204' title='bbox 225 1665 374 1706; x_wconf 89' lang='lat' dir='ltr'>habens</span> <span class='ocrx_word' id='word_1_205' title='bbox 417 1665 637 1718; x_wconf 88' lang='lat' dir='ltr'>gibberem,</span> <span class='ocrx_word' id='word_1_206' title='bbox 680 1669 728 1706; x_wconf 86' lang='lat' dir='ltr'>ut</span> <span class='ocrx_word' id='word_1_207' title='bbox 763 1667 985 1707; x_wconf 87' lang='lat' dir='ltr'>tuberosus.</span> <span class='ocrx_word' id='word_1_208' title='bbox 1036 1670 1076 1707; x_wconf 87' lang='lat' dir='ltr'>et</span> <span class='ocrx_word' id='word_1_209' title='bbox 1119 1680 1213 1707; x_wconf 86' lang='lat' dir='ltr'>sane</span> <span class='ocrx_word' id='word_1_210' title='bbox 1255 1668 1432 1708; x_wconf 85' lang='lat' dir='ltr'>Lucilius</span> <span class='ocrx_word' id='word_1_211' title='bbox 1475 1669 1536 1708; x_wconf 91' lang='lat' dir='ltr'>ita</span> <span class='ocrx_word' id='word_1_212' title='bbox 1579 1670 1770 1720; x_wconf 89' lang='lat' dir='ltr'>loquitur,</span> 
     </span>
     <span class='ocr_line' id='line_1_25' title="bbox 227 1722 658 1777; baseline 0.005 -14"><span class='ocrx_word' id='word_1_213' title='bbox 227 1722 421 1777; x_wconf 86' lang='lat' dir='ltr'>“gibbere</span> <span class='ocrx_word' id='word_1_214' title='bbox 451 1724 658 1777; x_wconf 87' lang='lat' dir='ltr'>magno&#39;&#39;.&#39;</span> 
     </span>
    </p>

    <p class='ocr_par' dir='ltr' id='par_1_7' title="bbox 223 1780 1769 2080">
     <span class='ocr_line' id='line_1_26' title="bbox 347 1780 1768 1828; baseline 0.002 -3"><span class='ocrx_word' id='word_1_215' title='bbox 347 1780 490 1826; x_wconf 85' lang='lat'>1180.</span> <span class='ocrx_word' id='word_1_216' title='bbox 523 1786 582 1826; x_wconf 92' lang='lat' dir='ltr'>De</span> <span class='ocrx_word' id='word_1_217' title='bbox 609 1786 757 1826; x_wconf 84' lang='lat' dir='ltr'>Granio</span> <span class='ocrx_word' id='word_1_218' title='bbox 785 1787 879 1826; x_wconf 89' lang='lat' dir='ltr'>uide</span> <span class='ocrx_word' id='word_1_219' title='bbox 904 1787 955 1826; x_wconf 90' lang='lat' dir='ltr'>ad</span> <span class='ocrx_word' id='word_1_220' title='bbox 980 1787 1048 1826; x_wconf 87' lang='lat' dir='ltr'>lib.</span> <span class='ocrx_word' id='word_1_221' title='bbox 1074 1788 1131 1828; x_wconf 91' lang='lat' dir='ltr'>XI</span> <span class='ocrx_word' id='word_1_222' title='bbox 1156 1802 1193 1827; x_wconf 97' lang='grc' dir='ltr'>ιι.</span> <span class='ocrx_word' id='word_1_223' title='bbox 1222 1789 1306 1827; x_wconf 90' lang='grc'>412</span> <span class='ocrx_word' id='word_1_224' title='bbox 1333 1789 1375 1827; x_wconf 94' lang='grc' dir='ltr'>ΙΙ</span> <span class='ocrx_word' id='word_1_225' title='bbox 1401 1803 1438 1826; x_wconf 90' lang='grc' dir='ltr'>ιι.</span> <span class='ocrx_word' id='word_1_226' title='bbox 1467 1790 1534 1828; x_wconf 87' lang='grc'>95.</span> <span class='ocrx_word' id='word_1_227' title='bbox 1584 1789 1645 1828; x_wconf 87' lang='lat' dir='ltr'>De</span> <span class='ocrx_word' id='word_1_228' title='bbox 1670 1791 1768 1828; x_wconf 90' lang='lat' dir='ltr'>tem·</span> 
     </span>
     <span class='ocr_line' id='line_1_27' title="bbox 225 1845 1767 1900; baseline 0.003 -17"><span class='ocrx_word' id='word_1_229' title='bbox 225 1857 322 1895; x_wconf 87' lang='lat' dir='ltr'>pore</span> <span class='ocrx_word' id='word_1_230' title='bbox 364 1845 593 1886; x_wconf 88' lang='lat' dir='ltr'>tribunatus</span> <span class='ocrx_word' id='word_1_231' title='bbox 638 1846 769 1886; x_wconf 83' lang='lat' dir='ltr'>Crassi</span> <span class='ocrx_word' id='word_1_232' title='bbox 813 1849 971 1886; x_wconf 86' lang='lat' dir='ltr'>constat</span> <span class='ocrx_word' id='word_1_233' title='bbox 1013 1846 1213 1888; x_wconf 88' lang='lat' dir='ltr'>Ciceronis</span> <span class='ocrx_word' id='word_1_234' title='bbox 1256 1849 1343 1888; x_wconf 86' lang='lat' dir='ltr'>loco</span> <span class='ocrx_word' id='word_1_235' title='bbox 1381 1848 1492 1887; x_wconf 89' lang='lat' dir='ltr'>Brut.</span> <span class='ocrx_word' id='word_1_236' title='bbox 1522 1849 1602 1888; x_wconf 90' lang='grc'>161</span> <span class='ocrx_word' id='word_1_237' title='bbox 1652 1863 1767 1900; x_wconf 89' lang='lat' dir='ltr'>quem</span> 
     </span>
     <span class='ocr_line' id='line_1_28' title="bbox 224 1903 1767 1959; baseline 0.003 -15"><span class='ocrx_word' id='word_1_238' title='bbox 224 1905 348 1955; x_wconf 87' lang='lat' dir='ltr'>gessit</span> <span class='ocrx_word' id='word_1_239' title='bbox 377 1905 446 1944; x_wconf 88' lang='lat' dir='ltr'>ille</span> <span class='ocrx_word' id='word_1_240' title='bbox 479 1918 583 1946; x_wconf 90' lang='lat' dir='ltr'>anno</span> <span class='ocrx_word' id='word_1_241' title='bbox 611 1903 822 1956; x_wconf 74' lang='lat' dir='ltr'>647s107:</span> <span class='ocrx_word' id='word_1_242' title='bbox 855 1909 924 1957; x_wconf 90' lang='lat' dir='ltr'>qui</span> <span class='ocrx_word' id='word_1_243' title='bbox 956 1920 1083 1947; x_wconf 90' lang='lat' dir='ltr'>annus</span> <span class='ocrx_word' id='word_1_244' title='bbox 1113 1908 1280 1947; x_wconf 88' lang='lat' dir='ltr'>ultimus</span> <span class='ocrx_word' id='word_1_245' title='bbox 1312 1910 1372 1947; x_wconf 88' lang='lat' dir='ltr'>est</span> <span class='ocrx_word' id='word_1_246' title='bbox 1402 1921 1565 1959; x_wconf 89' lang='lat' dir='ltr'>poeseos</span> <span class='ocrx_word' id='word_1_247' title='bbox 1595 1908 1767 1948; x_wconf 89' lang='lat' dir='ltr'>Lucilia-</span> 
     </span>
     <span class='ocr_line' id='line_1_29' title="bbox 223 1966 1769 2019; baseline 0.003 -16"><span class='ocrx_word' id='word_1_248' title='bbox 223 1977 298 2004; x_wconf 90' lang='lat' dir='ltr'>nae</span> <span class='ocrx_word' id='word_1_249' title='bbox 331 1968 525 2015; x_wconf 87' lang='lat' dir='ltr'>quantum</span> <span class='ocrx_word' id='word_1_250' title='bbox 555 1979 628 2005; x_wconf 93' lang='lat' dir='ltr'>nos</span> <span class='ocrx_word' id='word_1_251' title='bbox 658 1966 776 2006; x_wconf 88' lang='lat' dir='ltr'>hodie</span> <span class='ocrx_word' id='word_1_252' title='bbox 807 1967 999 2019; x_wconf 88' lang='lat' dir='ltr'>indagare</span> <span class='ocrx_word' id='word_1_253' title='bbox 1029 1980 1251 2018; x_wconf 90' lang='lat' dir='ltr'>possumus.</span> <span class='ocrx_word' id='word_1_254' title='bbox 1302 1966 1410 2007; x_wconf 86' lang='lat' dir='ltr'>Cena</span> <span class='ocrx_word' id='word_1_255' title='bbox 1441 1967 1581 2007; x_wconf 87' lang='lat' dir='ltr'>Granii</span> <span class='ocrx_word' id='word_1_256' title='bbox 1608 1969 1769 2008; x_wconf 82' lang='lat' dir='ltr'>uidetur</span> 
     </span>
     <span class='ocr_line' id='line_1_30' title="bbox 223 2025 1675 2080; baseline 0.003 -16"><span class='ocrx_word' id='word_1_257' title='bbox 223 2025 345 2064; x_wconf 81' lang='lat' dir='ltr'>fuisse</span> <span class='ocrx_word' id='word_1_258' title='bbox 376 2027 540 2065; x_wconf 77' lang='lat' dir='ltr'>narrata</span> <span class='ocrx_word' id='word_1_259' title='bbox 570 2026 674 2065; x_wconf 89' lang='lat' dir='ltr'>libro</span> <span class='ocrx_word' id='word_1_260' title='bbox 699 2027 788 2066; x_wconf 90' lang='lat' dir='ltr'>XX:</span> <span class='ocrx_word' id='word_1_261' title='bbox 820 2027 913 2066; x_wconf 87' lang='lat' dir='ltr'>uide</span> <span class='ocrx_word' id='word_1_262' title='bbox 946 2027 995 2066; x_wconf 87' lang='lat' dir='ltr'>ad</span> <span class='ocrx_word' id='word_1_263' title='bbox 1027 2041 1065 2066; x_wconf 95' lang='lat' dir='ltr'>u.</span> <span class='ocrx_word' id='word_1_264' title='bbox 1094 2028 1178 2066; x_wconf 87' lang='grc'>568</span> <span class='ocrx_word' id='word_1_265' title='bbox 1205 2029 1343 2067; x_wconf 82' lang='lat' dir='ltr'>incert.</span> <span class='ocrx_word' id='word_1_266' title='bbox 1370 2041 1409 2067; x_wconf 91' lang='lat' dir='ltr'>u.</span> <span class='ocrx_word' id='word_1_267' title='bbox 1440 2030 1553 2067; x_wconf 85' lang='lat'>1174</span> <span class='ocrx_word' id='word_1_268' title='bbox 1568 2041 1675 2080; x_wconf 90' lang='lat' dir='ltr'>seqq.</span> 
     </span>
    </p>

    <p class='ocr_par' dir='ltr' id='par_1_8' title="bbox 219 2080 1768 3034">
     <span class='ocr_line' id='line_1_31' title="bbox 346 2080 1768 2137; baseline 0.003 -13"><span class='ocrx_word' id='word_1_269' title='bbox 346 2080 487 2126; x_wconf 85' lang='lat'>1181.</span> <span class='ocrx_word' id='word_1_270' title='bbox 522 2085 658 2125; x_wconf 91' lang='lat' dir='ltr'>Cicero</span> <span class='ocrx_word' id='word_1_271' title='bbox 691 2086 740 2125; x_wconf 88' lang='lat' dir='ltr'>ad</span> <span class='ocrx_word' id='word_1_272' title='bbox 772 2086 953 2126; x_wconf 84' lang='lat' dir='ltr'>Atticum</span> <span class='ocrx_word' id='word_1_273' title='bbox 980 2087 1038 2126; x_wconf 91' lang='lat' dir='ltr'><strong>VI</strong></span> <span class='ocrx_word' id='word_1_274' title='bbox 1065 2090 1103 2137; x_wconf 87' lang='lat'>3,</span> <span class='ocrx_word' id='word_1_275' title='bbox 1132 2090 1154 2126; x_wconf 86' lang='grc'><strong>7</strong></span> <span class='ocrx_word' id='word_1_276' title='bbox 1190 2085 1298 2126; x_wconf 85' lang='lat' dir='ltr'>‘Tibi</span> <span class='ocrx_word' id='word_1_277' title='bbox 1335 2089 1470 2127; x_wconf 89' lang='lat' dir='ltr'>autem</span> <span class='ocrx_word' id='word_1_278' title='bbox 1506 2089 1624 2127; x_wconf 87' lang='lat' dir='ltr'>ualde</span> <span class='ocrx_word' id='word_1_279' title='bbox 1665 2089 1768 2129; x_wconf 89' lang='lat' dir='ltr'>solet</span> 
     </span>
     <span class='ocr_line' id='line_1_32' title="bbox 222 2141 1764 2201; baseline 0.003 -18"><span class='ocrx_word' id='word_1_280' title='bbox 222 2143 264 2182; x_wconf 89' lang='lat' dir='ltr'>in</span> <span class='ocrx_word' id='word_1_281' title='bbox 303 2157 370 2184; x_wconf 90' lang='lat' dir='ltr'>ore</span> <span class='ocrx_word' id='word_1_282' title='bbox 408 2158 491 2185; x_wconf 92' lang='lat' dir='ltr'>esse</span> <span class='ocrx_word' id='word_1_283' title='bbox 531 2142 728 2194; x_wconf 70' lang='lat' dir='ltr'>“ymnius</span> <span class='ocrx_word' id='word_1_284' title='bbox 766 2141 967 2200; x_wconf 76' lang='lat' dir='ltr'>(Granius</span> <span class='ocrx_word' id='word_1_285' title='bbox 998 2142 1215 2201; x_wconf 86' lang='lat' dir='ltr'>Corradus)</span> <span class='ocrx_word' id='word_1_286' title='bbox 1257 2150 1390 2187; x_wconf 84' lang='lat' dir='ltr'>autem</span> <span class='ocrx_word' id='word_1_287' title='bbox 1417 2179 1425 2187; x_wconf 93' lang='lat'>.</span> <span class='ocrx_word' id='word_1_288' title='bbox 1447 2178 1454 2186; x_wconf 91' lang='lat'>.</span> <span class='ocrx_word' id='word_1_289' title='bbox 1477 2179 1485 2186; x_wconf 91' lang='lat'>.</span> <span class='ocrx_word' id='word_1_290' title='bbox 1513 2146 1764 2199; x_wconf 88' lang='lat' dir='ltr'>superbos’&#39;.’</span> 
     </span>
     <span class='ocr_line' id='line_1_33' title="bbox 221 2203 1766 2255; baseline 0.003 -12"><span class='ocrx_word' id='word_1_291' title='bbox 221 2204 376 2244; x_wconf 89' lang='lat' dir='ltr'>Ibidem</span> <span class='ocrx_word' id='word_1_292' title='bbox 401 2205 443 2244; x_wconf 92' lang='grc' dir='ltr'>Π</span> <span class='ocrx_word' id='word_1_293' title='bbox 469 2207 508 2255; x_wconf 88' lang='grc'>8,</span> <span class='ocrx_word' id='word_1_294' title='bbox 538 2208 557 2244; x_wconf 97' lang='grc'>1</span> <span class='ocrx_word' id='word_1_295' title='bbox 601 2203 670 2245; x_wconf 77' lang='lat' dir='ltr'>‘Et</span> <span class='ocrx_word' id='word_1_296' title='bbox 707 2206 806 2245; x_wconf 91' lang='lat' dir='ltr'>scito</span> <span class='ocrx_word' id='word_1_297' title='bbox 845 2206 1057 2247; x_wconf 90' lang='lat' dir='ltr'>Curionem</span> <span class='ocrx_word' id='word_1_298' title='bbox 1097 2207 1389 2247; x_wconf 82' lang='lat' dir='ltr'>adulescentem</span> <span class='ocrx_word' id='word_1_299' title='bbox 1426 2208 1582 2247; x_wconf 88' lang='lat' dir='ltr'>uenisse</span> <span class='ocrx_word' id='word_1_300' title='bbox 1620 2209 1671 2247; x_wconf 90' lang='lat' dir='ltr'>ad</span> <span class='ocrx_word' id='word_1_301' title='bbox 1702 2222 1766 2255; x_wconf 83' lang='lat' dir='ltr'>me</span> 
     </span>
     <span class='ocr_line' id='line_1_34' title="bbox 222 2265 1764 2308; baseline 0.004 -6"><span class='ocrx_word' id='word_1_302' title='bbox 222 2265 453 2303; x_wconf 85' lang='lat' dir='ltr'>salutatum.</span> <span class='ocrx_word' id='word_1_303' title='bbox 510 2265 627 2304; x_wconf 89' lang='lat' dir='ltr'>ualde</span> <span class='ocrx_word' id='word_1_304' title='bbox 671 2266 755 2306; x_wconf 89' lang='lat' dir='ltr'>eius</span> <span class='ocrx_word' id='word_1_305' title='bbox 793 2279 920 2306; x_wconf 89' lang='lat' dir='ltr'>sermo</span> <span class='ocrx_word' id='word_1_306' title='bbox 959 2266 1006 2305; x_wconf 87' lang='lat' dir='ltr'>de</span> <span class='ocrx_word' id='word_1_307' title='bbox 1045 2266 1187 2306; x_wconf 90' lang='lat' dir='ltr'>Publio</span> <span class='ocrx_word' id='word_1_308' title='bbox 1231 2280 1320 2306; x_wconf 90' lang='lat' dir='ltr'>cum</span> <span class='ocrx_word' id='word_1_309' title='bbox 1358 2269 1440 2307; x_wconf 81' lang='lat' dir='ltr'>tuis</span> <span class='ocrx_word' id='word_1_310' title='bbox 1483 2269 1630 2308; x_wconf 88' lang='lat' dir='ltr'>litteris</span> <span class='ocrx_word' id='word_1_311' title='bbox 1674 2281 1764 2308; x_wconf 91' lang='lat' dir='ltr'>con-</span> 
     </span>
     <span class='ocr_line' id='line_1_35' title="bbox 222 2324 1762 2380; baseline 0.003 -17"><span class='ocrx_word' id='word_1_312' title='bbox 222 2324 407 2375; x_wconf 71' lang='lat' dir='ltr'>gruebat3</span> <span class='ocrx_word' id='word_1_313' title='bbox 438 2324 524 2375; x_wconf 90' lang='lat' dir='ltr'>ipse</span> <span class='ocrx_word' id='word_1_314' title='bbox 554 2338 650 2365; x_wconf 91' lang='lat' dir='ltr'>uero</span> <span class='ocrx_word' id='word_1_315' title='bbox 681 2326 907 2364; x_wconf 88' lang='lat' dir='ltr'>mirandum</span> <span class='ocrx_word' id='word_1_316' title='bbox 931 2327 975 2365; x_wconf 89' lang='lat' dir='ltr'>in</span> <span class='ocrx_word' id='word_1_317' title='bbox 999 2326 1162 2366; x_wconf 91' lang='lat' dir='ltr'>modum</span> <span class='ocrx_word' id='word_1_318' title='bbox 1189 2324 1334 2380; x_wconf 79' lang='lat' dir='ltr'>“reges</span> <span class='ocrx_word' id='word_1_319' title='bbox 1359 2327 1487 2367; x_wconf 87' lang='lat' dir='ltr'>odisse</span> <span class='ocrx_word' id='word_1_320' title='bbox 1513 2326 1762 2378; x_wconf 89' lang='lat' dir='ltr'>superbos&#39;&#39;.’</span> 
     </span>
     <span class='ocr_line' id='line_1_36' title="bbox 221 2383 1763 2438; baseline 0.003 -16"><span class='ocrx_word' id='word_1_321' title='bbox 221 2383 286 2422; x_wconf 88' lang='lat' dir='ltr'>Ad</span> <span class='ocrx_word' id='word_1_322' title='bbox 317 2383 463 2423; x_wconf 89' lang='lat' dir='ltr'>librum</span> <span class='ocrx_word' id='word_1_323' title='bbox 487 2383 633 2424; x_wconf 87' lang='lat' dir='ltr'>Lucilii</span> <span class='ocrx_word' id='word_1_324' title='bbox 658 2385 715 2424; x_wconf 92' lang='lat' dir='ltr'>XI</span> <span class='ocrx_word' id='word_1_325' title='bbox 745 2388 985 2425; x_wconf 85' lang='lat' dir='ltr'>reuocarunt</span> <span class='ocrx_word' id='word_1_326' title='bbox 1009 2386 1179 2426; x_wconf 88' lang='lat' dir='ltr'>editores</span> <span class='ocrx_word' id='word_1_327' title='bbox 1205 2399 1283 2437; x_wconf 92' lang='lat' dir='ltr'>quo</span> <span class='ocrx_word' id='word_1_328' title='bbox 1310 2386 1451 2426; x_wconf 87' lang='lat' dir='ltr'>Granii</span> <span class='ocrx_word' id='word_1_329' title='bbox 1475 2400 1614 2427; x_wconf 91' lang='lat' dir='ltr'>cenam</span> <span class='ocrx_word' id='word_1_330' title='bbox 1643 2401 1763 2438; x_wconf 88' lang='lat' dir='ltr'>quam</span> 
     </span>
     <span class='ocr_line' id='line_1_37' title="bbox 220 2443 1762 2496; baseline 0.003 -14"><span class='ocrx_word' id='word_1_331' title='bbox 220 2443 431 2483; x_wconf 84' lang='lat' dir='ltr'>exhibebat</span> <span class='ocrx_word' id='word_1_332' title='bbox 461 2443 505 2483; x_wconf 92' lang='lat' dir='ltr'>L.</span> <span class='ocrx_word' id='word_1_333' title='bbox 527 2443 667 2484; x_wconf 88' lang='lat' dir='ltr'>Crasso</span> <span class='ocrx_word' id='word_1_334' title='bbox 699 2447 857 2484; x_wconf 87' lang='lat' dir='ltr'>oratore</span> <span class='ocrx_word' id='word_1_335' title='bbox 890 2448 1098 2496; x_wconf 86' lang='lat' dir='ltr'>praesente</span> <span class='ocrx_word' id='word_1_336' title='bbox 1125 2446 1372 2486; x_wconf 86' lang='lat' dir='ltr'>arbitrantur</span> <span class='ocrx_word' id='word_1_337' title='bbox 1396 2447 1520 2486; x_wconf 88' lang='lat' dir='ltr'>fuisse</span> <span class='ocrx_word' id='word_1_338' title='bbox 1545 2450 1762 2487; x_wconf 87' lang='lat' dir='ltr'>narratam.</span> 
     </span>
     <span class='ocr_line' id='line_1_38' title="bbox 220 2503 1762 2558; baseline 0.003 -16"><span class='ocrx_word' id='word_1_339' title='bbox 220 2503 313 2542; x_wconf 88' lang='lat' dir='ltr'>uide</span> <span class='ocrx_word' id='word_1_340' title='bbox 339 2504 390 2542; x_wconf 85' lang='lat' dir='ltr'>ad</span> <span class='ocrx_word' id='word_1_341' title='bbox 415 2504 473 2543; x_wconf 91' lang='lat' dir='ltr'>XI</span> <span class='ocrx_word' id='word_1_342' title='bbox 496 2518 535 2543; x_wconf 92' lang='lat' dir='ltr'>u.</span> <span class='ocrx_word' id='word_1_343' title='bbox 562 2505 666 2544; x_wconf 83' lang='lat'>412:</span> <span class='ocrx_word' id='word_1_344' title='bbox 697 2507 844 2545; x_wconf 90' lang='lat' dir='ltr'>rectius</span> <span class='ocrx_word' id='word_1_345' title='bbox 875 2506 1096 2546; x_wconf 89' lang='lat' dir='ltr'>tribuemus</span> <span class='ocrx_word' id='word_1_346' title='bbox 1126 2506 1229 2546; x_wconf 91' lang='lat' dir='ltr'>libro</span> <span class='ocrx_word' id='word_1_347' title='bbox 1255 2507 1327 2545; x_wconf 91' lang='lat' dir='ltr'>XX</span> <span class='ocrx_word' id='word_1_348' title='bbox 1359 2506 1406 2545; x_wconf 93' lang='lat' dir='ltr'>de</span> <span class='ocrx_word' id='word_1_349' title='bbox 1440 2520 1518 2557; x_wconf 91' lang='lat' dir='ltr'>quo</span> <span class='ocrx_word' id='word_1_350' title='bbox 1544 2508 1640 2546; x_wconf 89' lang='lat' dir='ltr'>conf</span> <span class='ocrx_word' id='word_1_351' title='bbox 1662 2521 1762 2558; x_wconf 90' lang='lat' dir='ltr'>quae</span> 
     </span>
     <span class='ocr_line' id='line_1_39' title="bbox 221 2563 1761 2618; baseline 0.003 -16"><span class='ocrx_word' id='word_1_352' title='bbox 221 2563 501 2603; x_wconf 84' lang='lat' dir='ltr'>adnotauimus</span> <span class='ocrx_word' id='word_1_353' title='bbox 527 2565 578 2603; x_wconf 89' lang='lat' dir='ltr'>ad</span> <span class='ocrx_word' id='word_1_354' title='bbox 602 2565 740 2604; x_wconf 89' lang='lat' dir='ltr'>incert.</span> <span class='ocrx_word' id='word_1_355' title='bbox 766 2579 803 2604; x_wconf 92' lang='lat' dir='ltr'>u.</span> <span class='ocrx_word' id='word_1_356' title='bbox 833 2567 959 2606; x_wconf 86' lang='lat'>1180.</span> <span class='ocrx_word' id='word_1_357' title='bbox 1009 2566 1220 2617; x_wconf 86' lang='lat' dir='ltr'>Tarquinii</span> <span class='ocrx_word' id='word_1_358' title='bbox 1244 2567 1372 2618; x_wconf 86' lang='lat' dir='ltr'>igitur</span> <span class='ocrx_word' id='word_1_359' title='bbox 1395 2567 1459 2606; x_wconf 89' lang='lat' dir='ltr'>illi</span> <span class='ocrx_word' id='word_1_360' title='bbox 1485 2570 1577 2606; x_wconf 91' lang='lat' dir='ltr'>sunt</span> <span class='ocrx_word' id='word_1_361' title='bbox 1597 2566 1761 2607; x_wconf 88' lang='lat' dir='ltr'>Crassus</span> 
     </span>
     <span class='ocr_line' id='line_1_40' title="bbox 220 2622 1761 2679; baseline 0.003 -18"><span class='ocrx_word' id='word_1_362' title='bbox 220 2622 289 2662; x_wconf 89' lang='lat' dir='ltr'>ille</span> <span class='ocrx_word' id='word_1_363' title='bbox 332 2623 482 2674; x_wconf 87' lang='lat' dir='ltr'>aliique</span> <span class='ocrx_word' id='word_1_364' title='bbox 526 2637 624 2675; x_wconf 91' lang='lat' dir='ltr'>quos</span> <span class='ocrx_word' id='word_1_365' title='bbox 667 2627 835 2664; x_wconf 87' lang='lat' dir='ltr'>uocarat</span> <span class='ocrx_word' id='word_1_366' title='bbox 876 2626 927 2664; x_wconf 89' lang='lat' dir='ltr'>ad</span> <span class='ocrx_word' id='word_1_367' title='bbox 971 2638 1111 2665; x_wconf 87' lang='lat' dir='ltr'>cenam</span> <span class='ocrx_word' id='word_1_368' title='bbox 1156 2627 1336 2666; x_wconf 86' lang='lat' dir='ltr'>homines</span> <span class='ocrx_word' id='word_1_369' title='bbox 1385 2627 1555 2666; x_wconf 87' lang='lat' dir='ltr'>nobiles:</span> <span class='ocrx_word' id='word_1_370' title='bbox 1607 2623 1761 2679; x_wconf 86' lang='lat' dir='ltr'>‘regum</span> 
     </span>
     <span class='ocr_line' id='line_1_41' title="bbox 219 2680 1760 2735; baseline 0.003 -14"><span class='ocrx_word' id='word_1_371' title='bbox 219 2680 404 2733; x_wconf 85' lang='lat' dir='ltr'>prandia’</span> <span class='ocrx_word' id='word_1_372' title='bbox 444 2685 574 2734; x_wconf 87' lang='lat' dir='ltr'>carpit</span> <span class='ocrx_word' id='word_1_373' title='bbox 613 2686 733 2735; x_wconf 87' lang='lat' dir='ltr'>poeta</span> <span class='ocrx_word' id='word_1_374' title='bbox 777 2698 839 2735; x_wconf 87' lang='lat' dir='ltr'>ap.</span> <span class='ocrx_word' id='word_1_375' title='bbox 865 2685 971 2724; x_wconf 89' lang='lat' dir='ltr'>Pers.</span> <span class='ocrx_word' id='word_1_376' title='bbox 996 2686 1017 2724; x_wconf 95' lang='lat' dir='ltr'><strong>I</strong></span> <span class='ocrx_word' id='word_1_377' title='bbox 1044 2687 1110 2725; x_wconf 86' lang='grc'>67.</span> <span class='ocrx_word' id='word_1_378' title='bbox 1168 2689 1405 2726; x_wconf 73' lang='lat' dir='ltr'>contemnere</span> <span class='ocrx_word' id='word_1_379' title='bbox 1444 2699 1485 2726; x_wconf 85' lang='lat' dir='ltr'>se</span> <span class='ocrx_word' id='word_1_380' title='bbox 1527 2687 1760 2726; x_wconf 86' lang='lat' dir='ltr'>Plautinum</span> 
     </span>
     <span class='ocr_line' id='line_1_42' title="bbox 221 2737 1759 2795; baseline 0.003 -15"><span class='ocrx_word' id='word_1_381' title='bbox 221 2737 348 2794; x_wconf 87' lang='lat' dir='ltr'>(Trin.</span> <span class='ocrx_word' id='word_1_382' title='bbox 376 2744 461 2781; x_wconf 83' lang='lat'>322</span> <span class='ocrx_word' id='word_1_383' title='bbox 488 2743 572 2782; x_wconf 87' lang='lat' dir='ltr'>Mil.</span> <span class='ocrx_word' id='word_1_384' title='bbox 602 2740 754 2795; x_wconf 80' lang='lat'>1236):</span> <span class='ocrx_word' id='word_1_385' title='bbox 799 2741 863 2783; x_wconf 83' lang='lat' dir='ltr'>‘ne</span> <span class='ocrx_word' id='word_1_386' title='bbox 906 2758 968 2784; x_wconf 84' lang='lat' dir='ltr'>me</span> <span class='ocrx_word' id='word_1_387' title='bbox 1014 2745 1174 2795; x_wconf 87' lang='lat' dir='ltr'>quidem</span> <span class='ocrx_word' id='word_1_388' title='bbox 1217 2743 1441 2785; x_wconf 90' lang='lat' dir='ltr'>contemno’</span> <span class='ocrx_word' id='word_1_389' title='bbox 1481 2746 1559 2785; x_wconf 89' lang='lat' dir='ltr'>Cic.</span> <span class='ocrx_word' id='word_1_390' title='bbox 1591 2747 1642 2785; x_wconf 86' lang='lat' dir='ltr'>ad</span> <span class='ocrx_word' id='word_1_391' title='bbox 1674 2746 1759 2785; x_wconf 89' lang='lat' dir='ltr'>Att.</span> 
     </span>
     <span class='ocr_line' id='line_1_43' title="bbox 219 2799 1759 2858; baseline 0.003 -19"><span class='ocrx_word' id='word_1_392' title='bbox 219 2800 298 2839; x_wconf 74' lang='lat' dir='ltr'>m</span> <span class='ocrx_word' id='word_1_393' title='bbox 325 2803 393 2850; x_wconf 88' lang='grc'>21,</span> <span class='ocrx_word' id='word_1_394' title='bbox 420 2802 457 2840; x_wconf 83' lang='grc'>5.</span> <span class='ocrx_word' id='word_1_395' title='bbox 525 2802 622 2842; x_wconf 91' lang='lat' dir='ltr'>Post</span> <span class='ocrx_word' id='word_1_396' title='bbox 658 2802 805 2842; x_wconf 85' lang='lat' dir='ltr'>Lucilii</span> <span class='ocrx_word' id='word_1_397' title='bbox 841 2816 1002 2843; x_wconf 90' lang='lat' dir='ltr'>uersum</span> <span class='ocrx_word' id='word_1_398' title='bbox 1040 2799 1196 2857; x_wconf 85' lang='lat' dir='ltr'>(incert.</span> <span class='ocrx_word' id='word_1_399' title='bbox 1222 2819 1260 2844; x_wconf 90' lang='lat' dir='ltr'>u.</span> <span class='ocrx_word' id='word_1_400' title='bbox 1289 2800 1423 2858; x_wconf 87' lang='grc'><strong>1280)</strong></span> <span class='ocrx_word' id='word_1_401' title='bbox 1469 2817 1561 2844; x_wconf 90' lang='lat' dir='ltr'>cum</span> <span class='ocrx_word' id='word_1_402' title='bbox 1599 2805 1678 2844; x_wconf 92' lang='lat' dir='ltr'>Cic.</span> <span class='ocrx_word' id='word_1_403' title='bbox 1711 2806 1759 2844; x_wconf 88' lang='lat' dir='ltr'>de</span> 
     </span>
     <span class='ocr_line' id='line_1_44' title="bbox 221 2860 1759 2915; baseline 0.003 -17"><span class='ocrx_word' id='word_1_404' title='bbox 221 2862 319 2899; x_wconf 89' lang='lat' dir='ltr'>orat.</span> <span class='ocrx_word' id='word_1_405' title='bbox 345 2860 388 2899; x_wconf 88' lang='grc' dir='ltr'>Π</span> <span class='ocrx_word' id='word_1_406' title='bbox 414 2862 499 2900; x_wconf 83' lang='grc'>254</span> <span class='ocrx_word' id='word_1_407' title='bbox 542 2862 649 2901; x_wconf 87' lang='lat' dir='ltr'>idem</span> <span class='ocrx_word' id='word_1_408' title='bbox 691 2875 815 2914; x_wconf 85' lang='lat' dir='ltr'>genus</span> <span class='ocrx_word' id='word_1_409' title='bbox 863 2864 942 2902; x_wconf 89' lang='lat' dir='ltr'>ioci</span> <span class='ocrx_word' id='word_1_410' title='bbox 991 2863 1170 2915; x_wconf 86' lang='lat' dir='ltr'>ambigui</span> <span class='ocrx_word' id='word_1_411' title='bbox 1214 2864 1357 2914; x_wconf 89' lang='lat' dir='ltr'>quibus</span> <span class='ocrx_word' id='word_1_412' title='bbox 1404 2865 1620 2914; x_wconf 79' lang='lat' dir='ltr'>explicaret</span> <span class='ocrx_word' id='word_1_413' title='bbox 1662 2865 1759 2904; x_wconf 86' lang='lat' dir='ltr'>haec</span> 
     </span>
     <span class='ocr_line' id='line_1_45' title="bbox 220 2917 1758 2973; baseline 0.004 -16"><span class='ocrx_word' id='word_1_414' title='bbox 220 2919 369 2958; x_wconf 89' lang='lat' dir='ltr'>scribat</span> <span class='ocrx_word' id='word_1_415' title='bbox 400 2917 461 2959; x_wconf 78' lang='lat' dir='ltr'>‘ut</span> <span class='ocrx_word' id='word_1_416' title='bbox 490 2922 583 2960; x_wconf 89' lang='lat' dir='ltr'>tuus</span> <span class='ocrx_word' id='word_1_417' title='bbox 615 2922 784 2972; x_wconf 89' lang='lat' dir='ltr'>amicus,</span> <span class='ocrx_word' id='word_1_418' title='bbox 822 2921 979 2972; x_wconf 89' lang='lat' dir='ltr'>Crasse,</span> <span class='ocrx_word' id='word_1_419' title='bbox 1021 2921 1192 2962; x_wconf 86' lang='lat' dir='ltr'>Granius</span> <span class='ocrx_word' id='word_1_420' title='bbox 1231 2920 1341 2962; x_wconf 81' lang='lat' dir='ltr'>“non</span> <span class='ocrx_word' id='word_1_421' title='bbox 1375 2936 1458 2963; x_wconf 90' lang='lat' dir='ltr'>esse</span> <span class='ocrx_word' id='word_1_422' title='bbox 1489 2921 1714 2964; x_wconf 83' lang='lat' dir='ltr'>sextantis”</span> <span class='ocrx_word' id='word_1_423' title='bbox 1733 2922 1758 2973; x_wconf 91' lang='lat'>&#39;,</span> 
     </span>
     <span class='ocr_line' id='line_1_46' title="bbox 220 2979 1758 3034; baseline 0.003 -16"><span class='ocrx_word' id='word_1_424' title='bbox 220 2979 430 3030; x_wconf 88' lang='lat' dir='ltr'>suspiceris</span> <span class='ocrx_word' id='word_1_425' title='bbox 459 2980 593 3020; x_wconf 86' lang='lat' dir='ltr'>iocum</span> <span class='ocrx_word' id='word_1_426' title='bbox 620 2993 704 3021; x_wconf 88' lang='lat' dir='ltr'>esse</span> <span class='ocrx_word' id='word_1_427' title='bbox 729 2994 775 3021; x_wconf 86' lang='lat' dir='ltr'>ex</span> <span class='ocrx_word' id='word_1_428' title='bbox 801 2981 939 3021; x_wconf 88' lang='lat' dir='ltr'>eodem</span> <span class='ocrx_word' id='word_1_429' title='bbox 963 2981 1065 3022; x_wconf 87' lang='lat' dir='ltr'>libro</span> <span class='ocrx_word' id='word_1_430' title='bbox 1090 2982 1235 3022; x_wconf 84' lang='lat' dir='ltr'>Lucilii</span> <span class='ocrx_word' id='word_1_431' title='bbox 1260 2983 1431 3034; x_wconf 89' lang='lat' dir='ltr'>petitum</span> <span class='ocrx_word' id='word_1_432' title='bbox 1455 2983 1524 3023; x_wconf 86' lang='lat' dir='ltr'>sed</span> <span class='ocrx_word' id='word_1_433' title='bbox 1549 2984 1758 3034; x_wconf 82' lang='lat' dir='ltr'>paululum</span> 
     </span>
    </p>
   </div>
  </div>
 </body>
</html>
