2060 3444
806 253 876 299 ,VII
902 266 937 291 u.
966 256 1166 291 293—295.
1678 252 1761 295 111

214 369 443 411 tabularum
474 370 537 409 ΠΙ
565 371 586 409 1
623 369 785 409 Brunsii
832 366 950 409 ‘aeris
996 369 1166 408 confessi
1210 367 1405 419 rebusque
1448 369 1534 407 iure
1575 367 1764 407 iudicatis

213 431 324 471 XXX
367 430 451 470 dies
501 431 599 469 iusti
642 427 795 469 sunto’:
846 443 967 481 quam
1018 430 1258 469 uarietatem
1303 441 1466 468 casuum
1515 441 1594 467 non
1636 428 1765 479 magis

215 491 469 541 mirabimur,
520 503 641 541 quam
690 503 779 530 cum
830 491 1001 542 legimus
1045 489 1281 540 Pompeium
1324 489 1446 528 fuisse
1492 485 1587 528 ‘oris
1637 488 1765 540 probi,

215 553 348 592 animo
398 548 694 590 inuerecundo’.
770 550 988 590 Genetiuus
1040 549 1247 590 absolutus
1297 551 1447 588 mansit
1496 550 1537 587 in
1585 561 1765 588 sermone

214 611 376 665 uulgari
426 611 520 650 bell.
539 611 653 662 Hisp.
678 612 745 661 14,
774 606 830 664 1).

335 666 398 712 29
435 699 447 712 .
479 671 634 711 Nonius
661 683 709 710 ex
730 673 994 724 grammatico
1019 685 1056 722 p.
1082 671 1179 720 139,
1201 670 1224 708 5
1249 666 1478 721 ‘Muginari,
1504 682 1763 708 murmurare.

214 731 394 772 Lucilius
431 732 498 771 lib.
519 732 599 771 VII
638 724 927 784 “muginamur
963 732 1144 770 molimus
1181 726 1499 770 subducimur”.'
1570 729 1680 768 Idem
1719 743 1766 769 ex

216 792 354 832 eodem
385 806 422 843 p.
445 793 544 842 346,
574 793 627 831 14
662 789 831 842 ‘Moliri‚
861 792 1055 841 retinere,
1086 791 1237 830 morari
1269 802 1315 829 ac
1346 791 1562 842 repigrare.
1597 821 1604 828 .
1628 822 1634 828 .
1658 821 1665 828 .
1685 790 1764 828 Lu-

215 853 332 892 cilius
363 852 431 891 lib.
458 852 537 891 VII
570 849 816 892 ‘mutuamur
852 852 1042 891 molimur
1079 845 1242 905 (olimur
1278 850 1484 890 Leidensis
1515 864 1566 889 m.
1597 845 1642 904 1)
1675 850 1765 889 sub-

216 909 457 952 ducimur'’.'
528 913 635 951 Dum
672 914 929 964 muginamur
966 913 1006 951 et
1043 923 1258 957 cessamus,
1299 910 1394 949 dum
1432 923 1540 950 noua
1577 911 1767 949 molimur

216 974 489 1024 praesentium
533 974 826 1024 contemptores
863 972 1076 1021 bonorum,
1119 971 1312 1011 uitalibus
1351 972 1458 1010 auris
1498 970 1764 1010 subducimur.

216 1033 421 1086 Muginari
453 1033 692 1073 uocabulum
725 1032 862 1072 Cicero
895 1032 1080 1071 adhibuit
1111 1032 1162 1071 ad
1193 1031 1279 1070 Att.
1298 1031 1394 1070 XVI
1424 1033 1476 1070 12
1512 1028 1575 1070 ‘de
1616 1030 1765 1080 Ocella,

216 1092 311 1132 dum
347 1095 394 1132 tu
431 1095 652 1145 muginaris
689 1105 761 1132 nec
798 1093 899 1132 mihi
937 1094 1151 1143 quicquam
1188 1091 1391 1141 rescribis,
1429 1093 1518 1142 cepi
1555 1092 1765 1131 consilium

216 1150 492 1193 domesticum’
519 1154 623 1193 unde
649 1154 818 1204 apparet
848 1154 954 1192 recte
980 1152 1157 1192 Nonium
1181 1152 1442 1202 interpretari
1472 1152 1497 1190 l.
1519 1163 1547 1190 s.
1568 1164 1597 1191 s.
1645 1151 1766 1190 Gellii

216 1213 349 1253 locum
373 1213 410 1251 V
439 1215 512 1264 16,
540 1215 564 1253 5
603 1215 811 1265 praeterea
851 1213 992 1252 attulit
1028 1212 1326 1252 Lachmannus:
1368 1213 1438 1263 qui
1476 1212 1527 1251 ad
1565 1211 1766 1251 Ciceronis

215 1273 339 1313 uerba
376 1287 412 1324 q.
434 1286 462 1313 s.
484 1287 513 1314 s.
534 1286 563 1314 s.
597 1275 734 1325 aperte
779 1273 1022 1324 compositus
1061 1275 1139 1313 est:
1186 1269 1269 1312 ‘sed
1307 1275 1347 1312 et
1387 1273 1452 1311 hic
1490 1285 1614 1323 aeque
1654 1268 1765 1327 (βαρ,-

216 1329 335 1388 codd)
367 1347 446 1374 non
479 1334 630 1374 diutius
656 1333 945 1387 muginandum
972 1333 1226 1384 eiusdemque
1252 1333 1362 1372 illius
1387 1333 1565 1372 Enniani
1588 1333 1766 1384 Neopto-

216 1394 312 1434 lemi
348 1394 396 1433 de
435 1407 514 1445 quo
551 1407 673 1445 supra
710 1396 940 1446 scripsimus
980 1394 1146 1433 consilio
1187 1393 1380 1432 utendum
1413 1395 1474 1432 est
1505 1390 1590 1443 qui'
1626 1407 1655 1433 e.
1679 1407 1714 1443 q.
1735 1405 1764 1432 s.

217 1454 526 1507 Elegantissime
558 1456 680 1506 poeta
711 1467 850 1495 senum
874 1456 1121 1494 moratorum
1147 1454 1410 1493 cessationem
1435 1466 1553 1492 uersu
1579 1454 1765 1505 spondeis

217 1514 367 1554 elumbi
422 1516 616 1566 expressit
673 1528 791 1566 quem
847 1527 1006 1555 uersum
1061 1528 1186 1553 unum
1241 1513 1520 1554 tantummodo
1578 1513 1765 1553 habuisse

218 1574 423 1626 dactylum
455 1576 634 1626 apparet.

339 1629 450 1676 295.
481 1635 636 1675 Nonius
668 1650 706 1686 p.
728 1636 826 1684 257,
855 1636 910 1674 24
938 1629 977 1688 (Ι
1001 1649 1039 1686 p.
1062 1635 1162 1684 400,
1188 1635 1242 1673 45
1270 1628 1472 1687 Muelleri)
1505 1631 1766 1684 ‘Oonponere,

219 1694 417 1746 colligere.
474 1695 527 1734 M.
547 1695 704 1734 Tullius
735 1695 777 1734 in
802 1694 985 1734 Verrinis
1013 1725 1020 1733 .
1043 1726 1049 1733 .
1073 1725 1079 1733 .
1109 1691 1189 1733 “ex
1221 1694 1362 1734 alienis
1394 1693 1642 1734 orationibus
1674 1706 1765 1733 con-

218 1756 396 1806 positum
439 1752 594 1795 dedit''.
671 1754 768 1795 Oalx
819 1757 880 1794 est
921 1754 1023 1794 finis.
1094 1754 1276 1794 Lucilius
1321 1756 1549 1805 satyrarum
1591 1754 1660 1792 lib.
1687 1753 1767 1792 VII

221 1812 482 1865 “calcemque
506 1817 604 1855 terit
621 1816 705 1854 iam
724 1816 831 1855 calce
853 1811 1056 1854 Diores'’.’
1108 1815 1172 1853 Ita
1191 1814 1408 1854 Leidensis.
1430 1814 1765 1865 Guelferbytanus

218 1887 292 1926 pro
325 1871 519 1914 ‘Lucilius
559 1897 615 1902 —
654 1872 747 1914 VII'
786 1875 909 1915 habet
947 1873 1153 1925 emendate
1192 1872 1311 1927 ‘uirg.
1337 1874 1405 1914 lib.
1425 1872 1492 1924 V',
1523 1874 1765 1914 Harleianus

221 1933 416 1974 ‘Lucilius
447 1937 675 1986 satyrarum
706 1935 774 1975 lib.
794 1935 873 1974 VII
903 1935 979 1975 hoc
1005 1936 1065 1974 est
1090 1947 1179 1974 cum
1205 1935 1255 1974 ad
1282 1936 1467 1986 uirgilius
1500 1947 1586 1974 aen.
1611 1934 1678 1973 lib.
1699 1932 1765 1985 V’,

220 1997 332 2035 cuius
358 1996 486 2035 altera
511 2008 652 2035 manus
678 1996 891 2035 lectionem
917 1994 1221 2046 Guelferbytani
1248 1995 1391 2035 deletis
1416 1994 1549 2034 uerbis
1571 1992 1765 2034 ‘Lucilius

252 2086 260 2094 .
282 2087 289 2094 .
317 2052 382 2096 ad'
417 2058 457 2095 et
483 2053 588 2095 ‘aen’
615 2057 805 2096 restituit.
855 2055 892 2094 A
917 2055 1123 2095 Leidensis
1150 2055 1297 2095 codicis
1322 2057 1493 2094 lectione
1526 2055 1766 2095 difficillima

218 2115 546 2166 proficiscendum
584 2128 666 2156 esse
705 2118 746 2155 et
775 2116 949 2167 Vergilii
979 2128 1124 2154 nomen
1155 2116 1364 2167 locumque
1396 2129 1420 2155 a
1451 2115 1568 2155 docto
1599 2115 1765 2155 librario

220 2176 466 2228 adscriptum
509 2177 632 2216 fuisse
679 2176 870 2225 arbitror,
919 2177 1032 2215 cuius
1081 2176 1223 2215 scholii
1271 2176 1395 2215 uerba
1438 2178 1534 2215 sunt
1577 2178 1766 2226 corrupta

219 2235 402 2275 habenda
433 2236 505 2275 illa
537 2249 638 2286 quae
671 2237 814 2276 desunt
844 2238 887 2275 in
918 2236 1103 2275 Leidensi
1133 2237 1202 2276 hoc
1233 2239 1289 2275 est
1318 2249 1405 2275 cum
1437 2236 1491 2275 ad
1516 2237 1557 2275 et
1580 2237 1765 2285 uirqilius

220 2296 284 2335 lib.
313 2296 357 2336 V.
418 2296 629 2336 Probabile
660 2297 787 2348 igitur
818 2298 879 2336 est
911 2296 1171 2346 archetypum
1202 2296 1300 2335 haec
1331 2297 1413 2335 fere
1438 2296 1624 2335 habuisse
1651 2293 1765 2335 ‘Calx

221 2357 282 2395 est
320 2355 421 2396 finis.
489 2356 668 2396 Lucilius
712 2358 940 2407 satyrarum
982 2355 1051 2395 lib.
1077 2356 1157 2394 VH
1201 2353 1460 2406 “calcemque
1495 2386 1531 2395 ..
1553 2353 1594 2394 .'’
1668 2349 1765 2394 Gali

221 2417 342 2455 etiam
387 2417 563 2455 extrema
605 2429 698 2467 pars
735 2417 894 2468 pedum.
961 2415 1164 2468 Vergilius
1202 2416 1269 2457 lib.
1295 2416 1332 2453 V
1372 2413 1632 2466 “calcemque
1669 2416 1766 2454 terit

221 2477 303 2515 iam
340 2476 447 2515 calce
485 2473 694 2516 Diones''.'
758 2477 975 2516 Muellerus
1012 2477 1055 2515 in
1092 2476 1224 2516 uerbis
1264 2477 1346 2515 illis
1378 2489 1483 2526 quae
1513 2477 1574 2515 ita
1605 2477 1765 2526 supplet

224 2532 307 2575 ‘hoc
350 2537 405 2575 est
445 2548 532 2576 cum
577 2537 630 2576 ad
673 2534 818 2588 <finem
856 2538 1021 2576 uentum
1059 2533 1148 2588 est>
1184 2539 1318 2576 censet
1358 2536 1648 2588 agnoscendam
1681 2548 1765 2575 esse

222 2595 369 2634 Lucilii
399 2608 536 2636 uersus
569 2598 654 2636 eius
686 2598 756 2647 qui
786 2598 909 2648 periit
932 2596 1306 2647 interpretationem
1338 2609 1363 2636 a
1387 2596 1520 2635 Nonio
1544 2597 1765 2646 profectam

222 2654 281 2694 ita
313 2657 358 2694 ut
388 2658 509 2707 poeta
539 2658 760 2708 scripseritt
794 2654 898 2696 ‘cum
931 2656 982 2695 ad
1012 2657 1160 2696 calcem
1191 2654 1423 2697 uentumst’.
