2060 3444
803 249 967 286 ‚xxvm
992 261 1039 285 u..
1058 252 1260 290 752—755.
1724 247 1827 291 269.

259 365 410 404 stantia
450 363 596 404 codicis
634 363 842 403 Leidensis
886 364 1058 403 maxime
1098 365 1266 415 apparet
1302 364 1377 403 hoc
1418 364 1523 414 loco,
1568 365 1638 415 qui
1681 363 1813 414 prima

243 438 379 464 manu
410 425 603 476 scriptum
634 424 782 464 habeat
806 427 1068 474 praeutacton
1098 424 1181 463 fere
1219 426 1342 474 recte,
1381 424 1556 463 secunda
1592 425 1691 463 item
1728 423 1810 462 fere

256 488 364 525 recte
387 488 639 535 pareutaton,
674 483 1011 536 Guelferbytanus
1044 487 1194 535 contra,
1226 485 1324 524 item
1356 498 1473 535 quem
1505 485 1623 523 multi
1654 484 1810 536 praedi-

258 547 352 585 cant
376 545 617 585 Harleianus
651 546 721 585 alii
752 545 901 585 habent
932 546 1079 585 falsum
1110 544 1213 584 illud
1234 548 1474 594 parectaton.
1525 545 1602 584 Pro
1629 546 1810 584 uicesimo

256 609 368 646 tuwm
404 606 540 657 posuit
582 608 766 646 uicesimo
800 606 919 646 VIII
955 605 1221 658 probabiliter
1263 605 1490 645 Muellerus.
1559 605 1618 644 De
1663 605 1811 644 Atticis

256 666 433 706 moribus
467 667 533 719 agi
565 668 790 718 expositum
822 668 883 706 est
914 679 1036 718 supra
1068 666 1118 705 ad
1150 666 1218 707 lib.
1243 666 1302 705 IX
1328 680 1365 705 u.
1393 667 1493 705 321.

380 722 489 767 753.
521 727 677 766 Nonius
709 741 748 778 p.
775 727 875 777 478,
903 728 957 766 28
999 724 1158 766 ‘Volam
1201 739 1274 777 pro
1314 727 1449 765 uelim.
1518 726 1702 765 Lucilius
1741 725 1809 764 lib.

257 787 431 826 XXVHI
463 784 622 827 “etdola
643 819 650 826 .
674 819 681 826 .
703 819 710 826 .
732 784 928 827 uolam²'.'
965 788 1120 839 ‚Neque
1153 799 1291 827 sensus
1325 788 1394 838 qui
1419 788 1473 826 sit
1499 788 1657 826 constat
1682 799 1809 837 neque

257 849 393 887 utrum
423 850 543 899 poeta
573 849 659 899 ipse
695 862 746 888 an
785 848 867 887 alia
903 861 1075 899 persona
1111 849 1314 899 loquatur.
1380 847 1421 886 Si
1459 849 1566 887 recte
1605 847 1809 899 intellego,

257 909 356 948 dicit
392 907 585 948 Albucius
631 909 778 960 aliquis
816 921 899 949 sese
937 909 1041 948 uelle
1086 910 1245 948 uincere
1282 908 1449 959 Epicuri
1493 908 1717 947 doctrinam
1762 907 1809 946 de

258 971 401 1008 atomis
431 971 470 1008 et
496 969 544 1009 de
570 982 757 1009 sensuum
782 971 954 1008 ueritate
978 970 1156 1020 reliquas
1182 969 1229 1008 de
1255 969 1330 1008 hac
1356 982 1397 1008 re
1424 968 1627 1008 doctrinas
1654 981 1808 1008 omnes:

229 1083 232 1085 Ι
259 1042 337 1080 qua
370 1029 417 1068 de
449 1043 491 1068 re
530 1030 581 1068 ad
612 1029 813 1069 Lucilium
851 1031 1012 1081 scripsit
1044 1029 1315 1070 Clitomachus
1347 1029 1610 1069 Academicus
1649 1030 1810 1067 auctore

260 1089 337 1129 Cic.
364 1090 487 1129 Acad.
514 1090 556 1129 II
585 1091 681 1130 102.

381 1145 490 1191 754.
515 1151 671 1190 Nonius
690 1164 728 1202 p.
743 1152 843 1200 410,
859 1151 882 1189 6
907 1147 1078 1200 ‘Tristis,
1099 1151 1250 1190 doctus.
1273 1182 1279 1188 .
1297 1183 1303 1189 .
1321 1182 1327 1189 .
1344 1150 1527 1189 Lucilius
1546 1150 1615 1189 lib.
1635 1149 1811 1188 XXVIII

259 1207 392 1249 “adde
420 1242 427 1249 .
456 1242 463 1249 .
492 1242 498 1249 .
525 1208 848 1262 philosophus'’.'
894 1211 1150 1261 philosophus
1177 1209 1227 1262 Gr,
1265 1211 1444 1260 filosofus
1468 1211 1501 1250 L
1528 1225 1578 1250 m.
1609 1213 1651 1261 1,
1683 1211 1811 1260 philo-

255 1273 367 1320 sof'us
391 1271 423 1310 L
450 1285 501 1310 m.
530 1273 554 1310 2
625 1272 775 1324 Agitur
818 1272 867 1311 de
902 1272 1126 1311 Xenocrate
1171 1272 1219 1311 de
1264 1285 1343 1322 quo
1382 1271 1498 1323 Diog.
1537 1271 1670 1310 Laert.
1696 1271 1756 1309 IV
1783 1272 1807 1309 6

257 1330 400 1384 σεμνὸς
432 1329 473 1371 δὲ
499 1332 545 1371 τά
570 1347 609 1371 τε
635 1330 732 1371 ἄλλοι
758 1330 1007 1386 Ξενοκράτης
1032 1330 1098 1372 καὶ
1125 1330 1368 1385 σκυθρωπὸς
1394 1330 1464 1371 ἀεί.
1515 1332 1656 1382 Lysim
1679 1331 1809 1382 philo-

258 1392 426 1443 sophum
462 1392 760 1444 Pythagoreum
802 1394 983 1444 appellat
1022 1393 1158 1444 Nepos
1197 1394 1381 1444 Epamin.
1408 1393 1450 1431 H
1479 1394 1501 1431 2
1547 1389 1720 1431 ‘tristem
1764 1405 1809 1431 ac

257 1465 440 1491 seuerum
471 1450 634 1492 senem'.
684 1453 745 1492 De
777 1453 924 1493 Lucilii
955 1456 995 1493 et
1026 1453 1179 1493 Laertii
1212 1455 1373 1493 auctore
1405 1454 1608 1493 communi
1638 1452 1732 1491 uide
1759 1452 1809 1490 ad

257 1526 294 1551 u.
324 1514 420 1552 742.

380 1568 489 1614 755.
521 1574 676 1614 Nonius
701 1588 738 1625 p.
767 1576 866 1625 414,
896 1576 950 1613 14
985 1572 1302 1624 ‘Transmittere‚
1334 1575 1504 1625 tradere,
1542 1568 1618 1628 (ita
1644 1573 1810 1613 Iunius:

258 1634 415 1673 trahere
460 1628 575 1688 codd)
621 1635 906 1685 derelinquere.
975 1635 1153 1674 Lucilius
1191 1635 1259 1674 lib.
1286 1634 1462 1673 XXVIII
1506 1630 1723 1685 “polemon
1770 1636 1810 1673 et

259 1695 413 1732 amauit
460 1698 621 1733 mortem
670 1695 762 1734 huic
811 1696 1037 1734 transmisit
1086 1707 1200 1734 suam
1244 1696 1397 1735 scotlem
1442 1708 1563 1745 quam
1607 1691 1806 1734 dicunt''.'

258 1754 408 1805 Agitur
439 1755 487 1793 de
525 1757 771 1794 successione
809 1755 918 1795 facta
955 1757 999 1795 in
1036 1756 1172 1795 schola
1209 1755 1467 1795 Academica:
1505 1768 1646 1806 nempe
1689 1757 1810 1805 poeta

260 1814 500 1854 Clitomachi
531 1817 682 1854 amicus
716 1817 874 1868 egregie
905 1816 1068 1855 uidetur
1105 1815 1305 1855 studuisse
1337 1815 1578 1854 Academiae
1616 1815 1808 1854 historiae

258 1876 418 1915 ueteris.
470 1875 548 1915 Sed
580 1877 787 1926 quaeritur
817 1878 953 1915 utrum
985 1876 1210 1916 Polemonis
1242 1890 1332 1916 cum
1363 1876 1558 1928 magistro
1587 1877 1809 1915 Xenocrate

259 1948 310 1974 an
354 1948 445 1974 cum
491 1935 650 1976 Cratete
694 1937 890 1987 discipulo
935 1936 1263 1976 consuetudinem
1306 1950 1428 1987 quam
1471 1937 1614 1975 habuit
1657 1938 1810 1987 spectet

257 1997 388 2046 poeta.
417 1996 421 2003 “
452 1996 595 2036 Tradit
626 1998 732 2036 enim
763 1997 881 2049 Diog.
907 1997 1040 2036 Laert.
1066 1997 1125 2036 IV
1154 1999 1206 2036 19
1242 1994 1295 2045 ὡς
1327 1994 1438 2053 ἐῴκει
1470 1996 1520 2048 δὴ
1548 1994 1582 2044 ,ὅ
1615 1994 1809 2048 Πολέμων

258 2055 356 2095 κατὰ
387 2055 516 2096 πάντα
551 2055 732 2109 ἐζηλώκει
769 2056 838 2097 τὸν
870 2055 1137 2111 Ξενοκράτην·
1175 2054 1281 2111 <ὃν>
1318 2056 1385 2097 καὶ
1423 2055 1645 2111 ἐρασθῆναι
1684 2055 1808 2096 αὐτοῦ

259 2127 385 2168 φησιν
425 2112 678 2171 Ἀρίστιππος
721 2116 764 2157 ἐν
806 2117 973 2175 τετάρτῳ
1017 2117 1106 2172 περὶ
1149 2120 1320 2166 παλαιᾶς
1362 2123 1529 2173 τρυφῆς.
1604 2117 1717 2156 Idem
1762 2117 1809 2156 de

261 2175 420 2216 Cratete
449 2179 501 2216 21
542 2177 703 2231 Κράτης
740 2177 887 2232 πατρὸς
925 2176 996 2231 μὲν
1038 2173 1089 2230 ἦν
1125 2174 1373 2232 Ἀντιγένους
1402 2211 1408 2217 .
1437 2209 1445 2218 .
1473 2210 1480 2217 .
1507 2176 1574 2217 καὶ
1611 2176 1809 2232 ἀκροατὴς

259 2235 340 2288 ἅμα
365 2235 431 2277 καὶ
457 2236 652 2291 ἐρώμενος
680 2237 930 2291 Πολέμωνος.
975 2237 1072 2278 ἀλλὰ
1097 2237 1164 2278 καὶ
1190 2236 1386 2286 διεδέξατο
1413 2237 1487 2290 τὴν
1513 2236 1658 2291 σχολὴν
1684 2236 1809 2277 αὐτοῦ

262 2292 466 2351 (Academ.
499 2298 642 2348 philos.
674 2298 793 2337 index
824 2299 1038 2338 Herculan.
1064 2312 1102 2349 p.
1132 2299 1205 2349 56,
1235 2301 1301 2338 31.
1336 2299 1409 2350 58,
1438 2300 1463 2338 8
1484 2293 1685 2353 Mekleri).
1754 2298 1811 2336 At

260 2357 378 2396 facile
408 2358 659 2410 intellegitur
688 2359 852 2398 minime
882 2360 1088 2410 probabile
1122 2372 1205 2398 esse
1235 2359 1326 2410 illa,
1366 2372 1469 2409 quae
1503 2359 1610 2398 solus
1636 2358 1810 2398 Pseuda-

260 2419 454 2469 ristippus
486 2418 553 2457 ille
585 2419 798 2458 tradiderit
827 2421 978 2470 inepta,
1011 2433 1035 2458 a
1059 2419 1216 2459 Lucilio
1242 2420 1318 2459 hoc
1342 2420 1430 2458 loco
1456 2420 1625 2469 narrari,
1657 2419 1737 2468 sed,
1768 2419 1810 2456 id

261 2478 367 2528 quod
399 2478 572 2518 traditus
603 2481 646 2518 in
678 2480 779 2518 codd
810 2481 1083 2519 nominatiuus
1115 2480 1299 2520 Polemon
1335 2479 1603 2529 commendat,
1642 2479 1708 2530 agi
1745 2479 1809 2518 hic

261 2537 308 2576 de
341 2551 475 2578 amore
505 2541 530 2578 i.
559 2552 589 2578 e.
623 2540 670 2579 de
703 2540 882 2580 amicitia
913 2540 1140 2579 Polemonis
1179 2553 1268 2579 cum
1309 2539 1468 2579 Gratete
1506 2539 1702 2589 discipulo
1740 2552 1808 2578 no-

260 2599 428 2649 tissima,
460 2599 508 2638 de
541 2613 621 2650 qua
651 2600 781 2640 multa
813 2600 1012 2652 Diogenes
1039 2601 1064 2640 1.
1091 2613 1120 2640 s.
1148 2599 1214 2640 καὶ
1246 2599 1371 2648 οὕτως
1403 2598 1556 2652 ἀλλήλω
1593 2597 1810 2651 ὠφελείτην

262 2657 357 2698 ὥστε
389 2657 456 2699 καὶ
488 2660 604 2708 ζῶντε
636 2658 684 2700 οὐ
721 2660 846 2713 μόνον
883 2666 962 2700 τῶν
1000 2659 1133 2700 αὐτῶν
1170 2658 1296 2713 ἤστην
1334 2659 1675 2713 ἐπιτηδευμάτων,
1713 2657 1810 2699 ἀλλὰ

261 2717 327 2758 καὶ
360 2717 468 2773 μέχρι
499 2719 638 2772 σχεδὸν
660 2718 877 2773 ’ἀναπνοῆς
909 2719 1214 2773 ἕξωμοιούσθην
1239 2719 1426 2772 ἀλλήλοιν
1451 2719 1517 2760 καὶ
1542 2719 1715 2760 θανόντε
1741 2725 1811 2772 τῆς

262 2777 386 2830 αὐτῆς
417 2785 547 2832 ταφῆς
579 2778 857 2832 ἐκοινωνείτην
885 2782 938 2819 22
972 2780 1092 2820 ἔνθεν
1123 2779 1189 2820 καὶ
1216 2776 1468 2834 Ἀρκεσίλαον
1496 2812 1503 2819 .
1526 2811 1533 2819 .
1556 2811 1563 2818 .
1590 2778 1727 2833 λέγειν,
1757 2777 1810 2826 ὡς

262 2833 341 2877 εἶεν
360 2839 452 2878 θεοί
468 2853 570 2887 τινες
590 2837 616 2892 ἢ
636 2840 807 2891 λείψανα
826 2846 904 2879 τῶν
923 2839 968 2880 ἐκ
985 2846 1056 2880 τοῦ
1076 2847 1222 2894 χρυσοῦ
1242 2839 1384 2894 γένους
1404 2836 1519 2895 (conf
1528 2840 1715 2879 Academ.
1730 2840 1809 2878 ind.

262 2911 299 2948 p.
329 2893 416 2952 56).
467 2898 616 2937 Parum
647 2902 753 2939 recte
778 2902 906 2951 igitur
929 2896 1212 2940 Lachmannus
1238 2900 1289 2939 ad
1317 2900 1474 2939 Lucret.
1501 2914 1538 2950 p.
1569 2901 1654 2938 170
1682 2897 1809 2938 ‘Pole-

263 2971 384 2997 mona
410 2959 575 3009 amauit,
600 2962 726 2999 morte
749 2960 843 2999 huic
868 2961 1094 2999 transmisit
1119 2973 1232 2999 suam
1259 2957 1448 2999 scholen':
1475 2960 1546 3010 qui
1572 2959 1679 3010 quod
1704 2962 1811 2999 recte

263 3019 442 3069 posuisse
475 3019 635 3058 uidetur
664 3016 796 3071 morte,
828 3019 1031 3059 ablatiuus
1064 3020 1157 3059 licet
1188 3021 1241 3059 sit
1271 3021 1517 3070 durissimus,
1547 3021 1597 3058 in'
1617 3020 1811 3059 eiusmodi
