2060 3444
266 248 288 290 1
296 249 352 291 70
853 247 939 283 XIV
960 261 994 284 u.
1023 251 1222 285 456—459.

384 357 494 402 456.
527 362 680 400 Nonius
705 376 743 412 p.
765 363 864 411 477,
892 362 947 401 10
974 358 1254 401 ‘Manducatur
1278 375 1349 413 pro
1375 362 1599 402 manducat.
1697 361 1802 400 idem

263 423 328 461 lib.
355 421 475 460 XIIII
508 418 630 460 “cum
659 421 763 460 illud
783 452 791 460 .
813 453 821 461 .
844 452 850 459 .
873 418 999 463 ore”.'
1052 421 1288 462 Cenabimus
1318 422 1429 472 bene,
1461 436 1551 462 cum
1577 421 1678 460 illud
1705 421 1802 472 quid

262 482 397 531 faciat,
429 481 534 532 quod
565 481 853 520 manducamur
882 481 925 521 in
956 495 1033 532 ore,
1066 494 1144 533 quo
1173 483 1279 522 stare
1304 483 1431 534 possit
1455 494 1596 534 corpus
1620 483 1801 521 nostrum

262 544 302 580 et
351 541 541 580 ualetudo
591 543 738 581 nostra.
817 541 921 591 Quid
967 555 1040 592 pro
1090 543 1242 591 aliquid
1290 556 1380 582 cum
1427 543 1557 592 facere
1604 540 1800 581 uocabulo

262 601 376 641 Lucr.
402 601 422 640 I
449 602 535 641 440
562 597 650 640 ‘aut
672 602 795 641 faciet
820 599 931 652 quid’
961 600 1038 642 Cic.
1065 602 1113 641 de
1138 601 1260 641 diuin.
1286 602 1328 641 H
1356 603 1439 642 125
1467 599 1555 642 ‘nec
1578 602 1729 641 frustra
1754 614 1801 641 ac

263 662 347 700 sine
378 674 499 701 causa
530 661 627 712 quid
658 662 787 701 facere
819 661 985 714 dignum
1016 662 1088 701 deo
1121 659 1195 702 est'
1228 662 1276 712 de
1301 662 1366 701 fin.
1391 662 1454 701 [Π
1482 664 1532 701 71
1563 658 1657 700 ‘non
1682 661 1799 701 modo

262 720 451 760 iniuriam
482 722 546 761 cui
577 717 723 761 facere'
757 720 867 761 Caes.
892 721 928 761 b.
956 735 987 761 c.
1012 722 1075 761 ΠΙ
1101 723 1170 771 32,
1197 723 1222 761 3
1263 719 1348 772 ‘qui
1384 722 1526 762 horum
1561 721 1657 772 quid
1694 733 1799 761 acer-

260 781 420 821 bissime
451 781 798 832 crudelissimeque
832 778 1008 821 fecerat'.

381 836 492 882 457.
525 841 752 880 Priscianus
777 841 845 880 GL
870 841 911 880 II
936 856 972 892 p.
1002 843 1099 892 215,
1129 842 1201 881 7K
1234 839 1388 881 ‘Hilum
1420 842 1525 881 enim
1562 854 1634 893 pro
1672 841 1799 880 ullum

264 901 521 941 uetustissimi
572 901 837 951 proferebant.
912 902 1089 941 Lucilius
1139 903 1182 941 in
1212 902 1332 941 XIIII
1382 898 1693 941 “naumachiam
1720 932 1727 939 .
1755 932 1763 939 .
1790 934 1798 942 .

261 958 436 1000 uiuas'’.’
487 961 589 999 Ludi
617 964 901 1001 enumerantur
926 962 1329 1002 adulescentulorum:
1355 962 1404 1001 de
1423 962 1659 1000 naumachia
1679 955 1800 1013 (νεῶν

261 1020 422 1072 ἅμιλλαι
467 1021 797 1074 Dittenbergerus
835 1022 886 1061 ad
924 1017 1095 1074 Syllog.23
1127 1023 1232 1072 668,
1266 1017 1340 1076 78)
1385 1021 1546 1061 Seruius
1590 1021 1640 1061 ad
1679 1020 1797 1072 Verg.

264 1081 362 1120 Aen.
399 1081 436 1119 V
478 1082 561 1120 114
626 1078 789 1121 ‘Punico
850 1081 955 1121 bello
1016 1083 1189 1132 primum
1249 1082 1529 1121 naumachiam
1586 1081 1638 1120 ad
1692 1094 1799 1120 exer-

261 1142 399 1180 citium
430 1141 639 1181 instituere
670 1142 841 1181 Romani
872 1144 1102 1193 coeperunt,
1140 1143 1354 1194 postquam
1384 1141 1604 1193 probarunt
1634 1137 1799 1193 (apud)

260 1203 397 1252 gentes
433 1197 530 1253 (se)
567 1202 690 1240 etiam
727 1202 865 1240 nauali
902 1202 1117 1242 certamine
1155 1202 1373 1253 plurimum
1410 1214 1542 1251 posse:
1585 1201 1636 1240 ad
1676 1213 1798 1252 quam

260 1275 343 1300 rem
380 1262 422 1299 in
459 1261 533 1300 hoc
576 1261 791 1301 certamine
834 1262 1051 1312 plurimum
1095 1261 1250 1301 adludit
1291 1258 1438 1312 poeta'.
1507 1261 1797 1300 Naumachiam

260 1322 466 1371 praeterea
498 1321 758 1371 contemplari
791 1323 949 1372 poterat
979 1323 1099 1372 poeta
1129 1323 1171 1360 in
1202 1322 1488 1372 Neapolitano:
1526 1321 1621 1360 conf
1648 1319 1795 1360 Auson.

261 1381 411 1421 Mosell.
441 1381 536 1419 218.
587 1381 727 1420 Altero
758 1381 844 1420 loco
875 1381 992 1420 ludus
1024 1381 1233 1421 duodecim
1270 1382 1507 1432 scriptorum
1543 1382 1797 1430 memoratur,

261 1454 338 1491 quo
371 1441 533 1480 calculis
564 1442 605 1479 in
638 1441 752 1481 alueo
784 1441 920 1480 ludere
945 1442 1136 1481 solebant.
1188 1441 1321 1481 Calces
1346 1441 1480 1491 posuit
1505 1442 1600 1490 quia
1624 1440 1797 1480 calculos

260 1501 409 1551 plurali
434 1513 596 1540 numero
623 1502 794 1540 metrum
820 1514 899 1540 non
925 1502 1050 1552 capit:
1082 1501 1203 1540 Anth.
1229 1501 1316 1540 Lat.
1336 1501 1356 1540 I
1382 1494 1538 1554 (1894)
1558 1501 1690 1539 Riesei
1712 1501 1794 1539 193

259 1575 296 1611 p.
321 1561 404 1599 159
437 1556 500 1599 ‘In
525 1562 639 1611 parte
665 1561 811 1601 alueoli
836 1574 986 1614 pyrgus
1013 1561 1124 1601 uelut
1151 1573 1252 1600 urna
1276 1560 1423 1600 resedit
1443 1592 1450 1599 .
1473 1592 1480 1599 .
1502 1591 1509 1599 .
1530 1560 1603 1600 sub
1628 1573 1797 1610 quarum

260 1621 368 1660 iactu
391 1620 620 1660 discordans
640 1621 828 1660 cauculus
848 1617 945 1660 exit'
964 1635 996 1660 e.
1017 1634 1052 1671 q.
1073 1634 1101 1661 s.
1147 1620 1224 1667 Qui
1242 1621 1359 1660 ludus
1378 1620 1421 1660 P.
1440 1619 1564 1659 Mucii
1583 1619 1796 1659 Scaeuolae

260 1680 440 1719 sollertia
469 1681 652 1731 inprimis
688 1681 879 1720 inclaruit
915 1681 996 1721 illis
1033 1681 1278 1732 temporibus
1316 1694 1432 1730 quem
1472 1677 1602 1719 ‘alueo
1640 1692 1796 1730 quoque

262 1742 303 1779 et
334 1741 496 1779 calculis
533 1740 733 1779 interdum
770 1738 947 1780 uacasse'
979 1741 1111 1780 Valer.
1137 1741 1240 1779 Max.
1266 1740 1366 1779 VIII
1393 1741 1432 1788 8,
1459 1741 1484 1779 2
1517 1739 1659 1788 tradit,
1699 1736 1797 1789 ‘pila

258 1800 357 1839 bene
376 1802 416 1839 et
435 1800 643 1840 duodecim
661 1797 836 1852 scriptis’
857 1801 996 1840 lusisse
1017 1800 1095 1840 Cic.
1116 1801 1164 1840 de
1184 1813 1238 1841 or.
1259 1800 1279 1839 I
1300 1802 1384 1839 217
1406 1799 1571 1846 Quintil.
1592 1799 1649 1838 XI
1671 1801 1708 1848 2,
1728 1800 1794 1838 38.

263 1859 410 1912 Agitur
447 1860 495 1899 de
532 1860 647 1900 uanis
683 1861 889 1900 hominum
926 1861 1069 1901 studiis
1112 1861 1264 1912 gloriae
1306 1861 1500 1899 honorum
1543 1859 1795 1898 diuitiarum:

259 1920 355 1959 haec
387 1919 561 1959 ludibria
591 1922 702 1969 sunt,
732 1921 904 1971 licetque
934 1921 1031 1960 haee
1061 1921 1340 1960 naumachiam
1372 1921 1412 1959 et
1441 1932 1653 1970 puerorum
1684 1919 1795 1958 lusus

259 1982 401 2030 putare
440 1975 536 2033 (Dio
562 1979 672 2019 Erus.
699 1979 799 2018 VIII
827 1981 879 2019 16
907 1980 927 2018 Ι
951 1994 989 2031 p.
1017 1981 1086 2029 98,
1113 1981 1167 2018 27
1183 1974 1366 2034 Arnim).
1434 1979 1509 2018 His
1546 1979 1581 2018 si
1621 1978 1795 2017 delecta-

258 2039 370 2091 bere,
408 2052 456 2078 ne
487 2040 696 2078 minimum
729 2039 889 2090 quidem
920 2040 1100 2090 proficies
1134 2039 1176 2078 in
1213 2041 1318 2078 recte
1355 2039 1538 2078 uiuendo.
1599 2037 1657 2076 At
1691 2039 1794 2077 ueri-

260 2098 356 2138 tatis
400 2101 441 2138 et
481 2099 757 2150 philosophiae
800 2099 932 2138 studio
976 2099 1009 2139 si
1053 2099 1329 2147 delectaberis,
1372 2098 1516 2137 senties
1560 2099 1599 2136 te
1635 2099 1794 2148 pectore

258 2158 424 2210 purgari
478 2160 704 2209 rectiusque
752 2159 878 2198 uitam
934 2172 1051 2209 agere
1107 2159 1345 2211 castigatam
1400 2154 1544 2197 studiis
1598 2158 1791 2209 ingenuis.

261 2219 417 2258 Rectius
447 2219 576 2270 uiuus,
614 2220 661 2257 ut
691 2219 786 2258 Hor.
813 2232 930 2258 carm.
958 2219 998 2258 II
1027 2221 1093 2268 10,
1111 2221 1143 2258 v1
1172 2219 1285 2269 epist.
1311 2218 1331 2257 I
1358 2220 1395 2267 2,
1422 2219 1489 2256 41.
1523 2219 1561 2266 6,
1589 2218 1655 2256 29.
1689 2218 1728 2266 8,
1755 2217 1791 2255 4.

263 2279 329 2327 16,
358 2279 423 2316 17.
456 2278 497 2317 Π
524 2280 562 2327 2,
590 2279 686 2317 213.
750 2279 967 2329 Epicureus
998 2279 1058 2318 ita
1087 2279 1199 2330 loqui
1229 2278 1404 2318 uidetur:
1438 2277 1645 2317 Lucretius
1669 2276 1711 2315 Π
1738 2277 1789 2315 11

260 2334 426 2377 ‘certare
469 2338 649 2390 ingenio,
692 2339 928 2378 contendere
970 2339 1199 2388 nobilitate,
1247 2339 1382 2378 noctes
1427 2339 1546 2387 atque
1590 2336 1673 2376 dies
1716 2335 1793 2375 niti

258 2399 487 2447 praestante
517 2398 653 2437 labore
685 2399 737 2438 ad
766 2411 943 2438 summas
975 2411 1174 2450 emergere
1205 2411 1300 2448 opes
1333 2409 1544 2447 rerumque
1579 2396 1731 2447 potiri.
1753 2425 1761 2434 .
1777 2425 1792 2452 V.

259 2458 314 2496 47
348 2458 454 2507 quod
485 2458 519 2497 si
550 2457 720 2497 ridicula
749 2458 847 2497 haec
877 2458 1132 2509 ludibriaque
1163 2470 1246 2497 esse
1278 2454 1472 2496 uidemus’
1494 2469 1526 2495 e.
1547 2469 1584 2506 q.
1604 2468 1633 2495 s.

378 2511 489 2558 459.
521 2517 676 2557 Nonius
713 2531 759 2557 ex
800 2519 1061 2569 grammatico
1092 2531 1129 2568 p.
1159 2518 1257 2567 426,
1283 2518 1309 2555 4
1349 2513 1597 2566 ‘Antiquior,
1640 2515 1790 2565 melior.

259 2606 266 2614 .
296 2608 302 2614 .
332 2608 337 2614 .
364 2576 542 2616 Lucilius
573 2577 640 2616 lib.
667 2577 786 2616 XIIII
819 2575 948 2627 “quin
985 2578 1119 2628 potius
1156 2578 1241 2616 uita
1278 2570 1421 2629 (uitam
1457 2575 1553 2614 olim
1590 2569 1790 2628 impressi)

261 2666 267 2674 .
290 2667 296 2673 .
320 2667 326 2673 .
353 2639 504 2685 quantu
535 2637 739 2687 antiquius
766 2668 773 2676 .
803 2668 809 2675 .
838 2668 844 2675 .
871 2634 1106 2676 uidearis’'.’
1157 2637 1321 2676 uideris&
1350 2635 1638 2675 Lachmannus.
1678 2632 1790 2673 Gom-

226 2739 231 2743 ,
258 2696 420 2735 mendat
457 2697 558 2736 alter
595 2697 794 2736 causidico
830 2698 959 2736 uitam
997 2698 1191 2747 quietam:
1230 2693 1387 2735 ‘melius
1424 2694 1501 2734 erit
1535 2695 1731 2733 remotam
1767 2707 1791 2732 a

257 2755 427 2805 iudiciis,
458 2758 644 2806 pacatam
673 2757 803 2795 uitam
834 2756 974 2808 degere
1008 2758 1048 2795 et
1077 2752 1372 2806 tranquillam?
1417 2753 1644 2804 Respondet
1672 2753 1790 2792 alter:

259 2811 425 2864 ‘quanto
470 2815 673 2865 antiquius
723 2828 843 2866 quam
891 2816 1020 2855 facere
1069 2816 1160 2865 hoc,
1210 2816 1270 2854 est
1316 2814 1464 2853 iudicio
1512 2813 1685 2864 publico.
1721 2811 1790 2851 da-

258 2872 414 2913 mnari’.
477 2875 642 2924 Epicuri
678 2875 895 2926 discipulus
931 2875 1042 2926 prior
1071 2875 1183 2924 loqui
1212 2873 1372 2913 uidetur
1405 2868 1540 2927 (Lucr.
1559 2873 1598 2910 V
1619 2866 1704 2925 11).
1730 2893 1789 2898 -—-

258 2933 317 2971 De
348 2936 444 2982 quin
474 2947 564 2974 cum
595 2935 848 2974 coniunctiuo
879 2935 974 2974 conf
999 2936 1135 2974 incert.
1162 2948 1198 2972 u.
1227 2935 1331 2980 936;
1362 2932 1431 2972 lib.
1456 2932 1565 2970 XXX
1590 2945 1627 2970 u.
1657 2931 1788 2979 1037;

259 2994 354 3044 quin
378 2994 512 3045 potius
538 2994 667 3034 Titius
694 3008 755 3045 ap.
774 2994 946 3034 Macrob.
968 2994 1050 3034 Sat.
1069 2993 1132 3034 ΙΠ
1158 2994 1225 3043 16,
1253 2993 1305 3032 16
1331 2991 1419 3031 Liu.
1438 2991 1570 3030 XXVI
1592 2992 1658 3041 19,
1679 2991 1716 3030 8.
1734 3010 1784 3018 -
