2060 3444
766 274 895 311 incert.
924 275 999 310 sed.
1027 286 1051 309 u
1094 277 1338 309 1336-1341,
1734 272 1819 314 427

279 389 520 430 Menaechm.
560 383 677 443 202).
752 388 799 428 In
858 387 1010 427 duobus
1061 387 1245 427 extremis
1296 387 1475 427 uersibus
1528 388 1653 426 1337.
1708 387 1821 426 1338

280 449 463 490 Panaetii
488 449 690 501 quandam
707 448 937 490 doctrinam
964 447 1313 499 deprehendimus:
1345 447 1440 486 conf
1463 446 1541 485 Cic.
1569 446 1616 486 de
1643 447 1705 486 off.
1725 447 1745 486 I
1767 447 1821 485 58

281 507 374 550 ‘Sed
394 510 429 550 si
448 510 649 550 contentio
669 508 865 560 quaedam
879 509 920 548 et
938 508 1184 559 comparatio
1204 507 1288 556 fiat,
1304 538 1310 545 .
1326 537 1334 546 .
1350 538 1358 545 .
1373 506 1572 558 principes
1587 508 1668 546 sint
1673 507 1823 555 patria,

280 573 314 610 et
325 572 522 619 parentes,
543 581 711 620 quorum
729 567 930 608 beneficiis
950 568 1133 607 maximis
1153 567 1322 619 obligati
1339 579 1486 616 sumus,
1505 567 1678 618 proximi
1696 566 1824 615 liberi,

279 631 444 681 totaque
481 628 622 669 domus
650 659 656 667 .
678 659 686 668 .
708 659 716 668 .
743 628 927 679 deinceps
964 627 1062 667 bene
1102 628 1381 667 conuenientes
1418 623 1650 678 propinqui’
1685 639 1716 666 e.
1738 640 1774 677 q.
1795 639 1823 665 s.

279 689 469 729 Parentes
493 691 586 740 post
611 689 703 729 deos
728 690 949 740 posuerunt
973 690 1127 727 ueteres
1154 687 1298 726 Attici:
1326 686 1505 738 Euripid.
1531 687 1674 738 fragm.
1690 687 1825 726 853N

280 749 373 791 edit.
398 749 440 789 Π
470 752 571 802 τρεῖς
608 747 708 789 εἰσὶν
745 746 877 801 ἀρεταὶ
914 746 982 796 τὰς
1019 747 1143 800 χρεών
1181 742 1213 786 σ’
1240 745 1394 798 ἀσκεῖν,
1431 744 1587 786 τέκνον·
1626 746 1749 794 θεούς
1787 761 1825 786 τε

279 815 416 862 τιμᾶν,
452 809 546 858 τούς
582 823 621 849 τε
659 808 864 861 φύσαντας
901 811 1050 861 γονεῖς,
1088 806 1237 859 νόμους
1274 821 1311 847 τε
1348 806 1511 854 κοινοὺς
1537 801 1726 855 Ἑλλάδος
1756 806 1826 845 ubi

280 870 487 910 Nauckius
523 869 654 909 adfert
686 864 930 922 [Phocylid]
959 869 984 907 8
1016 873 1152 921 πρῶτα
1182 865 1282 907 θεὸν
1313 867 1418 919 τίμα,
1451 864 1652 919 μετέπειτα
1676 865 1718 906 δὲ
1745 869 1825 906 σεῖο

219 934 222 935 ’
279 935 439 983 γονῆας.
470 952 519 957 -
549 925 707 983 [Ιεοοτ]
739 929 904 969 Demon.
933 930 971 980 4,
1000 929 1052 968 13
1087 933 1243 981 πρῶτον
1274 925 1346 979 μὲν
1381 921 1455 967 οὖν
1480 925 1630 980 εὖσὲβει
1655 925 1702 966 τὰ
1728 925 1827 979 πρὸς

279 988 373 1038 τοὺς
397 988 520 1038 θεοὺς
541 1018 551 1027 .
573 1021 581 1029 .
604 1021 610 1028 .
632 995 806 1037 τοιοῦτος
831 989 971 1042 γίγνου
996 986 1085 1041 περὶ
1110 986 1203 1036 τοὺς
1227 990 1358 1041 γονεῖς
1383 987 1494 1035 οἴους
1516 985 1568 1027 ἂν
1587 985 1719 1035 εὔξαιο
1740 985 1826 1039 περὶ

282 1046 448 1090 σεαυτὸν
478 1047 665 1103 γενέσθαι
697 1048 789 1096 τοὺς
821 1054 988 1089 σεαυτοῦ
1022 1048 1179 1096 παῖδας.
1241 1047 1389 1088 Auson.
1417 1047 1565 1099 epiced.
1597 1048 1640 1086 in
1671 1049 1827 1097 patrem

280 1123 318 1161 p.
341 1111 409 1159 21,
438 1112 459 1149 1
500 1110 655 1160 Peiperi
700 1106 811 1150 ‘Post
848 1109 963 1149 deum
1002 1121 1157 1160 semper
1192 1109 1350 1159 patrem
1393 1108 1499 1147 colui
1535 1107 1827 1157 secundamque

281 1171 546 1210 reuerentiam
584 1170 757 1222 genitori
794 1182 881 1209 meo
926 1166 1071 1208 debui'.
1115 1168 1282 1208 Phaedr.
1316 1182 1406 1220 app.
1439 1167 1496 1206 VI
1526 1181 1564 1218 p.
1595 1169 1677 1206 127
1724 1167 1826 1206 Hau.

284 1227 434 1270 ‘audite
467 1231 623 1282 gentes,
654 1229 762 1270 Delii
799 1229 974 1269 monitus
1012 1228 1093 1269 dei:
1137 1228 1329 1280 pietatem
1368 1228 1508 1278 colite,
1546 1229 1642 1267 uota
1674 1228 1827 1278 superis

280 1286 447 1341 reddite,
459 1290 646 1342 patriam,
659 1292 857 1341 parentes,
871 1291 999 1340 natos,
1012 1291 1143 1329 castas
1157 1290 1344 1341 coniuges
1354 1288 1554 1328 defendite
1565 1285 1738 1328 armis'e.
1750 1302 1786 1338 q.
1799 1300 1827 1327 s.

283 1347 409 1397 ‘Quae
453 1350 507 1390 sit
549 1363 782 1403 cognoscere
826 1347 970 1390 uirtus'
1016 1350 1187 1389 Romani
1239 1349 1411 1389 hominis
1461 1361 1545 1388 esse
1594 1348 1830 1399 pronuntiat

281 1409 485 1462 Vergilius
529 1411 650 1463 eclog.
676 1411 734 1450 IV
762 1412 835 1450 27:
881 1410 1046 1450 deorum
1086 1410 1275 1449 honorem
1320 1409 1482 1449 omnino
1526 1409 1662 1448 omisit
1710 1409 1830 1460 poeta

285 1470 557 1522 philosophus.

406 1524 550 1571 1339.
593 1532 695 1576 uim,
737 1532 784 1569 ut
827 1530 983 1569 Lucret.
1009 1530 1067 1569 IV
1103 1531 1216 1570 1208
1263 1527 1320 1570 ‘et
1369 1530 1658 1570 commiscendo
1710 1543 1828 1580 quom

284 1591 425 1630 semini
472 1590 577 1630 forte
626 1590 757 1629 uirilis
806 1590 956 1629 femina
1005 1591 1087 1629 uim
1131 1591 1232 1630 uicit
1275 1590 1410 1630 subita
1452 1591 1495 1629 ui
1538 1586 1828 1641 corripuitque’

285 1651 409 1690 Tacit.
437 1651 567 1690 annal.
588 1650 647 1690 VI
674 1650 728 1689 28
761 1649 808 1689 de
840 1663 914 1690 aue
945 1650 1136 1702 phoenice
1169 1647 1266 1690 ‘suis
1297 1652 1340 1689 in
1371 1651 1489 1690 terris
1515 1653 1666 1690 struere
1692 1650 1831 1689 nidum

285 1710 398 1762 eique
447 1710 531 1750 uim
582 1710 798 1763 genitalem
843 1710 1059 1750 adfundere
1111 1724 1157 1750 ex
1201 1723 1282 1762 qua
1325 1711 1448 1750 fetum
1495 1707 1619 1750 oriri'.
1689 1708 1831 1749 Graeci

283 1769 424 1810 λευκὸν
468 1768 584 1822 μένος
624 1770 700 1809 ΑΡ
719 1770 758 1808 V
785 1771 858 1821 54,
887 1772 922 1809 7.
986 1771 1046 1810 Ex
1090 1771 1240 1810 fornice
1283 1770 1492 1811 Luciliano
1536 1765 1648 1824 (uide
1691 1771 1829 1809 incert.

284 1844 321 1869 u.
345 1825 478 1883 1177)
511 1831 780 1882 fragmentum
819 1831 980 1870 uidetur
1017 1843 1101 1870 esse
1142 1832 1344 1881 sumptum
1386 1831 1436 1870 ad
1469 1831 1576 1881 quod
1608 1830 1747 1869 dubito
1779 1843 1830 1869 an

284 1891 486 1941 pertineat
515 1891 775 1942 participium
809 1892 1033 1939 efferuenlia
1066 1903 1237 1942 quocum
1270 1903 1474 1942 compares
1509 1890 1650 1930 Horat.
1677 1903 1791 1930 serm.
1812 1890 1831 1928 I

290 1953 327 1999 2,
356 1952 406 1989 71
445 1947 550 1989 ‘mea
582 1945 626 2003 (i.
654 1963 685 1990 e.
712 1945 932 2005 muttonis)
959 1964 1048 1991 cum
1081 1951 1304 1990 conferbuit
1334 1948 1423 1990 ira'.

410 2004 551 2052 1340.
583 2010 713 2050 Varro
745 2011 792 2050 de
823 2011 963 2064 lingua
993 2010 1141 2051 Latina
1167 2011 1203 2048 V
1231 2012 1284 2051 63
1321 2008 1482 2051 ‘Poetae
1515 2011 1562 2050 de
1589 2012 1698 2051 caelo
1725 2012 1831 2062 quod

286 2080 416 2110 semen
466 2071 628 2123 igneum
678 2071 865 2111 cecidisse
914 2071 1055 2111 dicunt
1103 2073 1146 2111 in
1195 2085 1304 2111 mare
1345 2085 1392 2111 ac
1434 2073 1572 2111 natam
1616 2085 1637 2111 e
1681 2073 1831 2123 spumis

286 2131 481 2170 Venerem
512 2131 789 2171 coniunctione
820 2132 926 2184 ignis
958 2133 999 2171 et
1029 2131 1219 2182 humoris,
1251 2145 1371 2183 quam
1403 2132 1553 2171 habent
1583 2133 1678 2182 uim,
1711 2132 1830 2184 signi-

286 2191 408 2231 ficant
427 2203 511 2230 esse
530 2192 635 2230 ueris
657 2186 844 2244 (Veneris
862 2186 1040 2245 Laetus).
1092 2205 1116 2231 a
1136 2204 1216 2242 qua
1235 2193 1278 2230 ui
1297 2192 1402 2231 natis
1423 2192 1532 2231 dicta
1552 2192 1650 2241 uita,
1670 2194 1710 2231 et
1729 2192 1831 2230 illud

288 2263 311 2289 a
355 2249 528 2300 Lucilio,
573 2247 667 2290 “uis
712 2252 772 2290 est
905 2248 1073 2303 cogit''.’
1145 2251 1259 2290 Nihil
1296 2252 1374 2291 huc
1409 2252 1584 2302 pertinet
1627 2266 1663 2291 u.
1700 2253 1832 2291 1339:

287 2323 414 2360 neque
446 2310 551 2349 enim
582 2312 716 2361 potuit
740 2313 860 2361 poeta
885 2311 1013 2350 dicere
1040 2324 1172 2350 semen
1198 2312 1373 2363 genitale
1398 2312 1570 2351 hominis
1597 2324 1679 2351 esse
1705 2313 1831 2350 uitam

289 2371 361 2409 aut
397 2382 554 2420 sperma
591 2382 663 2410 nos
696 2372 830 2409 omnia
867 2371 995 2410 facere
1028 2383 1184 2423 cogere:
1222 2372 1309 2410 tum
1341 2371 1469 2411 Varro
1501 2385 1659 2411 uersum
1692 2371 1833 2411 attulit

288 2429 378 2470 ideo
408 2431 580 2479 tantum,
612 2443 690 2481 quo
722 2432 847 2470 uitam
879 2443 904 2470 a
934 2432 978 2469 uc·
1009 2430 1156 2470 dictam
1189 2443 1272 2471 esse
1310 2432 1509 2482 probaret.
1574 2430 1834 2482 Gomparauit

290 2489 397 2541 apud
421 2489 600 2530 Dousam
626 2490 805 2543 Scaliger
828 2490 1039 2530 Menandri
1063 2491 1232 2530 Monost.
1260 2486 1335 2544 (66
1369 2486 1508 2545 Mein.)
1535 2491 1622 2542 βίος
1653 2490 1834 2542 κέκληται

290 2545 328 2588 δ’
350 2545 395 2597 ὃς
426 2549 494 2605 βίᾳ
519 2549 728 2603 πορίζεται,
755 2550 929 2590 traditur
955 2564 1017 2602 ap.
1045 2551 1228 2602 Aeschyl.
1256 2551 1427 2602 Ohoeph.
1458 2553 1511 2591 72
1527 2551 1572 2597 K(
1595 2549 1716 2604 ἀρχὰς
1741 2551 1833 2603 βίου

290 2609 359 2664 βίᾳ
389 2607 620 2662 φερομένων
650 2608 814 2650 αἰνέσαι.
873 2608 949 2650 ‘uis
975 2624 1047 2651 nos
1079 2612 1209 2651 facere
1240 2613 1375 2650 omnia
1401 2608 1523 2664 cogit’
1551 2611 1688 2650 eodem
1716 2611 1833 2650 modo

290 2669 601 2721 intellegendum
621 2671 741 2720 atque
762 2669 880 2722 Soph.
901 2671 1045 2710 Electr.
1063 2672 1146 2711 ‘256
1169 2665 1247 2710 ἀλλ’
1269 2668 1293 2722 ἡ
1315 2671 1382 2724 βία
1402 2670 1476 2725 γὰρ
1495 2667 1597 2711 ταῦτ’
1626 2669 1835 2724 ἀναγκάζει

292 2742 337 2779 με
358 2728 473 2781 ὃρᾶντ
501 2728 649 2768 Seneca
668 2729 716 2768 de
736 2731 941 2782 tranquill.
963 2731 1087 2770 animi
1109 2733 1176 2780 10,
1198 2733 1223 2770 4
1245 2728 1389 2771 ‘omnis
1409 2733 1495 2770 uita
1514 2731 1722 2771 seruitium
1744 2728 1832 2770 est’.

414 2782 554 2829 1341.
581 2788 784 2828 Charisius
810 2789 883 2829 GL
910 2790 929 2828 I
959 2803 997 2840 p.
1019 2791 1088 2839 83,
1116 2791 1221 2830 131(
1254 2787 1371 2830 ‘Item
1398 2793 1561 2842 caprina
1588 2792 1629 2830 et
1654 2803 1834 2842 aprugna

292 2860 362 2887 cur
404 2847 653 2887 dissimiliter
696 2848 899 2888 deriuetur
943 2851 1081 2900 quaeri
1130 2851 1242 2890 solet.
1318 2850 1460 2900 quibus
1509 2851 1834 2900 respondebimus

292 2908 506 2957 utrumque
548 2921 620 2958 per
661 2909 677 2946 i
718 2909 889 2959 proferri
926 2909 1085 2958 debere,
1129 2909 1194 2948 sed
1234 2910 1275 2947 in
1319 2910 1448 2949 altero
1485 2923 1561 2948 usu
1598 2923 1624 2948 u
1657 2910 1834 2948 litteram

293 2964 502 3016 celebrari3
529 2968 714 3017 quamuis
738 2967 917 3007 Lucilius
942 2968 1073 3007 uiscus
1100 2969 1284 3018 aprinum
1310 2982 1388 3008 non
1415 2982 1638 3020 aprugnum
1662 2966 1833 3008 dixerit’.

291 3024 358 3065 Ita
383 3025 518 3065 Dousa
542 3026 672 3065 locum
703 3028 838 3077 posuit
862 3027 997 3067 incert.
1028 3028 1128 3067 150:
1160 3027 1266 3067 idem
1291 3029 1333 3068 in
1360 3030 1643 3069 commentario
1669 3028 1834 3068 adnotat
