2060 3444
260 285 318 328 42
997 284 1031 321 Π
1055 297 1089 320 u.
1118 288 1172 321 89.

260 398 465 438 hominum
515 411 561 437 ac
610 398 829 449 primorum
879 394 1211 450 signiferumque]
1259 398 1303 438 id
1351 400 1412 438 est
1461 411 1580 450 quam
1623 398 1797 439 incolam

259 458 466 509 municipii
486 460 558 497 aut
576 458 756 497 coloniae
775 458 911 497 Latini
924 452 1212 512 (Mommsenus
1231 458 1278 497 de
1292 459 1377 497 iure
1396 458 1555 509 publico
1568 472 1605 509 p.
1621 457 1666 497 R.
1679 457 1743 498 HI
1759 459 1795 507 1,

263 518 375 557 1887
402 531 440 568 p.
463 519 560 567 232,
588 513 652 572 3):
679 517 862 557 Caesium
888 516 1134 557 Sassinatem
1158 517 1357 557 Martialis
1383 519 1562 569 appellat
1581 517 1658 557 VH
1680 518 1748 567 97,
1769 518 1794 557 3
1876 556 1878 558 .

262 574 373 615 ‘Auli
410 579 651 629 municipem
689 579 768 617 mei
804 574 1011 616 Pudentis’
1052 578 1293 617 centurionis
1334 577 1381 616 de
1413 591 1491 629 quo
1523 578 1657 629 agitur
1681 578 1702 616 I
1728 578 1794 616 31.

259 637 425 676 Pontius
474 638 543 675 ille
593 639 634 677 et
683 637 870 677 Tritanus
918 637 1078 676 fuerant
1126 637 1324 689 signiferi,
1379 640 1471 688 post
1528 638 1795 676 centuriones:

259 697 446 736 missione
489 698 598 736 facta
640 697 807 736 honesta
849 697 1086 736 habitabant
1127 698 1169 735 in
1209 697 1425 747 municipio
1472 697 1607 748 aliquo
1650 697 1795 736 Latino

259 758 379 796 sicuti
407 757 458 795 M.
481 756 643 796 Caesius
677 757 856 796 Blandus
893 758 1071 795 centurio
1103 756 1287 807 Pompeis
1320 751 1606 810 (Overbeckius
1637 756 1796 796 Mauius

260 816 307 855 de
339 816 523 867 Pompeis
555 817 648 856 edit.
667 816 726 855 IV
757 830 794 867 p.
818 811 923 870 282)
955 829 1187 866 summaque
1219 818 1333 855 erant
1361 818 1600 856 auctoritate
1625 829 1796 856 summo-

261 889 338 926 que
369 876 515 916 honore
547 878 652 916 inter
683 877 903 927 municipes
935 888 1025 916 suos
1057 877 1175 916 sicuti
1199 876 1400 916 Venusiae
1426 875 1563 928 magni
1589 905 1596 914 .
1620 906 1626 913 .
1649 906 1656 914 .
1682 876 1797 926 pueri

258 937 414 987 magnis
441 950 486 975 ex
513 936 808 975 centurionibus
835 937 915 975 orti
941 931 1054 989 (Hor.
1076 949 1189 975 serm.
1209 936 1230 975 I
1257 936 1296 986 6,
1324 930 1409 988 72).
1461 934 1560 975 Cato
1587 934 1796 975 Censorius

261 995 366 1047 apud
400 995 477 1035 Cic.
505 996 552 1034 de
584 1008 662 1035 sen.
686 996 739 1035 33
775 993 839 1035 ‘ne
874 1008 944 1034 uos
974 995 1145 1046 quidem,
1171 996 1314 1046 inquit,
1339 996 1383 1034 T.
1402 995 1522 1035 Ponti
1554 995 1796 1035 centurionis

259 1057 365 1094 uires
408 1053 598 1095 habetis’:
649 1056 785 1106 itaque
838 1068 941 1095 anno
993 1051 1191 1107 604s15o
1235 1056 1310 1095 iste
1354 1055 1533 1094 centurio
1578 1056 1796 1096 etiamtunc

260 1115 460 1165 stipendia
504 1115 682 1155 merebat
726 1116 794 1166 qui
839 1128 943 1155 anno
986 1116 1067 1154 fere
1113 1110 1310 1171 6301124
1356 1127 1472 1155 senex
1509 1114 1719 1154 habitabat
1753 1114 1796 1154 in

259 1176 476 1226 municipio
516 1175 690 1225 quodam
740 1175 897 1214 Latino.
959 1175 1210 1214 Praeclarum
1253 1175 1451 1214 hominem
1492 1187 1581 1214 cum
1622 1175 1797 1225 appellet

258 1236 378 1285 poeta
409 1235 596 1274 Pontium
635 1236 780 1275 omisso
812 1235 1086 1285 praenomine,
1123 1236 1186 1274 sat
1222 1236 1361 1274 notum
1392 1234 1505 1273 illum
1537 1233 1796 1286 popularibus

259 1295 380 1334 fuisse
419 1295 674 1334 manifestum
718 1296 779 1334 est
821 1295 1068 1345 eundemque
1112 1294 1285 1334 arbitror
1326 1294 1516 1334 Pontium
1560 1293 1728 1334 describi
1772 1306 1796 1332 a

262 1353 449 1394 Cicerone
480 1354 586 1405 apud
619 1354 790 1394 Macrob.
818 1354 978 1393 Saturn.
1004 1354 1066 1393 HI
1094 1355 1161 1403 16,
1189 1355 1213 1393 3
1248 1351 1272 1392 ‘.
1296 1385 1302 1392 .
1325 1385 1332 1392 .
1360 1354 1528 1404 accipite
1550 1385 1557 1392 .
1578 1384 1587 1393 .
1609 1384 1617 1392 .
1649 1354 1691 1392 in
1717 1365 1795 1404 quo

258 1415 406 1454 honore
447 1415 570 1453 fuerit
612 1415 676 1454 hic
720 1415 840 1465 piscis
890 1414 996 1465 apud
1040 1414 1083 1453 P.
1114 1413 1337 1465 Scipionem
1368 1444 1376 1452 .
1407 1445 1414 1451 .
1449 1444 1457 1453 .
1492 1414 1795 1452 Numantinum.

258 1474 366 1513 Haec
392 1476 486 1514 sunt
510 1474 551 1513 in
577 1473 736 1526 dialogo
763 1474 811 1514 de
836 1474 921 1514 fato
947 1474 1070 1514 uerba
1095 1472 1294 1513 Ciceronis
1321 1468 1480 1527 (fragm.
1503 1474 1527 1512 5
1556 1467 1794 1527 C.F.W.M.)

260 1531 396 1573 “Nam
428 1546 517 1573 cum
549 1536 651 1573 esset
682 1533 788 1584 apud
820 1547 863 1573 se
902 1534 952 1573 ad
984 1533 1225 1573 Lauernium
1263 1533 1396 1584 Scipio
1428 1546 1586 1584 unaque
1616 1533 1796 1582 Pontius,

259 1593 417 1633 adlatus
443 1595 503 1633 est
526 1594 629 1633 forte
656 1593 833 1644 Scipioni
860 1605 1085 1644 acupenser,
1112 1594 1181 1643 qui
1206 1592 1418 1632 admodum
1436 1605 1528 1632 raro
1548 1593 1706 1642 capitur
1726 1622 1734 1631 .
1755 1620 1764 1632 .
1786 1622 1794 1631 .

259 1652 357 1692 Cum
384 1655 517 1692 autem
544 1652 678 1704 Scipio
704 1666 826 1692 unum
852 1654 892 1692 et
917 1654 1088 1692 alterum
1114 1665 1159 1692 ex
1178 1652 1240 1702 iis,
1266 1654 1335 1703 qui
1354 1653 1574 1692 salutatum
1593 1653 1796 1701 uenerant,

257 1713 529 1761 inuitauisset,
577 1713 789 1764 pluresque
839 1714 958 1752 etiam
1008 1713 1254 1752 inuitatums
1298 1712 1519 1762 uideretur,
1567 1711 1610 1751 in
1659 1724 1795 1751 aurem

258 1772 442 1812 Pontius:
475 1771 647 1824 ,Scipio‘,
682 1774 833 1823 inquit,
869 1773 991 1822 ,uide,
1028 1772 1123 1823 quid
1170 1784 1283 1824 agas:
1324 1784 1539 1822 acupenser
1580 1772 1656 1811 iste
1697 1785 1794 1822 pau-

258 1845 392 1872 corum
411 1832 617 1872 hominum
637 1830 780 1872 est‘’'.'
814 1833 928 1872 Vnde
948 1833 1158 1883 suspiceris
1177 1832 1365 1872 Pontium
1384 1832 1504 1871 tertio
1523 1831 1627 1871 bello
1646 1831 1795 1870 Punico

258 1892 456 1943 stipendia
493 1894 700 1933 meruisse:
740 1892 1006 1944 Formiisque,
1038 1893 1197 1942 opinor,
1229 1904 1330 1942 quae
1361 1892 1538 1942 proxime
1571 1892 1664 1930 sunt
1694 1890 1795 1931 sitae

258 1947 356 2005 (Cic.
372 1951 423 1994 ad
442 1951 526 1991 Att.
541 1952 621 1992 VH
647 1953 686 2001 8,
712 1947 758 2006 4)
785 1965 888 1992 anno
914 1953 995 1992 fere
1023 1947 1222 2003 624s13o
1242 1952 1294 1990 ad
1313 1951 1554 1991 Lauernium
1574 1951 1794 1991 salutatum

259 2013 424 2051 uenerat
454 2014 668 2051 ueteranus
699 2013 990 2063 imperatorem.
1054 2012 1113 2051 De
1145 2011 1311 2050 Tritano
1342 2011 1469 2050 multo
1505 2010 1706 2050 difficilior
1736 2011 1796 2050 est

258 2072 449 2122 quaestio.
523 2071 678 2111 Nomen
720 2073 826 2111 recte
868 2071 950 2111 fere
993 2073 1195 2111 seruatum
1239 2083 1322 2110 esse
1364 2071 1406 2109 in
1448 2070 1521 2110 cod
1557 2069 1794 2122 Erlangensi

256 2133 441 2182 recteque
478 2132 737 2171 correctorem
774 2131 847 2170 cod
890 2131 1068 2171 Palatini
1110 2130 1215 2170 idem
1257 2130 1478 2170 restituisse
1522 2130 1684 2175 tritanii,
1725 2129 1794 2180 qui

256 2205 307 2230 m.
330 2192 351 2230 1
392 2190 540 2231 habeat
576 2191 723 2236 tiranii,
762 2190 949 2230 credibile
993 2192 1054 2230 est
1093 2192 1134 2230 et
1175 2189 1387 2229 admodum
1430 2188 1648 2240 probabile.
1717 2187 1794 2228 Sed

257 2250 411 2290 Plinius
443 2253 523 2290 nat.
544 2251 635 2290 hist.
656 2250 734 2290 VH
762 2252 814 2290 81
850 2264 927 2301 quo
959 2250 1045 2290 loco
1077 2251 1347 2290 centurionem
1378 2249 1576 2300 quendam
1601 2248 1793 2288 Vinnium

257 2310 467 2350 Valentem
499 2310 723 2350 incredibili
748 2312 924 2361 corporis
950 2311 1089 2351 robore
1114 2310 1340 2361 praeditum
1365 2310 1487 2348 fuisse
1512 2309 1794 2348 commemorat

256 2370 435 2410 Varrone
474 2372 634 2410 auctore
673 2371 770 2410 haec
806 2371 932 2410 tradit
970 2367 1160 2421 ‘Corpore
1196 2382 1313 2409 uesco
1351 2368 1419 2408 sed
1457 2368 1610 2408 eximiis
1642 2367 1794 2407 uiribus

257 2430 467 2469 Tritanum
515 2430 556 2468 in
606 2430 846 2482 gladiatorio
888 2429 1002 2479 ludo,
1053 2429 1292 2469 Samnitium
1343 2430 1547 2468 armatura
1590 2427 1793 2477 celebrem,

256 2489 460 2540 filiumque
504 2491 588 2530 eius
630 2490 800 2529 militem
836 2490 975 2542 Magni
1011 2489 1176 2540 Pompei
1202 2518 1220 2528 ..
1238 2519 1247 2527 .
1274 2519 1282 2527 .
1309 2490 1448 2528 auctor
1488 2489 1549 2527 est
1584 2486 1713 2526 Varro
1750 2487 1793 2525 in

256 2549 573 2601 prodigiosarum
605 2549 752 2588 uirium
783 2546 1012 2589 relatione’:
1044 2562 1161 2599 quem
1192 2549 1324 2587 locum
1353 2548 1643 2598 exscripserunt
1668 2546 1791 2586 Solin.

255 2609 275 2648 I
310 2610 362 2648 75
396 2609 454 2647 Fl.
474 2609 633 2660 Vopisc.
666 2609 785 2648 Firm.
819 2610 864 2659 4,
899 2611 934 2648 2.
1003 2608 1138 2659 Atque
1181 2608 1344 2658 Vopisci
1386 2607 1472 2647 loco
1516 2619 1544 2645 s.
1571 2606 1648 2645 duo
1693 2605 1793 2645 codd

256 2668 440 2708 similiter
464 2669 664 2721 praebent,
679 2671 799 2719 atque
826 2669 1034 2708 Palatinus
1061 2667 1260 2707 Ciceronis
1285 2681 1336 2706 m.
1354 2668 1374 2705 1
1398 2667 1583 2711 trianwm,
1608 2680 1659 2704 m.
1676 2668 1700 2705 2
1722 2667 1792 2705 aut

256 2730 483 2774 tritamzwm,
500 2729 607 2779 quod
620 2729 770 2768 habent
788 2729 887 2767 codd
908 2728 1047 2777 Solini,
1066 2729 1137 2767 aut
1156 2729 1345 2766 tritcmwm
1365 2726 1470 2777 quod
1490 2725 1596 2776 apud
1615 2725 1792 2764 Plinium

256 2789 363 2827 solus
383 2788 561 2827 seruauit
585 2788 790 2827 Parisinus
814 2790 1011 2827 correctus
1035 2787 1260 2837 habentque
1288 2785 1485 2826 Ciceronis
1511 2784 1666 2825 codices
1693 2797 1790 2834 quos

256 2860 376 2898 supra
400 2849 616 2887 nominaui.
672 2848 883 2887 Praeterea
908 2849 949 2886 in
981 2847 1126 2886 Naeuii
1158 2858 1275 2886 uersu
1307 2845 1413 2897 apud
1442 2844 1634 2884 Priscian.
1661 2843 1731 2883 GL
1749 2844 1791 2883 H

228 2921 292 2957 ·p.
312 2907 425 2957 ⁷198,
459 2908 512 2946 16
532 2907 569 2946 Κ
612 2920 685 2958 pro
730 2907 866 2947 Titani
915 2907 989 2946 cod
1037 2906 1242 2946 Parisinus
1284 2919 1336 2945 m.
1369 2907 1390 2945 1
1436 2904 1602 2956 praebet
1644 2904 1791 2950 tritam,

256 2967 466 3006 Bernensis
503 2968 660 3016 tytanii,
697 2968 827 3006 titania·
863 2966 1066 3006 Leidensis
1097 2980 1148 3005 m.
1170 2967 1214 3014 2,
1252 2965 1357 3015 quod
1395 2964 1498 3004 stud.
1523 2963 1647 3002 Lucil.
1673 2976 1712 3013 p.
1734 2964 1787 3002 69

254 3026 364 3080 apud
393 3026 591 3066 Lucilium
630 3026 921 3067 restituendum
951 3038 1036 3065 esse
1064 3026 1202 3077 posui,
1242 3026 1335 3076 quia
1365 3024 1627 3077 gladiatorem
1658 3023 1790 3062 aetate
