2060 3444
291 251 376 294 158
880 249 936 295 ,XI
959 261 996 284 u.
1022 252 1222 285 418—422.

285 364 528 403 quenalem.
580 362 731 403 Similis
755 363 873 403 huius
900 361 1051 414 Opimii
1075 363 1155 401 fuit
1180 360 1224 408 Q.
1243 361 1391 401 Fabius
1415 361 1612 402 Maximus
1641 360 1825 402 Allobro·

286 425 397 476 gicus
419 436 496 473 quo
518 420 786 462 ‘adulescente
804 423 907 462 nihil
926 424 1055 473 magis
1074 423 1235 471 infame,
1255 422 1357 460 nihil
1379 422 1516 462 eodem
1535 434 1626 461 sene
1646 422 1825 461 ornatius

287 485 358 523 aut
383 484 598 534 speciosius
623 483 695 522 illo
721 483 877 522 saeculo
903 484 1040 521 nostra
1066 483 1209 521 ciuitas
1234 478 1390 520 habuit’
1417 482 1505 520 Val.
1531 481 1634 520 Max.
1654 481 1712 520 VI
1733 482 1771 531 9,
1786 482 1825 520 4.

406 538 517 583 421.
558 543 738 581 Eandem
777 555 898 592 quam
936 542 1072 581 Cicero
1109 542 1174 581 hic
1212 542 1373 580 enarrat
1411 541 1590 580 fabulam
1625 541 1826 580 Lucilium

287 616 444 653 quoque
476 615 680 642 enarrasse
710 602 755 641 id
785 604 846 641 est
869 602 1016 641 Lucilii
1042 604 1178 641 satura
1203 614 1317 641 usum
1343 601 1466 640 fuisse
1492 600 1722 640 Ciceronem
1746 613 1826 640 non

287 676 366 702 uno
411 664 647 714 argumento
690 662 902 701 indicatur.
974 662 1080 701 Nam
1122 663 1289 711 uterque
1333 662 1503 712 scriptor
1546 662 1827 700 adulescentem

288 721 492 774 Opimium
528 723 633 761 male
666 722 821 761 audisse
857 722 1000 771 tradit,
1038 724 1203 772 uterque
1240 721 1434 760 uocabulo
1472 722 1649 770 famosus
1685 721 1826 770 utitur,

289 783 460 833 denique
503 785 680 822 extrema
717 781 918 821 Ciceronis
961 781 1084 820 uerba
1127 781 1244 820 facile
1288 781 1467 820 efficiunt
1509 781 1671 820 heroum
1718 777 1827 819 ‘nam

287 844 419 881 uetuit
454 856 516 881 me
555 842 606 881 ad
643 843 816 881 famosas
856 842 1039 881 accedere
1076 838 1233 891 mater'3
1272 841 1371 879 adde
1410 840 1517 890 quod
1552 841 1729 880 accedere
1772 841 1826 879 ad

287 903 472 953 inprimis
497 902 751 941 Lucilianum
784 903 845 940 est
869 903 916 941 ut
939 901 1007 940 lib.
1027 901 1068 940 II
1086 914 1125 939 u.
1148 902 1201 940 92
1229 900 1309 939 VII
1326 914 1364 939 u.
1386 901 1483 939 287.
1535 899 1664 939 Sicuti
1688 899 1828 939 Granii

288 964 349 1001 ita
380 963 482 1001 alius
513 962 686 1001 hominis
718 962 855 1001 festini
885 962 993 1001 iocos
1031 961 1128 1000 duos
1165 961 1230 1000 uel
1266 962 1348 999 tres
1385 961 1621 999 narrauerat
1649 959 1827 999 Lucilius

289 1023 359 1073 qui
390 1034 468 1072 quo
499 1023 659 1061 nomine
697 1022 820 1061 fuerit
856 1022 1084 1061 nominatus
1121 1033 1264 1071 parum
1301 1021 1474 1060 constat:
1511 1020 1669 1069 Eyilius
1705 1019 1827 1071 uulgo

289 1082 477 1122 scribitur
502 1082 609 1132 apud
635 1081 874 1131 Ciceronem,
899 1081 969 1120 ubi
994 1081 1093 1120 codd
1119 1081 1262 1120 cecilius.
1305 1080 1365 1119 De
1390 1082 1507 1131 gente
1533 1079 1668 1130 Egilia
1692 1081 1828 1118 tamen

289 1155 368 1181 non
400 1143 566 1192 constat,
599 1142 779 1191 Eyrilius
804 1141 1029 1180 Ellendtius
1059 1142 1102 1179 in
1132 1141 1221 1180 adn.
1247 1141 1388 1180 critica
1412 1140 1638 1190 proposuit3
1670 1139 1827 1178 facilius

289 1202 437 1242 scribas
457 1202 597 1241 Icilius
622 1197 799 1256 (Ἰκέλιος
818 1201 990 1251 Appian.
1016 1200 1053 1239 b.
1080 1213 1111 1240 c.
1137 1200 1195 1238 IV
1222 1202 1274 1238 27
1303 1200 1404 1238 med.
1430 1202 1470 1238 et
1495 1194 1612 1253 extr.)
1639 1201 1680 1238 et
1697 1199 1828 1244 Icilia,

290 1263 368 1301 nisi
398 1262 553 1301 Nonius
584 1274 621 1312 p.
650 1262 733 1300 198
766 1261 930 1299 haberet
962 1261 1135 1300 Decilla:
1173 1260 1278 1310 quod
1309 1261 1344 1299 si
1380 1261 1485 1299 recte
1523 1259 1718 1297 traditum
1756 1260 1827 1308 est,

290 1323 407 1361 homo
439 1322 508 1360 ille
539 1322 707 1360 festinus
738 1320 818 1359 fuit
848 1322 995 1359 Decius
1026 1320 1207 1370 quidam,
1238 1320 1370 1370 priore
1401 1319 1487 1358 1000
1529 1319 1688 1358 datiuus
1722 1318 1828 1369 apud

291 1381 519 1420 Ciceronem
551 1383 611 1420 est
640 1381 952 1431 interpolatoris.
1002 1380 1062 1418 De
1091 1380 1281 1419 feminino
1308 1391 1448 1431 genere
1474 1379 1566 1417 uide
1591 1379 1827 1429 interpretes

291 1442 343 1480 ad
373 1441 515 1480 Horat.
541 1453 655 1480 serm.
680 1440 701 1478 I
727 1441 766 1490 8,
793 1441 860 1479 39.

411 1495 521 1541 4⁶22.
553 1501 707 1540 Nonius
738 1513 776 1550 p.
805 1500 902 1549 276,
930 1499 984 1538 23
1019 1496 1236 1538 ‘Damnare
1267 1500 1327 1538 est
1356 1498 1601 1537 exheredare.
1651 1497 1828 1537 Lucilius

291 1562 517 1611 satyrarum
541 1560 610 1600 lib.
631 1559 688 1598 XI
715 1557 896 1599 “cassius
922 1559 1035 1611 gaius
1063 1590 1070 1597 .
1093 1591 1100 1598 .
1123 1561 1342 1611 ..actorem
1368 1554 1570 1612 (sextorem
1597 1556 1829 1608 Guelferby-

290 1617 428 1674 tanus)
454 1622 680 1670 furiwmque
704 1620 810 1659 hunc
834 1619 974 1658 tullius
1001 1630 1112 1668 quem
1136 1619 1254 1658 index
1279 1613 1414 1672 (iudex
1439 1618 1535 1656 olim
1554 1612 1780 1671 impressi).
1796 1647 1804 1656 .
1819 1647 1828 1656 .

292 1677 487 1720 omnes''.'
550 1679 694 1719 Verbis
726 1683 761 1718 et
790 1680 969 1718 damuati
1000 1679 1071 1718 alii
1101 1691 1231 1717 omnes
1262 1679 1511 1730 intellegitur
1541 1678 1689 1717 multos
1719 1677 1830 1716 here-

293 1741 449 1791 dipetas
482 1739 634 1779 sordidi
664 1740 836 1779 hominis
869 1739 1052 1788 alicuius,
1084 1739 1153 1789 qui
1185 1739 1304 1778 antea
1329 1738 1466 1777 debuit
1491 1750 1574 1776 esse
1600 1737 1684 1777 sine
1709 1736 1829 1776 dubio

292 1802 452 1840 nomine
483 1813 553 1840 suo
585 1801 832 1849 nominatus,
870 1801 911 1838 et
941 1800 1114 1851 gratiam
1146 1800 1185 1837 et
1214 1811 1297 1837 rem
1328 1797 1501 1848 petiisse.
1564 1797 1706 1847 Itaque
1740 1808 1830 1836 cum

292 1862 432 1911 postea
462 1861 622 1911 legatur
653 1861 836 1899 accurate
867 1860 1096 1898 nominatus
1131 1858 1284 1897 Tullius
1317 1857 1484 1907 Quintus
1513 1857 1652 1902 Iudex,
1683 1858 1718 1896 is
1750 1869 1830 1895 non

292 1922 426 1971 potest
466 1933 550 1959 esse
587 1920 657 1958 ille
696 1921 766 1969 qui
803 1920 922 1958 antea
958 1920 1040 1958 iam
1077 1917 1373 1957 memorabatur
1410 1919 1592 1957 accurate
1629 1918 1670 1955 et
1707 1919 1830 1956 testa-

292 1981 471 2019 mentum
502 1980 598 2018 fecit
630 1979 697 2018 sed
730 1979 772 2028 Q.
794 1978 949 2017 Tullius
973 1990 1112 2018 reuera
1140 1979 1258 2017 iudex
1288 1978 1375 2016 erat
1399 1977 1450 2015 ad
1482 1989 1599 2027 quem
1622 1976 1674 2016 lis
1699 1977 1831 2015 fuerat

294 2040 445 2078 delata:
479 2039 579 2078 adde
611 2038 718 2089 quod
748 2040 850 2078 teste
880 2038 1055 2089 leiano
1086 2037 1153 2076 lib.
1180 2038 1279 2088 sing.
1305 2037 1430 2088 regul.
1456 2036 1551 2075 XXI
1583 2033 1671 2075 ‘illa
1696 2038 1830 2074 autem

292 2100 495 2138 institutio
529 2096 744 2137 “heredem
774 2099 960 2147 instituo,
990 2097 1174 2136 heredem
1206 2093 1340 2136 facio”
1374 2097 1573 2147 plerisque
1603 2096 1830 2147 improbata

295 2156 382 2199 est’:
421 2171 543 2209 quare
573 2159 648 2198 hoc
685 2159 772 2197 loco
809 2159 956 2196 rectius
994 2157 1042 2196 de
1078 2157 1209 2196 iudice
1246 2157 1395 2208 cogites
1434 2169 1554 2206 quam
1591 2155 1638 2195 de
1676 2168 1721 2194 eo
1760 2155 1831 2205 qui

293 2220 578 2258 testamentum
616 2219 787 2269 scripsit.
848 2218 1095 2256 Narrauerat
1127 2217 1323 2256 Lucilius:
1363 2213 1557 2257 ‘Mortuus
1594 2216 1680 2254 erat
1715 2226 1828 2265 prae-

294 2279 406 2318 diues
436 2279 516 2318 ille.
567 2278 687 2317 Multi
717 2278 855 2317 multis
882 2278 1130 2330 argumentis
1151 2277 1319 2327 prolatis
1345 2278 1385 2315 et
1409 2275 1557 2315 tabulis
1583 2275 1635 2314 ad
1658 2275 1830 2314 iudicem

294 2350 378 2378 sese
402 2339 565 2377 heredes
590 2351 673 2377 esse
699 2337 926 2377 clamabant
950 2338 1031 2376 uiri
1055 2337 1212 2376 honesti
1237 2338 1277 2375 et
1301 2336 1427 2387 probi.
1477 2335 1534 2374 At
1557 2334 1655 2385 quid
1678 2335 1831 2374 factum

296 2397 383 2437 est?
433 2397 529 2444 Quis
560 2399 690 2437 uictor
721 2396 877 2437 euasit?
928 2396 1099 2446 Cassius,
1131 2395 1252 2435 Gaius
1283 2397 1400 2435 homo
1429 2396 1494 2434 hic
1519 2395 1830 2434 sordidissimus:

294 2458 399 2497 hunc
430 2458 585 2497 Tullius
617 2458 734 2496 iudex
765 2457 949 2496 heredem
979 2457 1090 2506 facit,
1122 2458 1162 2495 et
1191 2456 1338 2505 reliqui
1362 2467 1496 2494 omnes
1521 2455 1702 2493 damnati
1725 2455 1830 2503 sunt,

294 2519 320 2556 i.
348 2531 379 2557 e.
406 2530 526 2557 causa
561 2518 787 2568 ceciderlmt
823 2518 864 2556 et
899 2517 1013 2555 litem
1049 2516 1318 2566 perdiderunt.
1380 2514 1489 2560 Quae
1527 2515 1562 2553 si
1597 2515 1702 2553 recte
1740 2526 1830 2553 con-

295 2579 440 2617 stituta
482 2579 591 2627 sunt,
641 2578 924 2629 grauissimum
965 2576 1009 2614 hi
1052 2587 1189 2614 uersus
1233 2576 1325 2615 sunt
1366 2575 1641 2613 testimonium
1682 2573 1831 2612 Lucilii

296 2639 428 2676 aetate
453 2637 496 2676 id
520 2639 580 2676 est
604 2638 781 2687 tempore
806 2637 888 2675 fere
917 2635 1148 2688 Iugurthini
1174 2635 1271 2674 belli
1302 2634 1476 2673 nondum
1513 2634 1619 2684 apud
1655 2634 1830 2672 centum-

295 2698 403 2736 uiros
434 2697 702 2736 hereditatum
729 2697 821 2735 lites
847 2697 957 2735 actas
983 2708 1065 2735 esse
1091 2707 1170 2746 qua
1195 2695 1243 2734 de
1266 2695 1458 2744 temporis
1485 2694 1714 2743 quaestione
1739 2692 1835 2731 conf

239 2767 244 2771 ’
296 2757 545 2796 Wlassakius
569 2757 613 2795 in
637 2755 1018 2806 Paulyi-Wissowae
1044 2755 1243 2805 encyclop.
1270 2766 1299 2793 s.
1324 2768 1362 2792 11.
1388 2754 1627 2792 centumuiri
1649 2752 1680 2791 I.
1724 2752 1830 2791 Nam

297 2818 520 2856 accuratius
558 2829 706 2854 annum
749 2816 910 2854 definire
950 2827 1030 2854 non
1071 2815 1167 2854 licet
1210 2827 1289 2864 quo
1332 2814 1524 2852 iudicium
1566 2812 1670 2851 illud
1705 2812 1830 2850 Tullii

298 2877 419 2915 fuerit
450 2877 618 2914 factum:
653 2875 723 2914 sed
751 2875 899 2914 Lucilii
929 2875 1120 2913 memoria
1151 2875 1303 2913 sactum
1334 2885 1416 2912 esse
1455 2873 1631 2923 apparet.
1693 2871 1830 2910 Potuit

297 2938 416 2986 poeta
453 2935 621 2975 scribere
659 2936 700 2974 et
738 2934 866 2974 Gaius
903 2934 1064 2974 Cassius
1099 2935 1161 2973 hic
1198 2935 1238 2971 et
1278 2933 1457 2978 Cassius,
1500 2931 1628 2971 Gaius
1663 2932 1724 2970 hic
1760 2931 1830 2981 qui

298 2996 511 3045 scripserat
541 2995 590 3033 L.
614 2994 740 3040 Cotta,
780 2994 821 3043 Q.
845 2994 1040 3043 Opimius:
1081 2993 1150 3032 sed
1185 2993 1315 3031 uoluit
1349 2992 1550 3031 hominem
1586 2991 1829 3041 distinguere
