2060 3444
284 269 313 317 2
569 314 577 320 ,
947 267 965 308 1
987 283 1024 309 u.
1052 273 1154 310 1-2.

284 389 424 441 fragm.
461 389 511 427 11
541 386 578 426 D
627 391 712 435 πῶς
756 388 850 440 γαῖα
898 384 965 426 καὶ
1014 385 1124 438 ἥλιος
1166 384 1238 439 ἠδὲ
1280 386 1425 439 σελήνη
1465 384 1591 440 αἰθήρ
1627 400 1666 425 τε
1704 382 1821 434 ξυνὸς

285 448 382 501 γάλα
419 442 447 486 τ’
480 446 670 501 οὐράνιον
706 445 773 485 καὶ
805 444 987 515 ὄλυμπος
1024 445 1182 499 ἔσχατος
1217 442 1284 499 ἠδ’
1325 444 1479 501 ἄστρων
1516 445 1667 500 θερμὸν
1705 443 1822 498 μένος

285 505 533 561 ὡρμήθησαν
563 507 772 560 γίγνεσθαι
802 506 985 557 inprimis
1016 506 1057 544 in
1088 507 1163 546 hoc
1194 520 1336 558 genere
1367 519 1530 558 poeseos
1554 505 1716 545 uidetur
1740 517 1823 546 esse

285 567 612 618 comparandum.
663 567 759 606 conf
807 566 885 605 Dio
935 565 1047 605 Prus.
1073 566 1246 605 XXXIII
1278 568 1335 606 44
1361 567 1382 605 Ι
1417 580 1455 618 p.
1484 568 1588 616 309,
1626 567 1682 605 24
1725 565 1822 604 Arn.

285 627 406 666 Ennii
436 627 721 678 Epicharmum
759 627 799 664 et
829 626 1097 664 Euhemerum
1135 627 1209 665 hoc
1250 627 1337 666 loco
1368 627 1512 677 respici
1542 625 1585 664 L.
1606 625 1824 664 Muellerus
1869 631 1871 633 '

286 687 463 726 adnotat.
525 687 698 725 Exorsus
737 688 798 724 est
833 688 954 736 poeta
990 685 1113 725 libros
1150 698 1241 725 suos
1279 686 1372 724 XXI
1410 698 1579 737 quorum
1615 697 1825 723 numerum

284 746 446 786 uidetur
476 759 642 785 numero
674 746 900 784 litterarum
932 745 1166 784 Latinarum
1198 746 1337 785 fecisse
1368 758 1505 796 parem
1532 746 1651 785 sicuti
1677 742 1824 783 Caluus

286 808 422 845 orator
453 801 599 859 (Tacit.
621 805 767 857 dialog.
790 800 866 858 21)
898 818 1017 844 uersu
1049 805 1230 845 omnibus
1261 805 1435 844 numeris
1466 804 1652 855 perfecto.

406 861 450 906 2.
479 864 684 905 Charisius
710 863 777 903 GL
797 865 817 903 Ι
841 878 879 915 p.
903 865 1001 915 125,
1029 866 1081 904 19
1103 864 1139 903 Κ
1167 861 1319 904 ‘Canes
1370 864 1549 904 Lucilius
1573 864 1594 902 I
1620 860 1826 902 “Inritata

320 922 527 976 ..dicit'',
565 937 638 976 pro
677 922 812 964 canis.’
877 924 987 963 Idem
1018 938 1055 975 p.
1079 926 1182 975 145,
1211 926 1264 964 19
1311 922 1504 975 ‘Torques
1550 924 1615 963 1110
1654 925 1694 962 et
1729 922 1826 962 haec

286 989 447 1036 torques
478 985 740 1034 nominatiuo,
771 986 819 1022 ut
849 984 914 1023 hic
940 986 979 1023 et
1004 984 1101 1023 11000
1127 997 1243 1024 canes
1269 998 1293 1024 a
1318 985 1476 1023 Lucilio
1501 984 1603 1023 libro
1629 983 1649 1021 I
1674 983 1827 1022 dictum

286 1042 482 1098 legimus.’
562 1045 716 1084 Nonius
765 1058 802 1095 p.
831 1045 906 1094 31,
940 1045 994 1082 23
1041 1041 1220 1084 ‘Irritare
1247 1075 1254 1083 .
1284 1075 1290 1082 .
1320 1075 1327 1083 .
1372 1044 1550 1083 Lucilius
1600 1044 1827 1093 satyrarum

257 1130 259 1133 -
288 1105 356 1143 lib.
377 1104 395 1144 I
425 1102 624 1144 “inritata
651 1100 829 1157 (irritata
855 1099 1209 1158 Guelferbytanus)
1231 1116 1326 1144 came
1347 1135 1353 1142 .
1377 1135 1383 1142 .
1406 1136 1413 1143 .
1435 1100 1592 1142 dicit”.’
1645 1102 1827 1141 Donatus

288 1165 338 1204 ad
394 1164 598 1216 Adelphos
652 1164 828 1203 Terentii
866 1163 907 1202 II
946 1166 995 1212 4,
1035 1164 1089 1202 18
1142 1161 1250 1202 ‘nam
1300 1164 1453 1202 irritari
1502 1163 1662 1213 proprie
1712 1173 1827 1201 canes

287 1225 483 1264 dicuntur.
546 1224 724 1263 Lucilius
756 1223 804 1262 de
842 1223 979 1263 littera
1009 1237 1030 1261 r
1061 1220 1253 1263 “irritata
1285 1225 1395 1263 cam's
1426 1223 1528 1272 quod
1557 1222 1676 1261 homo
1708 1233 1827 1272 quam

279 1285 460 1334 plurima
493 1279 569 1337 (ita
600 1280 638 1323 V
662 1286 697 1322 et
720 1284 818 1323 codd
842 1283 1068 1322 deteriores:
1092 1283 1258 1333 planitis
1284 1280 1351 1322 al'.
1378 1283 1540 1334 planius
1565 1282 1635 1321 cod
1661 1281 1829 1331 amacii,

287 1345 428 1395 planos
475 1344 522 1394 Ο,
567 1343 723 1394 plamos
765 1344 835 1382 cod
878 1337 1035 1397 Hulsii)
1086 1343 1193 1383 dicat
1235 1338 1311 1397 (ita
1355 1343 1400 1392 V,
1443 1342 1570 1381 dictat
1612 1341 1829 1390 deteriores,

288 1404 449 1443 dictitat
479 1403 522 1453 0,
553 1403 624 1443 cod
650 1398 886 1457 Guiacii)’'.'
939 1402 1189 1453 Quamquam
1219 1402 1388 1452 Nonius,
1420 1415 1509 1442 cum
1541 1401 1640 1440 dicit
1669 1401 1829 1439 irritare

288 1466 463 1503 tractum
508 1475 593 1503 esse
637 1476 661 1502 a
705 1462 886 1512 canibus,
930 1463 1019 1513 qui,
1063 1475 1153 1501 cum
1195 1464 1468 1513 prouocantur
1510 1462 1679 1510 iniunt,
1723 1461 1830 1509 errat

288 1524 518 1574 manifeste,
554 1525 689 1562 tamen
727 1522 927 1562 Lucilium
965 1534 1054 1561 cum
1094 1522 1203 1562 dicat
1233 1522 1281 1561 de
1312 1523 1449 1561 littera
1480 1521 1623 1561 canina
1655 1517 1830 1559 ‘irritata

289 1595 405 1623 canes
437 1596 561 1634 quam
591 1583 710 1622 1101110
742 1595 862 1633 quam
893 1582 1053 1632 planius
1081 1579 1194 1621 dicit'
1222 1583 1417 1634 cogitasse
1443 1581 1491 1621 de
1517 1593 1660 1620 canum
1684 1580 1830 1619 hirritu

290 1639 444 1697 (Sidon.
478 1643 590 1694 epist.
616 1642 674 1681 IX
708 1642 761 1681 16
800 1656 837 1693 p.
869 1643 971 1692 171,
1007 1643 1061 1681 10
1099 1641 1179 1681 VH
1211 1642 1236 1680 3
1274 1655 1312 1693 p.
1341 1642 1444 1691 106,
1484 1637 1539 1680 28
1565 1639 1598 1679 L
1638 1639 1751 1678 Paul.
1783 1651 1830 1678 ex

288 1704 393 1743 Fest.
419 1716 458 1753 p.
482 1704 562 1742 101
576 1733 586 1752 ,
614 1697 659 1757 9)
698 1703 741 1741 in
778 1714 875 1742 uoce
911 1703 1073 1742 irritare
1110 1703 1151 1741 et
1186 1701 1411 1742 adhibenda
1442 1702 1483 1740 et
1512 1699 1662 1752 insigni
1691 1710 1830 1738 uersus

288 1763 376 1802 loco
415 1761 646 1803 collocanda
679 1764 988 1802 consentaneum
1020 1763 1099 1801 est:
1131 1762 1417 1812 etymologiam
1447 1760 1568 1799 istam
1598 1759 1829 1812 grammati·

289 1836 426 1863 corum
451 1834 678 1874 procreasse
703 1821 866 1861 uidetur
890 1834 1030 1861 uersus
1055 1823 1132 1860 iste
1157 1822 1372 1872 praecipue
1392 1820 1635 1859 Lucilianus.
1684 1818 1830 1869 Itaque

290 1896 369 1922 non
399 1884 564 1923 inritata
596 1882 664 1921 sed
694 1883 856 1921 irritata
886 1883 1076 1932 posuerat
1106 1883 1243 1932 poeta:
1274 1882 1386 1920 cuius
1418 1881 1639 1931 scripturae
1664 1879 1706 1917 in
1731 1877 1832 1918 codd

290 1942 397 1994 quod
434 1943 547 1981 nulla
584 1942 665 1981 fere
706 1944 767 1981 est
805 1941 1023 1981 auctoritas
1062 1963 1117 1968 —
1159 1953 1252 1980 nam
1283 1942 1447 1980 inritata
1477 1939 1598 1979 habet
1629 1937 1830 1978 Charisius

291 2005 331 2042 et
361 2003 485 2042 Nonii
515 2001 718 2041 Leidensis
743 2015 795 2040 111.
819 2004 840 2040 1
875 2023 934 2028 --
966 2001 1007 2040 id
1031 2014 1110 2040 non
1135 2001 1262 2053 pluris
1288 2002 1365 2039 erit
1390 1998 1680 2040 aestimandum
1709 2009 1831 2048 quam

291 2062 398 2113 quod
437 2062 478 2101 in
515 2061 654 2100 Plauti
692 2061 854 2101 Poenul.
882 2063 965 2101 279
1007 2058 1169 2101 ‘Assum
1207 2060 1316 2111 apud
1352 2062 1411 2109 te,
1452 2072 1596 2099 eccum.
1665 2058 1722 2096 At
1757 2069 1830 2109 ego

291 2122 416 2161 elixus
454 2124 508 2162 sis
546 2118 655 2160 uolo'
695 2121 795 2159 codd
833 2122 975 2161 adsum
1012 2122 1229 2160 testantur:
1271 2120 1361 2159 conf
1392 2119 1667 2158 Fleckeisenus
1699 2116 1829 2156 annal.

290 2182 387 2233 phil.
410 2180 512 2221 CLV
527 2183 653 2221 ‘1897
681 2195 718 2231 p.
742 2182 825 2220 766
846 2193 972 2231 seqq:
998 2183 1103 2219 recte
1124 2181 1316 2231 scriptum
1335 2181 1396 2219 est
1414 2178 1544 2218 Plaut.
1566 2177 1721 2228 Captiu.
1743 2176 1828 2215 485

293 2239 357 2281 ’110
390 2254 527 2281 00110111
560 2241 720 2291 quidem
750 2237 967 2280 irritatam’
1007 2243 1048 2279 et
1083 2240 1126 2279 in
1158 2239 1257 2279 codd
1288 2241 1329 2279 et
1358 2240 1401 2278 in
1432 2238 1542 2278 editt.
1603 2237 1664 2276 De
1695 2236 1833 2275 littera

292 2302 435 2341 canina
462 2314 582 2352 quam
613 2313 638 2339 a
670 2313 766 2340 00110
793 2300 933 2340 didicit
957 2300 1244 2339 Demosthenes
1270 2294 1521 2353 (Hieronym.
1548 2296 1637 2337 adu.
1663 2295 1792 2335 Rufin.
1810 2294 1832 2334 Ι

292 2361 370 2400 1101.
391 2361 432 2400 H
456 2375 493 2413 p.
516 2362 601 2399 473
628 2360 799 2399 Vallars.
857 2357 987 2407 ‘Quod
1018 2360 1087 2399 ille
1112 2360 1154 2398 in
1179 2372 1262 2399 una
1285 2359 1423 2398 littera
1447 2358 1543 2400 fecit
1568 2354 1831 2408 exprimenda,

292 2423 339 2460 ut
376 2434 401 2460 a
438 2433 533 2460 cane
569 2420 642 2459 rho
673 2420 857 2470 disceret,
899 2421 946 2459 tu
982 2421 1026 2459 in
1061 2433 1126 2459 me
1163 2408 1440 2472 criminaris’),
1473 2430 1594 2468 quam
1629 2415 1833 2468 hispidum

292 2481 364 2520 rho
403 2480 583 2531 appellat
619 2480 882 2519 Terentianus
918 2480 1104 2520 Maurus
1122 2478 1190 2518 GL
1215 2478 1275 2517 VI
1305 2492 1342 2530 p
1372 2479 1477 2526 333,
1518 2477 1601 2516 262
1621 2475 1677 2525 K,
1712 2475 1834 2526 poeta

294 2542 430 2593 egerat
460 2541 583 2579 etiam
608 2540 675 2578 lib.
696 2539 753 2578 IX
779 2553 815 2578 u.
839 2540 923 2579 377
951 2541 1015 2579 0111
1038 2539 1144 2578 111010
1169 2539 1266 2578 011111
1291 2537 1520 2577 tribuerunt
1543 2536 1649 2575 hunc
1674 2547 1833 2574 uersum

294 2603 434 2639 contra
487 2600 655 2639 duorum
711 2600 1059 2651 grammaticorum
1117 2598 1358 2638 testimonia.
1433 2596 1682 2646 Quamquam
1737 2593 1834 2645 quid

294 2660 440 2699 dixerit
463 2660 525 2699 his
550 2659 683 2699 uerbis
708 2658 888 2698 Lucilius
913 2659 1044 2698 adhuc
1074 2658 1286 2698 obscurum
1311 2659 1381 2697 est.
1439 2656 1548 2703 Quae
1573 2655 1679 2695 Pers.
1700 2654 1720 2692 I
1748 2655 1831 2694 109

296 2717 428 2759 ‘sonat
458 2720 523 2759 hic
553 2719 602 2758 de
633 2732 728 2758 nare
761 2719 904 2758 00111110
933 2715 1086 2758 littera’
1114 2718 1309 2769 exposuit,
1334 2729 1382 2756 ea
1406 2716 1458 2755 ad
1482 2717 1585 2755 iram
1608 2714 1834 2766 potentium

294 2780 501 2818 hominum
532 2780 746 2830 pertinent,
783 2779 852 2829 qui
893 2780 1031 2818 satura
1061 2778 1329 2817 lacessuntur:
1366 2776 1437 2815 ubi
1477 2775 1693 2815 scholiasta
1725 2770 1834 2813 ‘nam

296 2852 412 2879 canes
450 2839 626 2879 lacessiti
663 2839 719 2878 sic
755 2838 930 2877 hirriunt
966 2840 1012 2877 ut
1048 2838 1263 2877 uideantur
1300 2850 1322 2875 r
1357 2836 1536 2875 litteram
1565 2832 1834 2873 minitabundi

297 2895 736 2949 exprimer01Quam
771 2899 874 2936 iram
911 2898 945 2937 si
982 2897 1130 2936 Lucilii
1168 2897 1392 2947 exemplum
1428 2896 1586 2935 secutus
1622 2894 1682 2933 ita
1711 2891 1832 2944 signi-

210 2993 215 2997 .
296 2958 391 2997 ficat
420 2958 592 3007 Persius,
624 2971 712 2998 eam
741 2957 811 2997 ille
842 2957 910 2996 lib.
930 2957 951 2996 I
981 2959 1049 2996 uix
1079 2957 1216 3008 potuit
1243 2958 1409 3007 tangere
1434 2954 1513 2995 nisi
1535 2956 1579 2993 in
1603 2952 1833 3004 prohoemio

298 3017 404 3068 quod
441 3017 646 3070 dialogum
687 3017 930 3056 continuerit
966 3016 1092 3056 Persii
1131 3018 1293 3056 saturae
1323 3015 1345 3054 Ι
1375 3014 1536 3054 exordio
1567 3011 1832 3053 simillimmn:

2041 75 2060 116 nin
2050 35 2060 50 n
2057 10 2060 15 ..

2052 237 2060 390 ...ψ-..-
2043 199 2050 212 ““
