2060 3444
814 290 935 326 XXIX
959 302 995 326 u.
1025 292 1226 326 svs—881.
1712 287 1798 330 297

250 403 468 456 temptauit
498 417 588 444 cum
613 404 805 444 scriberet
829 416 870 443 se
893 407 1066 454 quatum.
1111 404 1176 444 Ad
1201 403 1367 443 Pacuuii
1396 403 1574 454 Chrysen
1602 403 1801 454 pertinere

250 464 452 505 intellexit
482 464 660 504 Naekius
693 459 846 519 (opusc.
871 464 893 504 I
917 478 954 515 p.
984 458 1107 518 106):
1140 465 1237 504 conf
1257 463 1406 516 Hygin.
1433 463 1513 502 fab.
1541 463 1667 503 CXXI
1697 460 1802 502 ‘cum

252 525 422 576 chryses
453 525 506 564 ad
537 524 880 577 Agamemnonem
917 524 1210 575 deprecandum
1248 523 1441 573 uenisset,
1480 525 1528 563 ut
1564 522 1639 562 sibi
1676 523 1802 562 filiam

251 585 450 634 redderet,
487 598 567 625 non
603 583 850 636 impetrauit.
914 583 974 624 Ob
1012 585 1055 624 id
1086 584 1234 636 Apollo
1276 585 1493 624 exercitum
1532 584 1616 623 eius
1653 584 1802 634 partim

252 647 357 686 fame
389 645 537 696 partim
569 645 707 686 morbo
735 647 865 686 totum
893 644 1150 697 consumpsit.
1200 645 1346 695 Itaque
1374 645 1650 696 Agamemnon
1679 642 1802 695 Chry-

251 706 363 746 seida
394 705 608 758 grauidam
639 706 836 746 sacerdoti
867 702 1050 745 remisit'.
1101 705 1246 756 Itaque
1276 707 1475 754 siynaz‘am
1505 706 1612 744 reete
1641 706 1804 743 enarrat

251 767 424 806 Nonius:
462 766 636 817 primum
674 768 798 818 negat
832 779 902 806 rex
940 779 980 806 se
1018 767 1213 806 intactam
1244 764 1409 809 reddere
1442 765 1640 805 sacerdoti
1677 765 1804 804 filiam

254 823 390 882 (Hom.
415 826 453 866 A
481 827 532 867 31
569 824 636 867 καὶ
665 825 762 879 ἐμὸν
789 824 896 879 λέχος
922 821 1178 880 ἀντιόωσαν),
1210 827 1351 877 postea
1377 825 1592 878 grauidam
1617 825 1803 865 reddidit.

253 887 378 934 Quem
397 887 529 927 locum
548 888 592 926 in
610 888 748 927 lexicis
769 888 979 927 conferunt
998 887 1164 927 Tertull.
1185 887 1233 926 de
1254 887 1403 926 exhort.
1426 887 1520 926 cast.
1536 899 1622 937 cap.
1640 885 1804 925 12med.

254 945 429 988 ‘assume
473 947 521 987 de
564 948 700 988 uiduis
744 947 820 987 fide
865 948 1090 999 pulchram,
1138 949 1378 998 paupertate
1421 946 1622 996 dotatam,
1672 947 1805 986 aetate

231 1005 484 1062 *signatamss
503 1028 509 1029 ff
527 1009 562 1048 is
607 1008 709 1048 nihil
752 1008 828 1048 huc
871 1009 981 1047 facit.
1044 1008 1235 1047 Verterat
1277 1010 1397 1058 poeta
1440 1007 1682 1047 uocabulum
1726 1020 1805 1058 quo

255 1068 468 1120 Euripides
500 1081 596 1109 usus
628 1071 716 1108 erat
739 1069 781 1108 in
806 1068 1037 1120 Hypsipyla
1063 1064 1186 1123 (TGF
1215 1068 1351 1107 762N
1378 1068 1427 1107 ed
1452 1062 1512 1122 Π)
1544 1065 1707 1119 εὔφημα
1739 1065 1806 1106 καὶ

254 1135 304 1169 σᾶ
342 1127 408 1168 καὶ
450 1127 828 1183 κατεσφραγισμένα.
890 1132 1030 1169 natam
1071 1130 1179 1169 recte
1225 1130 1398 1168 inseruit
1446 1128 1714 1168 Baehrensius
1765 1128 1807 1167 ni

255 1189 375 1229 fallor
411 1190 575 1240 primus.
644 1189 826 1229 Positum
863 1190 985 1229 fuisse
1022 1189 1066 1228 id
1102 1189 1210 1240 quod
1252 1189 1327 1228 hoc
1370 1201 1507 1228 uersu.
1532 1190 1738 1228 narratur
1764 1190 1807 1227 in

254 1250 423 1302 prologo
454 1250 686 1301 tragoediae
719 1251 1030 1290 consentaneum
1061 1251 1139 1289 est:
1178 1248 1292 1289 cuius
1330 1251 1612 1301 argumentum
1647 1250 1807 1288 enarrat

255 1309 496 1350 Ribbeckius
528 1310 668 1350 histor.
699 1321 805 1362 poes.
839 1311 951 1350 Rom.
978 1311 999 1350 I
1030 1310 1077 1349 ed
1104 1310 1145 1349 II
1169 1323 1206 1361 p.
1238 1311 1334 1349 171.
1403 1309 1603 1379 Fabulam
1641 1309 1807 1349 eandem

255 1370 420 1422 respicit
449 1372 571 1421 poeta
599 1371 669 1410 lib.
694 1370 828 1411 XXVI
852 1385 889 1410 ιι.
918 1372 1003 1411 653
1021 1383 1128 1422 seqq.
1799 1390 1801 1392 ·

377 1425 498 1472 877.
526 1431 682 1471 Nonius
714 1445 752 1482 p
781 1432 849 1480 27,
877 1433 901 1471 9
944 1428 1290 1471 ‘Exterminatum
1321 1432 1382 1470 est
1418 1433 1580 1481 praeter
1615 1411 1808 1469 terminos

257 1491 432 1532 missum.
464 1491 674 1531 ·Lucilius
712 1492 781 1531 lib.
806 1491 1002 1531 XXVIHI
1042 1489 1070 1506 ‘
1076 1492 1115 1530 ni
1148 1487 1227 1545 (ita
1251 1491 1312 1530 L:
1342 1505 1368 1530 ιι
1397 1486 1454 1545 G)
1489 1490 1640 1530 rediret
1677 1490 1728 1530 ad
1767 1503 1807 1530 se

257 1554 379 1602 atque
410 1551 524 1592 illam
555 1552 820 1592 exterminare
851 1549 1068 1592 miser’fflm
1074 1584 1080 1591 .
1121 1573 1124 1576 ⁴
1150 1553 1424 1592 extermmaret
1454 1551 1661 1600 editiones,
1696 1551 1808 1590 misc-

257 1614 362 1652 riam
399 1611 665 1663 Passeratius,
708 1614 895 1652 neutrum
938 1613 1036 1653 satis
1081 1612 1189 1651 facit.
1258 1611 1364 1651 Nam
1408 1611 1632 1651 infinitiuus
1676 1612 1810 1662 potest

258 1672 429 1723 pendere
462 1685 482 1710 e
513 1672 636 1712 uerbo
668 1673 775 1723 quod
803 1675 890 1712 erat
914 1674 957 1712 in
982 1685 1102 1712 uersu
1129 1673 1312 1723 sequenti
1338 1674 1379 1711 et
1404 1671 1654 1711 desideratur
1678 1671 1810 1711 ueluti

259 1745 305 1772 ex
341 1734 491 1782 animm
535 1733 685 1772 locutio
723 1734 866 1773 rediret
904 1734 957 1772 ael
993 1746 1033 1772 se
1077 1732 1239 1786 flagitat
1274 1732 1410 1783 potius
1452 1733 1673 1771 insaniam:
1718 1733 1814 1772 conf

259 1793 418 1832 Terent.
444 1791 614 1843 Adelph.
644 1794 728 1832 794
769 1791 963 1833 ‘Tandem
1000 1794 1179 1845 reprime.
1209 1792 1462 1832 iracundiam
1505 1794 1627 1843 atque
1673 1792 1724 1831 ad
1768 1794 1808 1831 te

258 1849 378 1901 redi’3
410 1852 567 1892 Lucret.
592 1853 651 1893 IV
679 1854 763 1893 996
805 1851 946 1893 ‘donec
982 1853 1171 1893 discussis
1208 1852 1375 1892 redeant
1416 1853 1614 1893 erroribus
1653 1852 1703 1892 ad
1741 1848 1810 1892 se’.

263 1914 375 1953 1023
410 1910 493 1952 fuix
527 1913 578 1952 ad
609 1926 650 1952 se
681 1911 865 1954 redeunt'
912 1913 990 1954 Cic.
1017 1913 1143 1953 diuin.
1169 1914 1212 1953 in
1239 1912 1382 1953 Caecil.
1411 1914 1465 1952 57
1504 1910 1640 1952 ‘rediit
1678 1912 1729 1951 ad
1768 1925 1809 1952 se

260 1974 382 2024 atque
413 1972 465 2013 ad
495 1986 623 2013 mores
656 1970 776 2024 suos'‚
809 1987 911 2025 quae
943 1974 1067 2013 uerba
1097 1974 1288 2027 leguntur
1317 1976 1527 2024 tamquam
1560 1986 1653 2025 pars
1683 1975 1810 2025 septe-

260 2034 375 2077 narii.
438 2033 604 2085 Proprie
637 2033 784 2073 dicitur
813 2035 862 2074 de
895 2035 952 2074 eis
984 2035 1053 2086 qui
1085 2047 1106 2074 e
1145 2034 1283 2074 morbo
1323 2034 1454 2085 qualis
1496 2036 1558 2073 est
1594 2033 1810 2073 comitialis

261 2093 312 2134 ad
343 2106 384 2133 se
415 2094 586 2134 redeunt
617 2091 736 2145 (Cels.
761 2095 824 2134 m
849 2108 935 2147 cap.
964 2089 1150 2149 23init.).

382 2149 494 2194 878.
525 2154 681 2194 Nonius
713 2170 750 2207 p.
780 2156 878 2206 274,
907 2156 959 2195 15
996 2152 1240 2194 ‘Conducere
1266 2157 1328 2195 est
1353 2155 1469 2194 sicuti
1497 2169 1582 2195 usu.
1633 2155 1811 2194 Lucilius

261 2214 328 2253 lib.
355 2214 550 2254 XXVIIII
583 2211 761 2267 “magno
790 2247 796 2254 .
823 2245 832 2256 ..
862 2248 868 2254 .
896 2212 1191 2256 conduxeris”.³
1255 2215 1390 2255 Verba
1421 2224 1519 2254 sana
1551 2228 1635 2255 esse
1672 2212 1812 2255 uiden-

261 2277 347 2314 tur:
385 2274 593 2325 praedium
626 2288 731 2314 nunc
762 2289 909 2327 magno
940 2275 1016 2315 tibi
1048 2277 1136 2315 erit*
1157 2270 1314 2329 (quen.
1340 2275 1403 2315 ΙΙΙ
1430 2270 1554 2330 166),
1593 2288 1697 2315 nunc
1732 2287 1812 2315 non

264 2347 451 2387 magnam
494 2335 703 2385 inpensam
746 2336 970 2386 postulabit
1013 2348 1159 2388 magno
1206 2335 1313 2386 quod
1358 2335 1603 2375 conduxeris.
1666 2348 1811 2384 maymt

262 2394 444 2439 mercede,
471 2397 518 2433 ut
546 2394 624 2434 Cic.
651 2396 765 2447 epist.
786 2396 806 2435 I
834 2398 871 2446 9,
900 2398 923 2436 3
953 2393 1024 2435 ‘Te
1051 2398 1186 2435 autern
1214 2397 1290 2435 etsi
1315 2396 1477 2434 mallem
1503 2396 1545 2434 in
1566 2390 1669 2436 ‘meis
1695 2396 1812 2435 rebus

263 2456 471 2506 expertum
508 2467 630 2505 quam
668 2456 790 2495 etiam
828 2456 870 2495 in
908 2456 1007 2507 tuis,
1049 2457 1186 2496 tamen
1223 2456 1266 2495 in
1303 2455 1488 2494 molestia
1525 2456 1680 2508 gaudeo
1725 2469 1812 2495 eam

264 2514 383 2554 fidem
426 2527 616 2566 cognosse
658 2516 865 2556 hominum
910 2529 990 2556 non
1033 2516 1091 2555 ita
1135 2529 1284 2568 magna
1326 2515 1523 2564 mercede,
1573 2530 1694 2567 quam
1738 2529 1811 2567 ego

264 2574 436 2614 maximo
474 2575 609 2615 dolore
649 2573 878 2628 cognoram'
918 2576 966 2615 de
1004 2575 1107 2616 dom.
1137 2577 1190 2616 29
1233 2573 1343 2615 ‘data
1380 2589 1529 2616 merces
1569 2578 1630 2616 est
1668 2577 1812 2616 erroris

264 2636 344 2674 mei
374 2632 536 2687 magna’
570 2636 684 2675 Tusc
710 2636 773 2676 ΠΙ
800 2639 854 2677 12
889 2633 997 2676 ‘nam
1028 2636 1132 2676 istuc
1163 2636 1265 2675 nihil
1291 2636 1425 2676 dolere
1451 2649 1530 2675 non
1556 2638 1640 2676 sine
1666 2650 1813 2688 magna

265 2694 443 2738 mercede
462 2693 689 2748 contingit'.
722 2697 928 2748 Asyndeta
949 2697 1098 2738 similia
1118 2698 1214 2736 sunt
1237 2696 1304 2736 lib.
1324 2697 1361 2736 X
1378 2710 1417 2743 ιι.
1440 2697 1523 2736 387
1553 2697 1648 2736 XVI
1667 2710 1704 2735 u.
1726 2698 1813 2737 520

264 2755 418 2795 XXVII
441 2769 478 2795 u.
502 2757 598 2795 700.

387 2809 498 2856 879.
530 2815 685 2855 Nonius
717 2829 755 2866 p.
785 2817 883 2866 294,
911 2818 964 2856 22
1012 2814 1264 2868 ExploiQare
1312 2816 1493 2867 probare
1529 2817 1812 2856 ..Lucilius

266 2874 334 2913 lib.
354 2872 586 2914 XXVIIII‘
592 2872 758 2915 certum
787 2907 793 2914 .
846 2873 1060 2916 .omnia''.
1066 2873 1076 2890 ’
1123 2876 1360 2926 Alloquitur
1384 2876 1568 2916 dominus
1595 2847 1814 2916 delatorem

267 2936 338 2985 qui
375 2946 464 2973 cum
502 2934 764 2975 dubitatione
793 2907 942 2975 referat
971 2936 1019 2975 de
1051 2935 1258 2975 fraudibus
1296 2935 1599 2987 dispensatoris:
1637 2949 1735 2975 uera
1766 2936 1814 2975 de

268 3006 314 3034 eo
345 2994 487 3033 referri
517 2993 615 3034 dicit
638 2994 835 3045 dominus,
861 2996 930 3046 qui
961 2996 1091 3035 furem
1123 2996 1240 3035 illum
1271 3008 1354 3035 esse
1386 2995 1536 3036 dudum
1568 2997 1814 3049 cognouerit.

389 3048 501 3095 881.
533 3054 689 3096 Nonius
719 3069 757 3108 p.
786 3056 854 3106 36,
882 3056 936 3096 18
972 3053 1164 3110 Emungi
1194 3069 1239 3096 ex
1269 3056 1485 3098 manifesta
1522 3056 1814 3110 significatione
