2060 3444
716 250 848 290 incert.
875 249 952 288 sed.
981 263 1015 287 u.
1045 254 1291 288 1109—1113.
1698 249 1784 295 353

234 380 271 406 u.
314 367 439 406 1361.
515 366 690 406 Tardum
742 367 784 406 et
831 367 993 417 pigrum
1043 378 1155 405 ecum
1204 368 1401 405 memorat
1450 367 1570 416 poeta
1620 365 1687 405 lib.
1726 365 1784 404 IV

232 441 271 466 u.
301 427 396 466 163.
695 432 700 438 ‘
1359 445 1362 447 ·

359 481 499 528 1110.
537 486 786 527 Glossarium
819 485 919 526 OGL
943 486 986 526 H
1016 499 1054 537 p.
1083 487 1151 536 20,
1179 487 1232 526 37
1275 483 1502 536 ‘Aquilum‚
1546 483 1686 537 μέλαν,
1730 483 1784 533 ὡς

233 544 502 595 Λουκίλλιος’.
552 547 618 587 Ita
645 547 874 598 Stephanus
901 546 1038 596 edidit,
1065 547 1490 598 μελανονωλουκιλλιος
1517 545 1650 596 codeX,
1677 546 1784 596 quod

233 606 417 660 μελανόν,
449 604 503 655 ὡς
541 607 781 655 Λουκίλλιος
824 608 1114 658 interpretatur
1150 606 1343 646 Loeweus
1386 605 1586 656 prodrom.
1619 619 1657 656 p.
1685 607 1783 645 296.

234 669 331 707 297.
376 667 508 707 Plaut.
528 667 647 707 Poen.
672 670 784 707 1112
808 665 987 719 ‘corpore
1007 664 1174 718 aquilo',
1200 668 1298 706 item
1319 666 1366 705 de
1390 678 1554 716 corpore
1573 666 1674 705 Rud.
1696 668 1780 706 421

233 725 391 778 ‘corpus
424 725 709 779 subaquilum',
741 729 839 767 item
871 727 1035 767 Sueton.
1062 727 1232 780 August.
1263 728 1316 766 79
1332 728 1430 766 extr.
1465 723 1653 766 ‘colorem
1677 728 1785 766 inter

231 788 413 838 aquilum
439 786 748 839 candidumque’
775 788 924 827 Arnob.
946 788 1009 827 HI
1030 789 1084 827 14
1110 802 1149 838 p.
1173 789 1270 837 121,
1299 787 1352 825 26
1369 787 1405 825 R
1432 783 1603 837 ‘aquilos
1633 787 1784 827 caesios

212 845 362 889 rrauos’
396 848 510 887 Paul.
538 862 583 888 ex
611 849 716 888 Fest.
742 863 780 900 p.
809 850 862 888 22
897 848 1083 887 Placidus
1110 847 1223 887 OGL
1249 847 1286 885 V
1312 861 1349 898 p.
1380 847 1447 897 16,
1477 848 1542 886 10.

366 902 509 949 1111.
548 909 668 948 Atilii
703 909 914 948 Fortunat.
947 910 1046 949 artis
1073 907 1141 949 GL
1166 908 1225 947 VI
1250 922 1288 959 p.
1317 908 1415 958 278,
1444 907 1550 946 17Κ
1589 904 1713 959 ‘quod
1751 909 1786 947 si

231 969 366 1008 omnia
396 969 498 1009 uelis
530 982 764 1022 cognoscere
796 971 838 1009 et
867 969 1031 1008 nomina
1063 970 1103 1008 et
1134 981 1281 1022 genera
1310 969 1547 1019 metrorum,
1587 980 1677 1007 cum
1708 968 1786 1007 tibi

231 1029 282 1068 ab
314 1030 491 1069 oratoria
523 1031 651 1069 otium
683 1031 817 1079 fuerit,
849 1031 1003 1069 ueteres
1035 1029 1225 1081 legemus,
1257 1028 1300 1068 id
1331 1029 1403 1077 est,
1442 1030 1489 1067 ut
1521 1029 1580 1067 ait
1604 1027 1784 1068 Lucilius

233 1086 523 1129 “archaeotera
566 1084 822 1144 (archeotyra
854 1089 894 1128 A
926 1090 1170 1141 archeotypa
1202 1089 1242 1128 B
1275 1089 1496 1139 archetypa
1534 1089 1621 1128 edit.
1652 1090 1783 1138 princ.

232 1149 470 1200 archetypos
504 1145 679 1204 Keilius)
712 1150 819 1189 unde
850 1150 949 1189 haec
987 1151 1081 1189 sunt
1109 1151 1245 1189 omnia
1276 1145 1434 1189 nata’'.'
1486 1148 1659 1188 Videtur
1690 1149 1785 1188 scri-

229 1211 354 1260 psisse
379 1210 557 1250 Lucilius
585 1206 716 1250 ‘nosce
742 1211 1000 1250 archaeotera
1025 1210 1097 1248 illa
1125 1210 1229 1249 unde
1254 1210 1354 1248 haec
1379 1210 1473 1248 sunt
1499 1210 1634 1248 omnia
1658 1206 1783 1248 nata'.

231 1269 346 1316 Quod
389 1270 634 1310 adiectiuum
676 1271 814 1322 posuit
857 1271 1103 1310 contrarium
1146 1271 1208 1309 illi
1253 1268 1360 1320 quod
1405 1271 1465 1309 est
1514 1269 1556 1308 οἵ
1602 1268 1784 1323 νεώτεροι

230 1325 409 1384 (Lehrsii
438 1330 658 1371 Aristarch.
692 1331 786 1370 edit.
812 1331 876 1370 m
906 1345 944 1381 p.
974 1331 1057 1370 105
1075 1343 1155 1381 seq.
1188 1330 1393 1380 Aristoph.
1428 1329 1532 1368 Nub.
1563 1330 1678 1369 1370
1705 1329 1784 1369 Cic.

230 1390 282 1430 ad
307 1390 392 1431 Att.
412 1390 494 1430 VH
519 1393 558 1441 2,
586 1386 650 1446 1),
690 1392 989 1442 comparatiuus
1021 1393 1186 1442 ponitur
1223 1392 1270 1430 ut
1301 1390 1510 1441 Aristoph.
1535 1390 1640 1430 Nub.
1670 1391 1782 1429 1391

229 1456 308 1490 τῶν
339 1449 559 1505 νεωτέρων,
598 1453 781 1502 sequitur
809 1453 922 1491 1395
956 1457 1035 1491 τῶν
1074 1449 1318 1505 γεραιτέρων.
1385 1450 1550 1490 Veteres
1589 1463 1784 1489 commen-

230 1511 356 1561 dauit,
386 1512 571 1562 inprimis
596 1512 828 1562 Homerum,
860 1512 964 1551 unde
995 1513 1204 1562 tamqnam
1233 1525 1279 1550 ex
1310 1509 1468 1550 Oceano
1495 1511 1630 1550 omnia
1653 1513 1784 1561 poste-

230 1573 383 1610 riorum
422 1573 663 1622 scriptorum
706 1574 804 1611 nata
848 1584 932 1611 esse
983 1571 1126 1610 docent
1169 1570 1310 1610 Graeci
1358 1565 1542 1624 (Dionys.
1575 1570 1705 1610 Halic.
1737 1570 1785 1610 de

232 1643 404 1682 compos.
436 1631 543 1670 uerb.
578 1644 662 1683 cap.
692 1633 746 1670 24
778 1646 816 1683 p.
846 1632 930 1671 189
951 1631 999 1670 V.
1021 1631 1056 1670 R
1089 1630 1256 1677 Quintil.
1283 1631 1318 1669 X
1347 1633 1392 1682 1,
1427 1631 1481 1669 46
1500 1635 1505 1641 ’
1524 1630 1692 1682 Longin.
1737 1631 1785 1669 de

231 1691 388 1731 sublim.
427 1704 512 1742 cap.
548 1693 621 1742 13,
656 1693 680 1731 3
724 1692 880 1732 Philod.
925 1692 973 1731 de
1016 1692 1163 1731 rhetor.
1195 1691 1237 1730 H
1274 1705 1311 1742 p.
1350 1693 1432 1730 111
1481 1690 1602 1729 Sudh.
1650 1690 1784 1731 Senec.

231 1747 528 1852 ep1st.181{31‚25·).
542 1812 744 1863 interpres
781 1812 955 1865 Vergilii
991 1812 1136 1852 Veron.
1177 1811 1342 1851 Aeneia.
1367 1811 1469 1850 vm
1502 1812 1556 1850 25
1612 1807 1784 1851 ‘Lacuar

378 1866 580 1927 {pluribus
748 1867 752 1927 1
776 1886 878 1923 quae
902 1887 977 1912 11..
1139 1867 1143 1927 Ι
1166 1871 1344 1912 Lucilius
1513 1866 1518 1926 Ι
1542 1866 1781 1927 arcusque'.{

230 1932 312 1971 'Vbi
342 1932 566 1984 Vergffiusz
600 1930 750 1972 ‘lumen
777 1964 784 1972 .
806 1963 814 1972 .
838 1964 845 1972 .
872 1934 1007 1972 omnia
1038 1932 1261 1983 peruolitat
1290 1933 1373 1971 late
1405 1932 1493 1971 loca
1522 1931 1682 1982 iamque
1708 1932 1781 1972 sub

233 2005 352 2032 auras
379 1992 547 2044 erigitur
572 1994 795 2044 summique
821 1993 916 2033 ferit
941 1988 1120 2032 lacuaria
1145 1989 1270 2032 tecti'.
1316 1991 1482 2031 Confert
1500 1992 1780 2043 Lachmannus

231 2054 371 2092 incert.
398 2067 435 2092 u.
465 2054 580 2092 1290
608 2050 875 2093 ‘resultabant
900 2053 1096 2103 aedesque
1120 2050 1339 2103 lacusque',
1371 2053 1560 2103 lacusque
1587 2065 1780 2103 arcusque

232 2113 447 2153 Muellerus
472 2114 610 2153 incert.
639 2114 708 2163 41,
741 2110 972 2164 ‘lacuarque
1004 2110 1213 2163 arcusque'
1247 2113 1515 2153 Baehrensius
1543 2113 1642 2152 844.

356 2167 497 2214 1113.
523 2173 678 2213 Nonius
703 2187 751 2212 ex
775 2173 1038 2225 grammatico
1064 2188 1101 2225 p.
1124 2174 1224 2223 536,
1246 2174 1269 2212 7
1299 2170 1524 2212 ‘Anchorae
1552 2167 1784 2227 (Anqumae

232 2229 405 2287 Iunius),
436 2233 572 2272 uincla
605 2233 748 2284 quibus
781 2237 992 2274 antemnae
1023 2235 1222 2272 tenentur.
1284 2232 1463 2273 Lucilius
1500 2229 1783 2272 “armamenta

233 2295 368 2332 tamen
399 2293 554 2332 malum
583 2294 648 2333 uel
678 2294 813 2333 omnia
844 2306 977 2334 seruo:
1017 2294 1125 2333 funis
1157 2293 1264 2332 enim
1300 2294 1503 2344 praecisus
1542 2294 1622 2332 cito
1661 2295 1782 2344 atque

234 2354 407 2393 anchora
437 2350 630 2393 soluta'’.'
693 2354 870 2394 Isidorus
908 2354 1050 2406 origin.
1077 2353 1171 2392 XIX
1197 2355 1237 2403 4,
1265 2355 1287 2392 7
1323 2349 1516 2404 ‘anquina
1547 2353 1666 2402 funis,
1699 2366 1778 2403 quo

196 2422 204 2429 ·
235 2413 286 2452 ad
316 2413 469 2452 malum
500 2414 689 2453 antemna
720 2415 1028 2466 constringitur;
1062 2414 1110 2453 de
1141 2426 1222 2464 qua
1255 2412 1384 2452 Cinna
1415 2407 1536 2467 (FPR
1561 2427 1599 2464 p.
1628 2414 1727 2463 323,
1755 2414 1779 2452 5

235 2468 468 2527 Baehrens.)
509 2470 663 2524 “atque
702 2475 879 2524 anquina
916 2476 1032 2526 regat
1069 2474 1255 2514 stabilem
1295 2473 1516 2513 fortissima
1560 2470 1780 2512 cursum''.'

235 2534 468 2583 Anquinam
497 2533 625 2573 Attici
663 2534 801 2573 dicunt
830 2531 1024 2587 ἄγκοιναν
1056 2528 1372 2588 (Meisterhansii
1403 2546 1568 2585 gramm.
1600 2533 1782 2583 inscript.

235 2593 358 2633 Attic.
385 2593 434 2632 ed
458 2593 520 2632 111
544 2607 582 2644 p.
612 2595 709 2644 119,
738 2589 891 2648 1095):
922 2594 1090 2645 laqueus
1123 2595 1184 2633 est
1215 2607 1295 2644 quo
1325 2595 1514 2633 antemna
1547 2593 1599 2633 ad
1631 2593 1783 2632 malum

237 2652 502 2705 adstringitur
530 2654 591 2693 ita
621 2656 668 2693 ut
697 2666 769 2704 per
799 2654 936 2693 funem
965 2653 1082 2694 modo
1107 2653 1180 2692 illa
1205 2666 1363 2693 sursum
1389 2653 1606 2693 secundum
1630 2654 1782 2692 malum

236 2712 374 2752 labens
413 2713 540 2763 possit
576 2713 695 2765 erigi,
731 2713 849 2753 modo
888 2714 1074 2754 deorsum
1111 2713 1249 2753 eodem
1286 2727 1442 2764 semper
1477 2713 1595 2753 modo
1630 2713 1782 2752 malum

237 2774 406 2824 tangens
437 2772 578 2811 deduci
608 2774 736 2823 possit
766 2774 864 2814 fune
894 2773 966 2812 illo
997 2775 1172 2813 remisso.
1235 2774 1355 2812 Recte
1387 2773 1525 2812 Iunius
1561 2773 1603 2813 in
1634 2772 1783 2812 Lucilii

238 2843 357 2871 uersu
395 2833 582 2880 amquma.
652 2831 795 2871 Subita
831 2833 1008 2882 procella
1045 2835 1204 2872 coactus
1243 2833 1487 2883 gubernator
1523 2833 1659 2870 funem
1703 2845 1781 2883 quo

239 2892 427 2930 antemna
459 2903 549 2930 cum
578 2891 669 2930 uelo
698 2904 855 2931 sursum
880 2893 1039 2931 tenetur
1062 2892 1275 2942 praecidit:
1307 2892 1457 2931 decidit
1483 2893 1682 2940 antemna,
1714 2891 1783 2930 sed

238 2952 381 3001 laqueo
412 2951 484 2990 illo
517 2950 710 2991 adstricta
741 2964 831 2990 cum
862 2952 916 2990 sit
952 2951 1004 2990 ad
1040 2951 1208 3002 malum,
1246 2951 1410 3002 delapsa
1448 2953 1607 2990 tenetur
1643 2952 1782 2990 etiam-

238 3013 335 3050 tunc
366 3011 472 3050 malo
500 3023 656 3051 conexa.
702 3011 816 3050 Vnde
842 3011 995 3050 soluere
1026 3011 1135 3050 istud
1164 3010 1369 3050 uinculum
1407 3024 1526 3062 quam
1565 3011 1782 3062 anquinam

311 3084 427 3111 Lucilli
445 3085 510 3111 rell.
531 3085 576 3111 ed.
595 3085 706 3111 ΜΛΒΧ.
734 3085 775 3110 11.
973 3087 976 3089 ’
1450 3081 1494 3112 23
