2060 3444
341 271 429 312 420
828 269 956 305 incert.
985 269 1060 304 sed.
1087 281 1122 305 ιι.
1152 273 1397 305 1312—1315.

338 384 601 422 clarissimum
645 395 728 421 esse
773 384 969 421 oratorem
1014 383 1087 421 hoc
1130 383 1216 422 loco
1258 381 1297 421 O.
1317 382 1520 432 Papirium
1562 385 1812 427 nominatum
1850 397 1874 422 a

337 442 491 482 Lucilio
522 444 628 481 recte
661 444 890 481 statuerunt
923 443 1054 481 ueluti
1083 442 1337 482 Franckenus
1370 441 1540 482 Coniect.
1569 444 1655 482 crit.
1680 443 1723 483 in
1747 438 1872 483 Lucil.

337 502 528 542 librorum
569 501 702 541 decad.
729 501 769 540 II
795 504 835 540 et
859 502 921 540 ΠΙ
951 515 989 552 p.
1019 503 1071 540 75
1118 504 1187 552 qui
1231 504 1437 553 comparat
1471 501 1575 541 Plut.
1610 502 1743 542 Pmec.
1775 503 1871 554 reip.

338 576 416 614 ger.
444 563 469 600 4
496 575 533 612 p
562 562 643 600 801
663 562 707 600 Β.
777 560 900 607 Quem
939 561 1160 613 appellasse
1203 561 1364 601 uidetur
1399 563 1518 612 poeta
1554 563 1659 602 inter
1694 562 1873 602 homines

336 624 528 660 immanes
561 621 667 672 ideo,
705 622 799 671 quia
830 621 938 660 fama
970 623 1056 661 erat
1088 620 1313 671 Scipionem
1345 621 1614 661 Aemilianum
1646 621 1695 661 ab
1727 634 1772 661 eo
1807 635 1872 661 ne-

338 684 469 719 catum
496 681 618 719 fuisse
645 679 743 734 (Cic
771 680 820 718 ad
846 679 890 726 Q.
917 681 963 719 fr.
990 680 1030 719 II
1058 682 1095 730 3,
1124 683 1147 719 3
1176 681 1289 732 epist.
1309 680 1366 719 IX
1394 682 1461 730 21,
1489 682 1512 720 3
1540 681 1587 720 de
1614 677 1872 736 or.11170).

460 735 600 780 1314.
645 740 841 779 Maximus
886 740 1114 780 Victorinus
1161 741 1208 779 de
1259 741 1412 779 ratione
1456 742 1672 780 metrorum
1717 740 1790 780 GL
1815 741 1874 780 VI

261 820 264 822 v
336 814 373 850 p.
403 801 499 849 216,
529 799 633 838 131(
684 797 852 838 ‘Ennius
903 813 1060 850 quoque
1105 797 1207 839 ait‘
1213 797 1314 838 uita
1363 799 1434 839 illa
1484 800 1625 852 dignus
1674 797 1871 851 locoque”

337 855 413 914 (=
434 859 562 899 Lucil.
590 860 652 898 lib.
680 860 750 897 ΙΙ
770 872 808 898 u.
839 855 943 914 150)
976 861 1091 910 quasi
1123 857 1279 911 “dignu
1314 856 1509 911 locoque''
1546 859 1700 899 dixerit.
1757 859 1877 899 Simi—

337 921 430 958 liter
454 919 631 958 Lucilius
657 920 716 958 ait
742 916 860 958 “tum
885 919 1063 958 lateralis
1090 919 1215 969 dolor,
1241 919 1482 958 certissimus
1509 921 1672 959 nuntius
1701 917 1871 959 mortis”

336 992 408 1030 pro
442 975 559 1018 “tum
598 979 757 1018 laterali
793 978 923 1028 dolor,
961 979 1183 1018 certissimu
1221 980 1363 1017 nuntiu
1402 975 1572 1019 mortis’'
1578 976 1601 1018 .'
1664 979 1710 1018 In
1748 979 1873 1019 altero

337 1040 560 1091 &agmento
593 1051 682 1077 cum
714 1040 857 1078 errarit
888 1040 1172 1091 grammaticus
1205 1038 1251 1077 de
1283 1039 1442 1078 nomine
1481 1039 1670 1088 auctoris,
1708 1038 1873 1078 eundem

338 1099 377 1136 in
422 1098 549 1138 altero
598 1099 657 1137 ita
704 1111 854 1138 errasse
903 1101 949 1137 ut
997 1100 1178 1137 auctores
1228 1099 1334 1136 inter
1382 1110 1422 1138 se
1471 1098 1694 1137 confuderit
1742 1100 1875 1138 censet

336 1159 366 1196 Ι.
388 1158 586 1197 Beckerus
606 1158 835 1197 Zeitschrift
853 1158 880 1197 f.
894 1158 928 1196 d
946 1158 1242 1197 Alterthumsw.
1262 1157 1341 1196 VII
1361 1159 1472 1197 1849
1494 1171 1532 1208 p.
1548 1159 1652 1197 329:
1671 1157 1775 1197 unde
1794 1157 1873 1197 En-

337 1218 448 1257 nium
474 1221 676 1257 auctorem
702 1230 784 1257 csse
810 1217 926 1257 huius
953 1230 1089 1256 uersus
1109 1217 1373 1257 arbitrantur:
1399 1218 1494 1257 conf
1511 1217 1714 1257 Vahlenus
1735 1213 1875 1272 (Ennii

337 1278 475 1328 reliqu.
504 1277 633 1317 annal.
657 1272 762 1331 622)
787 1277 1000 1316 Muellerus
1028 1273 1165 1331 (Ennii
1191 1277 1330 1327 reliqu.
1352 1278 1484 1316 annal.
1506 1272 1623 1331 509).
1666 1277 1723 1317 At
1747 1277 1873 1316 multo

337 1336 582 1388 probabilius
615 1339 673 1376 est
703 1350 782 1375 uno
815 1336 1090 1376 tantummodo
1122 1338 1208 1376 loco
1240 1349 1390 1376 errasse
1416 1337 1720 1388 grammaticum
1746 1337 1787 1375 id
1814 1339 1874 1377 est
1908 1349 1914 1355 ·

336 1398 468 1448 priore
512 1397 597 1436 loco
648 1409 885 1447 uersumque
928 1396 1073 1436 Lucilii
1117 1408 1211 1435 esse.
1285 1396 1390 1435 Nam
1441 1398 1718 1448 argumentum
1768 1399 1873 1436 certe

337 1458 498 1495 saturae
531 1458 658 1507 magis
690 1458 878 1496 conuenit
909 1470 1029 1506 quam
1061 1455 1270 1495 annalibus
1302 1456 1442 1507 populi
1465 1456 1646 1495 Romani.
1696 1455 1816 1496 Libro
1836 1455 1873 1493 V

338 1515 535 1557 attribuas
567 1515 634 1555 ubi
662 1515 753 1555 Orci
785 1517 922 1566 portas
953 1515 1070 1555 modo
1103 1528 1187 1555 sese
1219 1515 1363 1555 adiisse
1394 1515 1543 1555 indicet
1566 1517 1685 1566 poeta
1710 1529 1747 1555 ιι.
1777 1513 1872 1555 182.

338 1574 553 1615 Coniunxit
583 1575 686 1614 hunc
718 1589 754 1614 ιι.
788 1588 876 1614 cum
903 1589 939 1614 u.
969 1576 1079 1614 1292
1116 1577 1155 1615 et
1181 1588 1216 1614 ιι.
1247 1576 1358 1614 1277
1386 1575 1429 1614 F.
1449 1575 1585 1615 Dousa
1610 1576 1651 1614 in
1678 1588 1872 1615 commen-

336 1637 439 1675 tario
472 1636 541 1686 qui
573 1638 666 1686 apte
698 1636 868 1674 contulit
900 1635 978 1674 Cic.
1005 1635 1052 1674 de
1078 1637 1177 1674 orat.
1203 1634 1265 1673 III
1292 1636 1315 1674 6
1351 1631 1549 1686 ‘Namque
1580 1636 1666 1674 tum
1697 1635 1804 1674 latus
1836 1637 1874 1675 ei

337 1695 482 1734 dicenti
516 1695 763 1734 condoluisse
796 1694 1056 1745 sudoremque
1088 1695 1258 1733 multum
1290 1695 1542 1734 consecutum
1574 1706 1656 1734 esse
1688 1694 1872 1734 audieba-

337 1768 441 1794 mus:
480 1768 526 1794 ex
557 1768 636 1805 quo
668 1767 757 1794 cum
795 1754 1077 1804 cohorruisset,
1115 1767 1205 1793 cum
1241 1754 1343 1794 febri
1380 1754 1539 1794 domum
1577 1754 1696 1793 rediit
1732 1754 1873 1805 dieque

337 1816 508 1865 septimo
540 1817 599 1854 est
630 1815 768 1853 lateris
803 1815 936 1854 dolore
975 1811 1260 1865 consumptus':
1298 1814 1404 1853 idem
1442 1815 1583 1854 attulit
1612 1814 1748 1853 quen.
1773 1814 1873 1853 XIII

340 1875 423 1913 229
458 1871 680 1925 ‘praeterea
711 1874 848 1913 lateris
879 1874 996 1925 uigili
1028 1887 1117 1913 cum
1148 1873 1256 1913 febre
1288 1874 1462 1913 dolorem
1495 1875 1529 1913 si
1560 1886 1723 1924 coepere
1757 1871 1871 1925 pati'.

338 1933 471 1972 Simili
501 1933 638 1973 morbo
671 1947 791 1984 quam
822 1933 1012 1983 pleuritin
1045 1934 1182 1973 dicunt
1210 1933 1374 1984 periisse
1410 1934 1584 1972 traditur
1614 1935 1784 1984 septimo
1809 1933 1872 1972 die

336 1992 486 2032 Marius
524 1993 628 2034 Plut.
654 1993 752 2032 Mar.
781 1994 848 2031 45.
882 1993 951 2031 AP
974 1993 1031 2031 XI
1059 1994 1142 2031 382
1182 1996 1283 2032 κεῖτο
1322 1990 1393 2045 μὲν
1430 1989 1658 2045 Ἀλκιμένης
1701 2007 1871 2033 κεκακω-

338 2050 454 2104 μένος
485 2050 528 2091 ἔκ
559 2055 742 2104 πυρετοῖο
778 2050 843 2091 καὶ
879 2050 967 2105 περὶ
1004 2052 1225 2103 λαυκανίην
1262 2051 1410 2105 βράγχοι
1448 2051 1692 2105 λαρυγγιόων
1730 2051 1870 2092 νυσσό-

338 2111 457 2163 μενόν
490 2126 525 2150 τε
558 2110 600 2151 τὸ
632 2114 802 2164 πλεῦρον
833 2111 897 2151 ἅτε
914 2109 1126 2163 ξιφέεσσιν
1157 2109 1337 2163 ἀμυχθὲν
1368 2109 1433 2150 καὶ
1466 2110 1576 2163 θαμὰ
1616 2110 1872 2159 δυσκελάδοις

337 2169 511 2223 ἅσθμασι
545 2171 788 2211 πνευστιόων
820 2173 896 2210 κτλ.

460 2225 599 2271 1315.
638 2231 792 2271 Nonius
830 2243 875 2269 ex
919 2199 1180 2283 grammatico
1218 2245 1255 2282 p.
1283 2232 1380 2281 224,
1408 2232 1431 2269 3
1473 2228 1622 2282 ‘Spari,
1667 2230 1771 2281 quod
1812 2233 1872 2281 est

337 2303 461 2341 genus
486 2291 570 2340 teli,
594 2292 815 2330 masculino
840 2303 982 2342 genere
1010 2323 1016 2329 .
1040 2323 1047 2329 .
1070 2322 1076 2329 .
1103 2292 1244 2330 neutro
1269 2290 1456 2339 Lucilius,
1487 2287 1604 2329 “tum
1630 2303 1759 2341 spara,
1783 2279 1871 2330 tum

336 2346 513 2390 rumicis’
518 2347 557 2388 ’.’
620 2350 768 2390 Paulus
801 2364 846 2389 ex
878 2351 996 2389 Festo
1026 2364 1065 2401 p.
1094 2352 1191 2398 271,
1219 2352 1241 2388 2
1278 2347 1455 2400 ‘Rumex,
1487 2363 1610 2402 genus
1641 2350 1712 2390 teli
1741 2349 1870 2390 simile

338 2411 446 2460 spari
472 2407 644 2449 Gallici’.
693 2410 834 2450 Festus
866 2423 903 2460 p.
932 2411 1027 2460 270,
1058 2411 1109 2449 17
1145 2407 1315 2449 ‘Rumex
1637 2424 1687 2448 m.
1721 2404 1869 2463 (memi-

336 2464 412 2523 nit)
438 2468 565 2508 Lucili
648 2479 650 2481 ·
888 2470 1049 2522 tragula
1075 2466 1159 2508 -’.
1209 2469 1349 2509 Festus
1375 2483 1411 2519 p.
1440 2470 1538 2519 330,
1567 2470 1620 2508 18
1656 2470 1697 2508 et
1720 2469 1869 2508 Paulus

338 2543 374 2580 p.
403 2530 485 2568 331
522 2526 703 2581 ‘S>para,
735 2529 962 2579 paruissimi
990 2526 1174 2581 <generis
1199 2529 1342 2578 iacula,
1374 2529 1423 2568 ab
1449 2541 1494 2568 eo
1520 2528 1626 2579 quod
1651 2526 1868 2580 s>pargan-

337 2591 405 2627 tur
436 2587 554 2628 dicta.
604 2588 780 2628 Lucilius
808 2586 952 2640 “t>um
979 2601 1108 2640 spara,
1134 2590 1221 2627 tum
1245 2585 1439 2640 mu<rices
1462 2590 1685 2638 portantur,
1709 2589 1869 2639 tragula

337 2644 544 2699 p>0rro'’.'
596 2647 742 2687 Paulus
766 2662 805 2698 p.
827 2649 925 2698 367,
948 2649 1000 2687 16
1024 2645 1216 2699 ‘Tragula
1241 2660 1364 2699 genus
1387 2648 1472 2697 teli,
1498 2648 1606 2687 dicta
1631 2646 1736 2698 quod
1756 2645 1867 2687 scut'o

336 2707 458 2746 infixa
488 2704 698 2747 trahatur’.
762 2706 907 2747 Omnia
938 2720 1039 2758 quae
1070 2707 1135 2746 hic
1166 2709 1448 2747 enumerantur
1476 2708 1699 2746 iaculorum
1723 2719 1867 2759 genera

268 2788 272 2792 —
336 2767 419 2805 tela
456 2780 535 2805 non
573 2768 666 2805 sunt
702 2767 913 2816 militaria,
953 2767 1021 2806 sed
1059 2766 1275 2818 agrestium
1295 2769 1354 2806 'et
1392 2768 1628 2806 uenatorum
1670 2766 1868 2805 uenabula

335 2826 486 2865 rustica
518 2826 660 2876 quibus
701 2826 919 2865 utebantur
954 2827 997 2865 in
1034 2826 1234 2865 uenando:
1273 2826 1402 2865 adfert
1431 2826 1584 2866 Nonius
1611 2826 1635 2865 1.
1662 2839 1691 2866 s.
1716 2826 1866 2877 Vergil.

336 2886 434 2926 Aen.
460 2886 517 2924 XI
544 2887 627 2924 682
673 2882 936 2937 ‘agrestisque
982 2898 1122 2926 manus
1172 2888 1301 2925 armat
1350 2883 1518 2936 sparus',
1565 2885 1671 2925 idem
1713 2885 1866 2924 Nonius

337 2959 373 2995 p.
402 2946 499 2995 555,
528 2947 582 2984 20
616 2945 745 2984 adfert
769 2945 960 2985 Varronis
985 2946 1170 2998 Melea-gr.
1198 2943 1300 2994 (293
1316 2940 1368 2998 Β)
1403 2942 1577 2984 ‘ceruum
1606 2946 1676 2995 qui
1701 2943 1866 2984 uolabili

338 3017 494 3043 currens
527 3017 642 3055 sparo
676 3007 830 3044 secutus
862 3007 1072 3056 tragula-ue
1103 3002 1289 3055 traiecit',
1329 3005 1428 3044 alios
1465 3005 1571 3044 locos
1609 3004 1867 3054 suppeditant
