2060 3444
283 272 370 314 200
869 269 954 304 XVI
978 272 1238 320 afim-531.

282 378 421 437 (GRF3
445 397 482 433 p.
512 385 608 432 101,
636 385 686 421 21
711 377 916 436 Ribbeck.)
943 383 1094 421 seruati
1122 383 1192 432 qui
1217 385 1492 435 respondeant.
1541 385 1684 435 Itaque
1710 385 1807 426 duos
1862 422 1864 424 ,

283 448 474 495 χειμῶνας
507 456 588 482 3030
625 455 738 482 110330
776 443 880 482 30103
915 441 1034 492 Cotys
1073 441 1170 482 dicit
1207 444 1314 494 apud
1351 444 1569 494 Lucilium,
1606 458 1683 484 non
1717 441 1807 483 ’ἆνέ-

282 516 397 554 μουςε
430 502 536 552 quod
561 504 774 552 utrumque
799 505 938 541 uentus
962 503 1198 541 uocabulum
1223 506 1354 554 potest
1378 504 1616 555 significare:
1647 504 1809 544 tertium

283 574 405 613 genus
439 574 515 611 quo
548 562 595 600 de
627 563 746 600 antea
778 563 914 612 egerat
944 561 1120 601 Lucilius
1153 564 1311 602 omnino
1351 577 1430 602 non
1468 565 1648 614 agnoscit
1678 563 1808 603 Thrax

282 621 462 660 austenos
494 633 538 660 ex
567 622 697 660 umbo
730 634 826 671 quos
860 622 1046 672 appellat.
1108 622 1228 661 Recte
1262 624 1418 662 nimbus
1453 625 1588 673 posuit
1617 623 1809 662 Lucilius:

284 682 378 720 conf
405 680 518 719 Lucr.
545 680 604 719 VI
631 681 713 719 256
730 694 836 731 seqq.

401 764 611 803 Praeterea
642 777 830 815 persaepe
861 765 975 815 niger
1006 777 1162 815 quoque
1193 779 1265 815 per
1294 779 1402 805 mare
1432 767 1587 806 nimbus

402 827 448 862 ut
478 825 578 874 picis
610 837 630 862 e
662 825 770 863 caelo
802 824 1015 863 demissum
1046 825 1203 874 flumen,
1234 827 1275 864 in
1306 826 1432 866 undas

402 885 459 923 sic
490 884 598 922 cadit
628 884 787 923 effertus
818 883 990 923 tenebris
1021 885 1159 935 procul
1192 887 1231 924 et
1261 886 1386 924 trahit
1418 887 1546 925 atram

403 944 634 982 fulminibus
667 943 875 994 grauidam
905 946 1182 994 tempestatem
1214 948 1333 995 atque
1363 946 1547 995 procellis

402 1003 561 1053 ignibus
593 1015 639 1041 ac
668 1004 795 1042 uentis
827 1015 915 1042 cum
945 1003 1084 1053 primis
1114 1006 1197 1053 ipse
1227 1005 1393 1053 repletus
1420 1037 1427 1044 .
1450 1037 1456 1044 .
1479 1037 1485 1043 .
1513 1019 1544 1044 e.
1565 1019 1600 1055 q.
1624 1019 1651 1044 s.

284 1098 465 1148 Denique
502 1098 765 1137 Buechelerus
790 1099 815 1136 1.
842 1111 870 1137 3.
897 1111 925 1137 s.
953 1100 1202 1150 comparauit
1237 1101 1342 1139 recte
1380 1100 1422 1139 ni
1459 1101 1578 1140 fallor
1615 1113 1705 1140 cum
1740 1101 1815 1144 hoc

284 1158 371 1197 1000
408 1158 550 1198 Dionis
587 1157 698 1198 Prus.
726 1159 824 1197 orat.
852 1159 961 1198 Tars.
986 1159 1029 1198 H
1055 1160 1109 1198 37
1143 1154 1182 1211 (1
1206 1174 1243 1210 p.
1272 1161 1369 1209 326,
1397 1162 1420 1200 6
1454 1160 1501 1199 (10
1532 1154 1704 1213 Arnim.)
1739 1165 1814 1200 νῦν

285 1214 326 1256 δὲ
360 1216 486 1268 ὥσπερ
518 1216 559 1256 οἵ
586 1220 667 1264 τοῖς
699 1214 910 1270 ἀπογείοις,
942 1220 1089 1269 μᾶλλον
1121 1216 1162 1258 δὲ
1194 1222 1274 1266 τοῖς
1299 1217 1376 1259 ἀπὸ
1405 1225 1483 1259 τῶν
1507 1219 1671 1272 γνόφων
1696 1219 1814 1260 πνεύ-

286 1287 380 1327 μασι
410 1274 602 1328 πλέοντες,
634 1276 758 1324 οὕτως
789 1274 972 1329 φέρεσθε,
1002 1275 1143 1330 ἄνδρες
1172 1281 1343 1331 Ταρσεῖς.
1394 1278 1545 1320 Similis
1572 1280 1730 1330 quidem
1756 1281 1816 1319 est

285 1337 360 1375 iste
391 1336 578 1388 γνοφίας,
616 1338 751 1376 tamen
788 1349 866 1376 11011
903 1337 1009 1376 idem
1047 1339 1167 1388 atque
1206 1336 1388 1389 ἐκνεφίας
1427 1341 1587 1378 auctore
1617 1339 1729 1390 Lydo
1767 1339 1814 1378 de

287 1408 408 1435 mens.
433 1395 492 1435 IV
520 1397 572 1434 76
607 1394 627 1435 ὁ
659 1393 730 1447 μὲν
761 1392 832 1435 ἀπ’
868 1394 1002 1449 ὀλίγης
1033 1403 1161 1450 φορᾶς
1192 1396 1340 1448 νέφους
1370 1396 1574 1449 ἐκνεφίας,
1612 1397 1632 1438 ὅ
1664 1396 1705 1438 δὲ
1736 1396 1815 1438 ἀπὸ

286 1454 443 1495 κόλπων
474 1461 593 1494 τινῶν
618 1453 683 1494 καὶ
709 1454 775 1495 διὰ
799 1455 1014 1509 φαράγγων
1039 1456 1215 1508 κολπίας,
1248 1456 1268 1498 ὁ
1296 1455 1336 1497 δὲ
1362 1455 1440 1497 ἀπὸ
1464 1464 1537 1511 γῆς
1562 1456 1628 1497 καὶ
1653 1469 1815 1510 συστρο*

287 1520 368 1566 φῆς
405 1513 519 1568 ἀέρος
556 1514 745 1567 γνοφίας,
788 1515 857 1554 ubi
894 1513 1075 1568 ἀπόγειος
1119 1510 1221 1569 αὖρα
1259 1512 1379 1570 (quae
1423 1515 1565 1569 ταχέως
1608 1516 1817 1569 σβέννυται

289 1576 448 1614 auctore
473 1574 636 1625 Dionys
663 1574 754 1614 Hal.
781 1575 832 1614 ad
858 1574 926 1614 Gn.
952 1575 1088 1626 Pomp.
1113 1576 1172 1615 IV
1199 1571 1257 1629 4),
1284 1590 1384 1626 quae
1410 1576 1516 1627 apud
1539 1577 1708 1617 Dionem
1727 1590 1816 1627 pro—

286 1635 396 1684 prius
435 1636 494 1674 est
531 1636 676 1674 uentus
713 1636 753 1673 et
789 1634 1018 1685 peculiaris,
1057 1636 1311 1675 confunditur
1348 1650 1437 1682 cum
1474 1637 1649 1688 gnophia
1686 1638 1818 1686 1101110,

289 1695 357 1744 qui
387 1695 518 1734 nescio
551 1694 747 1744 quomodo
779 1694 911 1733 differt
942 1695 990 1733 ab
1030 1696 1228 1746 ecnephia.
1292 1696 1441 1736 Similis
1477 1697 1623 1747 aliquis
1660 1697 1818 1736 uidetur

287 1755 500 1793 memorari
530 1756 672 1794 uentus
709 1755 751 1793 in
788 1755 874 1793 loco
911 1755 1099 1794 lacunoso
1137 1754 1298 1795 Lucian.
1336 1756 1383 1795 de
1420 1758 1546 1795 morte
1577 1756 1733 1808 Peregr.
1762 1757 1816 1795 43

289 1811 354 1852 καὶ
391 1811 444 1860 ὡς
482 1811 834 1866 ἕπιταραχθείημεν
871 1819 941 1865 τῆς
980 1813 1119 1862 νυκτὸς
1155 1813 1198 1863 έν
1236 1813 1338 1871 μέσῳ
1381 1819 1433 1870 τῷ
1467 1815 1619 1870 Αἰγαίῳ
1663 1815 1818 1869 γνόφου

289 1872 530 1925 καταβάντος
560 1871 625 1912 καὶ
656 1878 763 1924 κῦμα
793 1871 1041 1926 παμμέγεθες
1071 1872 1291 1927 ἐγείραντος
1319 1875 1387 1914 ubi
1411 1875 1638 1915 conferatur
1663 1877 1820 1926 oportet

288 1932 465 1972 Lucretii
497 1933 606 1971 locus
632 1945 660 1971 s.
688 1946 716 1971 s.
743 1955 800 1959 —
822 1933 948 1972 Nauis
980 1933 1053 1972 illa
1084 1947 1203 1983 quam
1228 1948 1265 1973 u.
1294 1936 1376 1973 525
1410 1935 1671 1986 descripserat
1701 1937 1820 1985 poeta

290 1991 408 2031 sicuti
444 1992 612 2031 Luciani
646 1992 720 2031 Isis
761 1993 834 2031 illa
878 1987 1029 2045 (nauig.
1059 1988 1102 2046 7)
1140 1993 1298 2032 turbine
1341 1995 1491 2033 iactata
1534 2007 1616 2034 esse
1659 1995 1820 2034 uidetur

290 2064 407 2102 quem
435 2065 481 2090 ex
512 2051 645 2090 nimbo
672 2052 884 2091 austellum
910 2052 1184 2103 appellauerat
1209 2053 1390 2093 dominus
1423 2054 1547 2093 nauis.
1597 2054 1710 2093 Vnde
1741 2054 1817 2093 Lu-

290 2111 403 2150 cilius
437 2110 573 2161 Cotyis
604 2111 786 2150 narrauit
817 2111 967 2150 dictum
998 2112 1046 2150 de
1078 2114 1211 2151 austro
1244 2115 1284 2151 et
1314 2113 1510 2162 aquilone.

410 2165 518 2210 530.
556 2170 709 2209 Nonius
752 2185 790 2221 p.
818 2172 921 2220 513,
954 2172 978 2210 5
1026 2169 1259 2211 ‘Publicitus
1295 2185 1366 2222 pro
1403 2172 1610 2222 publice..
1640 2203 1646 2210 .
1675 2203 1682 2210 .
1713 2173 1820 2211 idem

289 2230 356 2268 lib.
383 2227 520 2268 XVI‘
527 2227 755 2281 ‘publicitus
786 2231 951 2270 uendit.
1003 2228 1257 2283 .ligurris”.’
1315 2232 1374 2271 De
1404 2232 1561 2271 Maenio
1593 2233 1727 2282 aliquo
1753 2233 1820 2283 agi

292 2292 475 2340 apparet·
495 2290 634 2329 uendi-s*
652 2290 844 2329 Bentinus
864 2284 926 2344 (in
946 2304 1036 2341 app.
1056 2303 1107 2330 cr.
1113 2286 1332 2345 erratum).
1368 2291 1563 2331 Auctione
1581 2292 1688 2331 faeta
1708 2291 1819 2342 quid-

292 2349 387 2399 quid
414 2351 618 2400 supererat
642 2349 781 2389 uendit
804 2349 961 2401 publice
988 2351 1057 2400 qui
1081 2351 1198 2402 gulae
1222 2352 1432 2390 inseiuiat.
1457 2352 1588 2391 Plaut.
1607 2351 1713 2390 Pers.
1736 2351 1818 2391 508

293 2406 354 2448 ‘ea
374 2411 631 2459 conportatur
657 2410 805 2460 praeda
829 2412 875 2449 ut
899 2410 970 2448 fiat
989 2411 1121 2450 auctio
1141 2408 1383 2461 publicitus'.
1419 2411 1593 2462 ligurris,
1612 2412 1671 2450 ita
1689 2410 1819 2454 Plaut.

293 2468 405 2519 Capt.
433 2469 488 2506 84
521 2469 568 2507 (10
599 2467 787 2519 parasitis
821 2467 929 2508 ‘dum
960 2471 1044 2508 ruri
1073 2472 1215 2509 rurant
1245 2471 1423 2509 homines
1456 2483 1553 2520 quos
1589 2467 1818 2522 ligurriant'

292 2529 443 2567 Ennius
462 2529 505 2566 in
525 2529 669 2583 saturis
691 2523 764 2582 (17
779 2523 835 2582 V)
856 2530 1090 2578 abliyurrire
1109 2530 1220 2574 bona,
1248 2543 1364 2579 quem
1382 2530 1563 2569 imitatus
1587 2532 1645 2570 est
1665 2530 1819 2569 Terent.

293 2588 390 2626 Eun.
415 2588 517 2626 235:
550 2588 721 2627 comedit
750 2589 875 2640 igitur
905 2601 1030 2640 ganeo
1061 2588 1290 2628 Lucilianus
1322 2589 1504 2628 auctione
1540 2590 1648 2629 facta
1678 2590 1822 2628 ultima

292 2647 484 2686 bonorum
515 2647 632 2686 sicuti
663 2647 847 2698 Papirius
879 2649 1125 2687 cantherium
1157 2661 1271 2688 suum
1303 2662 1364 2699 ap.
1386 2647 1465 2688 Cic.
1485 2649 1597 2699 epist.
1617 2649 1674 2688 IX
1696 2650 1762 2698 18,
1783 2649 1820 2686 4.

413 2701 523 2747 531.
554 2707 708 2746 Nonius
734 2721 771 2757 p.
788 2709 885 2756 201,
908 2709 934 2746 4
956 2704 1075 2759 ‘Oepe
1094 2709 1248 2759 generis
1267 2709 1408 2747 neutri.
1516 2708 1622 2747 idem
1646 2708 1713 2746 lib.
1727 2707 1822 2746 XVI

294 2762 399 2804 “hoc
436 2797 442 2804 .
471 2797 477 2803 .
506 2797 512 2804 .
551 2763 765 2805 serebat’'.'
847 2766 1093 2806 Sententiam
1148 2767 1336 2807 adhibitis
1393 2768 1612 2819 prouerbiis
1662 2767 1820 2807 Graecis

293 2825 489 2875 explicare
526 2826 680 2864 studuit
718 2825 877 2866 Crusius
909 2827 1007 2866 Mus.
1033 2827 1156 2866 Rhen.
1183 2826 1312 2866 XLIV
1339 2828 1451 2866 1889
1484 2842 1521 2878 p.
1544 2828 1646 2866 448:
1687 2829 1821 2866 tamen

293 2897 339 2922 ea
372 2898 472 2934 quae
504 2886 643 2924 attulit
673 2886 884 2935 prouerbia
914 2899 992 2925 non
1021 2887 1080 2926 ita
1105 2886 1252 2926 similia
1277 2888 1381 2936 sunt,
1415 2887 1556 2936 quibus
1583 2887 1820 2937 comparatis

293 2945 401 2982 certa
442 2945 595 2982 ratione
637 2957 771 2984 uersus
809 2945 935 2995 possit
972 2948 1158 2985 enarrari.
1226 2946 1344 2985 Horti
1381 2946 1510 2985 cultor
1546 2946 1708 2996 aliquis,
1753 2946 1822 3012 qui

294 3015 386 3052 cepe
425 3003 594 3052 serebat,
633 3003 733 3042 dixit
769 3005 842 3045 hoc
879 3018 977 3056 opus
1015 3006 1131 3056 longe
1169 3005 1278 3044 aliud
1319 3018 1400 3045 esse
1433 3007 1551 3056 atque
1584 3018 1682 3056 opus
1714 3005 1819 3057 agri-
