2060 3444
279 235 366 279 100
856 230 924 270 VH
947 246 983 271 u.
1010 234 1214 273 268—266.

274 351 403 388 torem
433 349 609 399 aliquem
639 348 859 398 improbius
889 350 1087 388 tractarat
1117 361 1236 399 quem
1267 348 1515 399 expilauerat
1551 349 1670 390 sicuti
1700 349 1808 390 Alci-

276 410 438 459 phronis
471 402 553 462 (m
579 402 654 462 50)
686 409 942 459 conqueritur
973 409 1174 459 parasitus
1206 407 1280 448 οὐκ
1305 406 1491 462 ἀνέχομαι
1516 407 1621 463 ὁρῶν
1646 409 1814 458 Ζευξίπ-

275 482 358 520 πην
400 467 474 520 τὴν
517 466 767 522 ἷππόπορνον
811 466 976 520 ἀπηνῶς
1019 472 1072 524 τῷ
1116 468 1303 525 μειρακίῳ
1346 467 1563 522 χρωμένην.
1638 468 1698 509 Οὐ
1740 468 1816 523 γὰρ
1892 520 1894 523 ι

277 528 498 567 ὃαπανᾶται
535 527 592 576 εἰς
628 526 754 579 αὐτὴν
791 528 953 581 χρυσίον
991 527 1116 580 μόνον
1152 527 1220 568 καὶ
1255 526 1466 582 ἀργύριον,
1508 524 1587 568 ἀλλ’
1627 527 1706 582 ἤδη
1747 527 1815 569 καὶ

276 587 480 635 συνοικίας
510 586 577 626 καὶ
607 586 754 641 ἀγρούς
784 589 861 627 κτλ.
912 588 1062 639 Lepide
1094 589 1257 639 aliquod
1288 588 1466 639 Phrynes
1498 588 1649 628 dictum
1679 602 1815 628 narra-

276 650 392 687 uerat
434 648 613 687 Lucilius
653 648 772 687 sicuti
816 648 986 687 Machon
1029 661 1092 699 ap.
1130 649 1274 688 Athen.
1301 648 1400 687 XIII
1431 662 1468 699 p.
1497 649 1581 688 583
1596 647 1680 688 BC:
1724 650 1820 688 conf

278 708 474 748 Timocles
514 703 637 761 (CAF
662 708 705 746 H
735 722 772 759 p.
801 709 900 758 462,
928 709 982 747 23
997 703 1063 762 K).
1135 709 1213 748 Vbi
1242 708 1483 759 particulam
1519 710 1698 748 secutum
1734 721 1817 748 esse

275 768 710 818 plusquamperfectum
747 767 910 807 uidetur
946 768 1264 819 narrabaturque
1302 768 1570 819 apopthegma
1609 768 1715 819 quod
1747 769 1816 808 ad-

275 828 410 867 hibere
441 828 595 868 solebat
626 829 814 867 meretrix
845 828 1090 867 amatoribus
1123 828 1289 879 direptis
1321 827 1438 867 ualde
1470 830 1510 867 et
1541 829 1736 880 expilatis.

396 882 506 928 264.
538 888 693 927 Nonius
725 901 762 938 p.
791 889 859 936 95,
888 889 941 927 15
982 885 1262 939 ‘Desquamat,
1300 887 1476 938 squamis
1515 889 1700 938 expoliat.
1735 920 1742 927 .
1770 919 1779 927 .
1807 919 1815 927 .

275 948 452 987 Lucilius
484 950 713 998 satyrarum
744 948 812 987 lib.
839 948 918 987 VH
951 945 1102 988 “sador
1132 949 1324 987 sabbellor
1344 978 1351 986 .
1374 979 1381 986 .
1404 979 1411 986 .
1433 949 1581 996 eoepizor
1608 944 1813 1000 pingor''.'

274 1008 406 1059 Loqui
448 1010 623 1048 scortum
664 1008 827 1058 aliquod
867 1008 994 1047 ueluti
1031 1008 1218 1059 Phrynen
1261 1008 1435 1047 nobilem
1477 1008 1591 1047 illam
1635 1010 1815 1059 apparet,

277 1081 378 1118 quae
404 1080 549 1120 magno
575 1070 680 1107 stare
706 1068 1045 1119 pulchritudinem
1070 1070 1111 1107 et
1135 1068 1354 1107 munditias
1381 1068 1556 1118 corporis
1582 1068 1817 1118 profiteatur

277 1129 397 1167 sicuti
427 1127 565 1167 Plauti
596 1128 885 1179 Adelphasium
920 1127 1038 1167 Poen.
1068 1129 1151 1167 219
1194 1125 1255 1167 ‘ex
1291 1128 1491 1167 industria
1528 1128 1667 1167 ambae
1703 1141 1816 1166 num-

278 1201 398 1238 quam
430 1200 703 1227 concessamus
735 1188 866 1227 lauari
897 1190 969 1227 aut
998 1188 1136 1227 fricari
1167 1190 1239 1227 aut
1268 1189 1417 1239 tergeri
1442 1189 1513 1227 aut
1538 1189 1671 1227 ornari
1696 1188 1816 1238 poliri

276 1249 445 1299 expoliri
474 1249 589 1300 pingi
620 1247 734 1300 fingi:
773 1251 813 1287 et
844 1261 924 1287 una
954 1247 1071 1288 binae
1103 1248 1271 1299 singulis
1304 1261 1405 1298 quae
1437 1247 1555 1286 datae
1595 1247 1708 1287 nobis
1747 1260 1815 1286 an-

276 1308 392 1347 cillae
425 1320 492 1347 eae
518 1320 590 1347 nos
615 1308 789 1347 lauando
816 1308 983 1347 eluendo
1010 1320 1172 1359 operam
1197 1304 1420 1347 dederunt’.
1471 1307 1622 1346 Eadem
1647 1305 1814 1346 Ouidius

276 1368 390 1407 docet
420 1368 574 1418 puellas
607 1369 679 1407 art.
702 1381 777 1407 am.
797 1368 860 1406 III
883 1369 965 1407 193
981 1379 1088 1418 seqq.
1123 1364 1259 1418 ‘quam
1285 1379 1409 1418 paene
1437 1367 1625 1406 admonui
1650 1380 1698 1406 ne
1723 1369 1814 1406 trux

276 1440 395 1479 caper
425 1428 502 1467 iret
532 1428 575 1466 in
606 1428 691 1467 alas
723 1441 824 1467 neue
855 1428 987 1467 forent
1018 1428 1127 1467 duris
1158 1439 1300 1478 aspera
1332 1440 1447 1467 crura
1478 1427 1582 1478 pilis.
1634 1426 1711 1466 Sed
1735 1440 1814 1466 non
1847 1469 1849 1472 ,

278 1487 476 1527 Caucasea
508 1487 628 1527 doceo
660 1488 707 1527 de
739 1501 836 1540 rupe
868 1488 1080 1538 puellas..
1104 1486 1235 1533 ‚Quid
1266 1488 1301 1526 si
1331 1488 1577 1538 praecipiam
1608 1499 1656 1526 ne
1687 1487 1815 1526 fuscet

275 1549 423 1587 inertia
459 1547 596 1587 dentes
636 1543 801 1598 oraque*
822 1550 1006 1598 suscepta
1043 1559 1159 1586 mane
1203 1548 1392 1586 lauentur
1434 1545 1568 1597 aqua?
1617 1546 1737 1587 Scitis
1775 1549 1816 1586 et

276 1608 439 1646 inducta
471 1607 682 1646 candorem
714 1619 902 1658 quaerere
934 1609 1061 1647 creta:
1093 1607 1286 1659 sanguine
1318 1619 1420 1658 quae
1451 1619 1545 1645 uero
1577 1620 1656 1646 non
1686 1607 1815 1657 rubet,

276 1670 362 1707 arte
393 1668 518 1707 rubet.
581 1668 680 1707 Arte
713 1668 918 1718 supercilii
949 1667 1119 1707 confinia
1156 1667 1263 1707 nuda
1293 1667 1456 1718 repletis
1492 1679 1698 1718 paruaque
1735 1667 1815 1706 sin-

276 1741 386 1767 ceras
412 1728 523 1766 uelat
547 1728 662 1767 aluta
687 1740 819 1780 genas.
863 1727 946 1767 Nec
971 1727 1100 1778 pudor
1125 1728 1185 1767 est
1209 1727 1344 1767 oculos
1363 1727 1476 1766 tenui
1495 1727 1653 1778 signare
1672 1727 1815 1765 fauilla

276 1788 339 1827 uel
377 1801 499 1839 prope
537 1790 578 1826 te
616 1789 730 1837 nato,
771 1788 900 1827 lucide
939 1787 1091 1838 Cydne,
1135 1784 1276 1826 croco'.
1344 1786 1477 1825 Verba
1514 1787 1673 1838 singula
1708 1788 1815 1826 recte

277 1848 485 1899 intelleges
517 1849 760 1899 comparatis
792 1848 924 1887 uerbis
951 1847 1149 1898 Scipionis
1175 1847 1392 1886 Aemiliani
1418 1859 1480 1897 ap.
1501 1845 1678 1885 Ge11.V1
1699 1847 1767 1896 12,
1788 1847 1812 1885 5

276 1902 417 1961 (FOR2
442 1921 479 1958 p.
509 1908 589 1947 181
606 1902 668 1961 M)
708 1904 760 1946 ‘N
763 1920 827 1946 am
860 1908 928 1958 qui
959 1907 1104 1946 cotidie
1136 1908 1405 1959 unguentatus
1438 1906 1649 1945 aduersum
1679 1918 1813 1957 specu-

275 1968 359 2006 lum
390 1970 566 2013 ornetur,
606 1968 719 2006 cuius
751 1968 962 2018 supercilia
992 1967 1206 2012 radantur,
1246 1968 1314 2017 qui
1351 1966 1476 2005 barba
1506 1966 1621 2005 uulsa
1658 1965 1813 2005 femini-

276 2028 427 2077 busque
463 2027 663 2066 subuulsis
701 2024 892 2065 ambulet'
920 2040 950 2065 e.
979 2040 1014 2077 q.
1041 2039 1070 2066 s.
1138 2026 1203 2065 Ad
1232 2027 1413 2075 pumicor
1450 2025 1572 2064 Plinii
1608 2028 1688 2065 nat.
1721 2026 1812 2065 hist.

276 2086 444 2125 XXXVI
473 2088 556 2125 154
589 2086 730 2125 attulit
760 2086 913 2126 Dousa:
946 2099 1148 2137 compares
1181 2086 1303 2125 etiam
1327 2086 1464 2125 Manil.
1490 2085 1527 2123 V
1555 2085 1640 2124 150
1673 2082 1812 2124 ‘tortos

275 2148 318 2185 in
344 2146 509 2185 fluctum
534 2158 679 2197 ponere
706 2147 832 2185 crines
859 2148 930 2186 aut
953 2146 1070 2185 undis
1095 2158 1280 2186 reuocare
1306 2158 1438 2185 comas
1465 2146 1506 2184 et
1523 2146 1672 2184 uertice
1691 2144 1812 2184 denso

276 2206 425 2258 fingere
452 2237 460 2244 .
482 2236 519 2244 ..
547 2206 848 2257 pumicibusque
881 2207 989 2246 cauis
1029 2206 1234 2245 horrentia
1271 2205 1449 2245 membra
1485 2201 1640 2255 polire'.
1701 2204 1812 2244 Idem

275 2266 356 2305 illis
388 2279 417 2305 s.
444 2279 472 2305 s.
499 2266 632 2305 Plauti
671 2268 712 2305 et
749 2265 919 2305 Senecae
957 2262 1153 2320 (controu.
1179 2266 1199 2304 I
1224 2266 1347 2317 praef.
1376 2259 1450 2319 10)
1486 2264 1583 2304 locis
1620 2264 1812 2304 adductus

276 2325 436 2376 scripsit
462 2327 651 2375 empolimn·
676 2339 749 2378 ego
776 2326 948 2366 arbitror
972 2325 1223 2366 scribendum
1250 2327 1320 2364 aut
1345 2321 1519 2378 eae<que>
1542 2324 1651 2373 pilor
1667 2325 1814 2374 pinyor

286 2381 342 2424 'ut
373 2386 499 2436 deque
531 2386 664 2425 dicata
695 2386 763 2424 lib.
789 2386 899 2425 XXX
923 2400 960 2424 u.
989 2380 1240 2440 997),>cum
1278 2386 1401 2434 expilo
1439 2397 1464 2423 a
1486 2385 1571 2433 pilo
1604 2385 1651 2423 ut
1686 2385 1812 2434 depilo

277 2389 469 2499 {MartiaL
495 2446 553 2484 IX
580 2447 653 2495 27,
688 2441 732 2500 1)
770 2447 876 2485 recte
914 2446 967 2485 sit
1002 2446 1154 2484 factum
1192 2447 1262 2484 aut
1302 2445 1408 2495 quod
1444 2446 1623 2495 praestat
1666 2444 1813 2493 expilor

275 2502 518 2558 <eae>pinyor
552 2518 641 2544 cum
678 2505 752 2544 hoc
788 2505 910 2544 uerbo
947 2507 1085 2544 utatur
1114 2505 1313 2544 Martialis
1339 2504 1418 2543 VII
1445 2505 1499 2542 83
1540 2500 1812 2555 ‘expingitque

276 2562 413 2617 genas'
447 2565 548 2604 VIII
575 2566 643 2615 52,
669 2566 694 2603 8
729 2562 1002 2617 ‘expingitque
1039 2561 1197 2603 cutem'.
1260 2564 1458 2610 Quattuor
1493 2564 1618 2614 igitur
1654 2575 1810 2613 compo-

275 2627 426 2663 nuntur
457 2626 671 2664 commata:
708 2625 903 2664 raduntur
934 2625 1157 2675 supercilia,
1194 2623 1471 2663 subuelluntur
1506 2623 1673 2673 femora3
1708 2624 1810 2662 cutis

277 2684 550 2736 destringitur,
588 2684 724 2724 eadem
755 2681 999 2736 pumicatur3
1036 2684 1172 2735 capilli
1205 2685 1430 2734 comuntur,
1466 2683 1542 2734 pili
1575 2683 1811 2732 euelluntur,

275 2745 503 2796 expingitur
535 2745 668 2784 facies.
1116 2754 1120 2757 ’

398 2799 508 2844 266.
539 2804 693 2843 Nonius
724 2817 762 2855 p.
790 2805 864 2854 21,
898 2805 953 2843 24
993 2801 1142 2843 ‘caries
1180 2805 1240 2842 est
1275 2804 1454 2842 uetustas
1491 2802 1556 2841 uel
1589 2802 1809 2854 putrilag03

241 2888 247 2892 -
276 2864 381 2903 unde
430 2865 624 2903 cariceum
674 2865 828 2903 ueteres
877 2864 1071 2903 dixerunt.
1144 2862 1320 2902 Lucilius
1370 2864 1596 2913 satyrarum
1637 2861 1704 2900 lib.
1731 2861 1811 2899 VII

279 2921 359 2962 “ne
387 2955 394 2961 .
417 2955 424 2962 .
446 2955 454 2962 .
479 2920 821 2972 uermiculique'.''
885 2923 1006 2962 Dedit
1035 2923 1312 2962 Lachmannus
1343 2922 1547 2961 uermiouli
1582 2923 1666 2970 qui,
1704 2922 1809 2960 recte

277 2983 428 3033 opinor.
475 2983 535 3022 De
566 2983 766 3022 uermibus
797 2984 839 3021 in
871 2995 966 3022 aure
997 2984 1102 3022 natis
1128 2984 1211 3034 egit
1237 2981 1371 3020 Celsus
1397 2981 1454 3019 VI
1483 2983 1520 3031 7,
1547 2981 1571 3019 5
1606 2978 1808 3044 ειιῑ)1.ιιθι·ο
