2060 3444
834 254 917 291 XIV
943 267 978 291 u.
1006 258 1207 291 453—455.
1721 251 1804 294 169

965 384 1107 441 XIV.
1156 376 1158 379 ⁵

378 486 490 533 453.
516 491 719 531 Charisius
740 491 807 530 GL
828 491 848 530 I
867 505 905 542 p.
929 491 1025 540 106,
1048 490 1152 529 24Κ
1171 484 1303 544 (Beda
1323 489 1390 529 GL
1411 489 1490 528 VII
1509 503 1548 540 p.
1572 489 1671 538 285,
1686 488 1740 527 23
1751 483 1805 542 K)

258 549 483 593 ‘Palumbes
507 551 935 604 Vergiliusxfeminino
967 564 1111 603 genere
1143 550 1245 589 dixit
1272 544 1364 604 (ecl.
1391 550 1453 588 III
1480 551 1535 589 69
1562 549 1581 587 Ι
1609 550 1684 588 57:
1717 550 1812 588 conf

257 627 295 664 p.
325 614 421 663 140,
451 607 526 667 14)
549 643 555 651 .
580 644 586 651 .
609 643 615 650 .
638 612 706 651 sed
737 611 916 651 Lucilius
941 610 1060 650 ΧΠΙΙ
1090 606 1204 664 (XVI
1229 612 1415 661 excerpta
1441 603 1692 663 Cauchiana)
1723 623 1808 649 ma-

258 673 408 713 sculine
442 670 708 723 “macrosque
733 667 988 722 palumbos’'.
1048 671 1176 710 Varro
1209 672 1345 710 autem
1375 672 1418 710 in
1451 669 1599 710 Scauro
1624 670 1809 718 palumbi

259 734 370 783 dicit,
402 733 510 785 quod
541 733 785 773 consuetudo
818 745 975 783 quoque
1000 727 1240 782 usurpauit'.
1291 730 1446 771 Nonius
1473 744 1519 769 ex
1546 730 1809 782 grammatico

258 809 296 846 p.
323 796 422 843 219,
451 795 475 832 6
510 789 730 833 ‘Palumbi.·
760 794 952 832 feminino
979 791 1182 844 Vergilius
1213 791 1255 831 in
1286 791 1477 831 bucolicis
1500 822 1506 829 .
1530 823 1536 830 .
1559 822 1566 829 .
1586 790 1808 842 palumbes.

259 854 482 894 masculino
514 853 693 894 Lucilius
724 854 793 893 lib.
819 853 939 892 xm]
977 848 1242 903 “macrosque
1273 847 1545 903 palumbes”.'
1596 851 1810 891 Palumbos

259 928 321 966 ap.
357 914 583 954 Charisium
613 915 769 966 legerat
798 913 921 963 Beda,
954 914 1105 952 nullius
1138 913 1244 952 enim
1278 914 1339 952 est
1369 912 1564 952 momenti
1598 911 1704 962 quod
1737 911 1810 951 cod

259 975 383 1015 Paris.
423 975 558 1014 Bedae
595 974 762 1026 praebet
799 974 906 1014 solus
945 974 1136 1024 corrupta
1179 973 1302 1013 uerba
1345 985 1553 1022 macorque
1590 973 1809 1022 palumbes.

261 1035 339 1075 Sed
371 1035 534 1075 uidetur
563 1035 606 1074 in
637 1036 838 1086 scriptura
869 1046 1020 1074 errasse
1051 1033 1240 1074 librarius
1273 1033 1480 1085 archetypi
1507 1032 1690 1083 Charisii,
1721 1032 1810 1072 ideo

262 1096 359 1147 quia
383 1096 600 1145 palumbus
630 1095 737 1146 apud
761 1097 901 1147 poetas
933 1096 1177 1134 uetustiores
1202 1108 1283 1134 non
1314 1094 1530 1144 inuenitur,
1562 1093 1630 1132 sed
1662 1093 1811 1143 ubique

261 1158 412 1209 legitur
435 1157 657 1205 palumbes:
688 1158 908 1206 praeterea,
933 1157 980 1194 ut
1004 1154 1048 1194 L.
1068 1155 1284 1194 Muellerus
1310 1156 1458 1205 monet,
1490 1153 1613 1194 uerba
1640 1153 1811 1193 Charisii

261 1217 389 1268 ipsius
411 1212 554 1255 ‘Varro
580 1219 715 1256 autem.
737 1247 744 1254 .
765 1247 773 1254 .
797 1246 805 1255 .
824 1216 1008 1266 palumbi
1034 1212 1148 1255 dicit’
1167 1229 1198 1255 e.
1220 1230 1257 1266 q.
1278 1229 1306 1255 s.
1334 1217 1454 1255 antea
1477 1215 1686 1264 palumbes
1717 1215 1812 1254 scri-

259 1279 377 1328 ptum
396 1276 518 1316 fuisse
539 1276 645 1328 apud
665 1275 891 1316 Charisium
911 1278 1048 1327 aperte
1068 1276 1355 1316 demonstrant.
1376 1297 1435 1303 —
1456 1275 1666 1315 Palumbes
1678 1273 1810 1313 Plaut.

263 1337 449 1377 Bacchid.
478 1338 531 1376 51
567 1337 686 1377 Poen.
715 1338 799 1376 676
839 1336 1030 1387 Pompon.
1059 1338 1112 1376 41
1130 1337 1165 1375 R
1205 1335 1284 1377 Cic.
1318 1350 1379 1388 ap.
1414 1336 1524 1375 Seru.
1559 1336 1682 1387 eclog.
1709 1334 1729 1373 I
1756 1336 1810 1374 57

262 1398 358 1437 Hor.
385 1411 499 1438 serm.
526 1397 567 1436 II
594 1398 632 1448 8,
660 1399 712 1437 91
743 1410 861 1437 carm.
888 1397 950 1436 ΙΙΙ
976 1398 1015 1446 4,
1045 1399 1117 1436 12:
1145 1397 1360 1446 palumbus
1387 1396 1526 1436 Sabini
1553 1395 1685 1435 dixere
1712 1394 1812 1435 Cato

262 1458 310 1496 de
336 1458 425 1510 agri
451 1458 545 1498 cult.
575 1460 630 1498 90
656 1458 787 1497 Varro
813 1471 887 1497 rer.
914 1459 1011 1497 rust.
1037 1457 1100 1496 111
1128 1459 1165 1508 9,
1194 1459 1246 1497 21
1276 1457 1327 1496 id.
1350 1470 1413 1508 ap.
1437 1456 1587 1496 Charis.
1608 1457 1633 1495 l.
1655 1469 1684 1496 s.
1705 1469 1733 1495 s.
1760 1477 1808 1483 —-

262 1518 418 1558 Macros
444 1518 582 1557 turdos
608 1518 826 1557 Muellerus
853 1519 1060 1569 comparat
1085 1517 1247 1557 Horatii
1273 1530 1387 1556 serm.
1408 1517 1429 1555 I
1450 1518 1489 1566 5,
1518 1519 1584 1556 72.
1606 1539 1662 1543 —
1677 1516 1813 1556 Dousa

262 1578 359 1618 haec
383 1578 508 1617 uerba
531 1580 671 1629 posuit
694 1591 859 1617 numero
883 1579 936 1617 19
964 1578 1031 1616 lib.
1058 1577 1166 1627 XIV,
1193 1578 1256 1617 cui
1283 1577 1433 1616 tribuit
1455 1589 1599 1616 reuera
1623 1577 1813 1628 Neapoli-

262 1640 383 1677 tanus
414 1638 477 1677 illi
507 1638 688 1690 ignotus,
727 1637 886 1678 etiamsi
916 1639 960 1677 in
998 1637 1256 1677 adnotatione
1295 1639 1430 1677 locum
1462 1636 1635 1676 Charisii
1674 1650 1812 1676 secun·

264 1698 359 1737 dum
396 1698 590 1738 editiones
628 1699 815 1750 uulgares
853 1698 1003 1738 scribat
1042 1695 1126 1737 ‘sed
1163 1698 1343 1738 Lucilius
1368 1697 1451 1736 XV·
1483 1693 1730 1747 masculine',
1771 1698 1813 1736 in

264 1758 550 1798 commentario
587 1758 691 1798 hanc
727 1759 940 1798 lectionem
973 1758 1146 1798 Charisii
1181 1758 1329 1798 iterum
1368 1757 1527 1797 adferat
1557 1757 1629 1797 ubi
1665 1759 1814 1797 temere

265 1818 412 1858 conicit
447 1832 588 1858 reuera
626 1816 694 1858 ‘ad
719 1819 756 1857 V
793 1816 1084 1858 transferenda'
1124 1819 1249 1859 uerba
1285 1819 1359 1858 illa
1395 1831 1489 1859 esse.
1553 1817 1667 1864 Quod
1707 1820 1815 1858 recte

265 1878 333 1918 lib.
360 1878 454 1918 XIV
486 1878 593 1919 filius
624 1880 666 1918 in
699 1879 872 1919 editione
903 1881 1056 1930 posuit,
1091 1879 1133 1918 id
1165 1879 1312 1919 codicis
1344 1880 1406 1919 sui
1439 1879 1678 1919 auctoritate
1710 1892 1812 1918 com-

265 1942 419 1979 motum
450 1940 532 1978 iam
563 1941 720 1990 patrem
751 1940 890 1979 fecisse
922 1941 1112 1991 suspicor,
1145 1940 1256 1979 cuius
1287 1941 1486 1979 rationem
1517 1939 1624 1978 filius
1651 1952 1730 1979 non
1755 1940 1815 1977 in—

265 1999 439 2039 tellexit:
471 2001 656 2051 excerpta
689 1999 918 2039 Cauchiana
957 2000 1063 2051 quod
1096 2001 1285 2039 exhibent
1309 1999 1416 2050 XVI,
1453 1999 1496 2039 id
1528 1999 1651 2039 simili
1683 2012 1815 2039 errore

266 2061 418 2100 factum
450 2073 534 2100 esse
565 2061 726 2100 uidetur
757 2063 878 2111 atque
908 2060 976 2099 lib.
1003 2060 1060 2099 XI
1086 2075 1122 2099 u.
1150 2062 1248 2100 426.

386 2114 498 2161 454.
533 2120 735 2161 Charisius
762 2120 829 2160 GL
855 2119 875 2159 I
899 2135 938 2172 p.
968 2122 1034 2171 79,
1063 2121 1169 2160 15Κ
1206 2117 1369 2160 ‘Caseus
1409 2120 1622 2160 masculini
1660 2121 1815 2172 generis

267 2182 337 2220 est.
366 2211 374 2219 .
396 2211 402 2218 .
426 2211 433 2218 .
455 2181 495 2219 et
514 2181 692 2221 Lucilius
715 2181 836 2220 XIIII
862 2177 1032 2221 “caseus
1058 2182 1126 2220 ala
1150 2181 1265 2221 molis
1291 2176 1368 2236 (sic
1395 2180 1659 2221 Coloniensis:
1692 2180 1815 2226 editio

267 2242 399 2292 prima
431 2241 499 2279 ala
529 2242 684 2287 molliet,
716 2241 1008 2292 Neapolitanus
1035 2242 1103 2280 ala
1133 2242 1212 2280 mol
1241 2242 1288 2281 lit
1312 2243 1384 2281 aut
1408 2241 1555 2280 alsamol
1581 2242 1654 2280 liet.
1702 2240 1814 2280 Colo-

268 2301 397 2340 niensi
440 2300 666 2351 deperdito,
716 2301 763 2340 de
809 2315 887 2352 quo
931 2301 1067 2341 Dousa
1110 2303 1151 2340 in
1196 2301 1343 2341 Lucilii
1387 2301 1480 2341 edit.
1507 2301 1602 2340 XIV
1632 2302 1684 2340 18
1712 2301 1816 2350 adn.,

267 2360 387 2399 fidem
418 2373 501 2400 esse
532 2361 724 2401 maiorem
757 2374 875 2412 saepe
915 2361 1140 2400 habendam
1179 2375 1299 2412 quam
1336 2362 1606 2412 Neapolitano
1644 2355 1816 2400 diximus

268 2420 318 2459 ad
344 2420 401 2459 IX
426 2434 462 2459 u.
492 2421 576 2460 362
603 2421 660 2460 XI
685 2435 722 2460 u.
751 2422 848 2461 401.
917 2421 1061 2472 Itaque
1098 2423 1211 2461 molis
1255 2420 1356 2461 illud
1400 2422 1466 2460 uix
1513 2421 1623 2461 aliud
1666 2420 1816 2472 poterit

269 2493 352 2520 esse
385 2493 506 2531 quam
538 2481 780 2521 adiectiuum
811 2482 939 2521 mollis
971 2482 1077 2532 quod
1116 2482 1323 2532 epitheton
1364 2483 1469 2521 casei
1505 2483 1586 2520 fere
1625 2481 1815 2520 sollemne

270 2542 349 2580 est:
373 2539 481 2590 Cels.
507 2540 548 2580 11
575 2543 631 2581 20
659 2539 748 2592 ‘lac,
775 2554 912 2582 caseus
938 2538 1087 2581 mollis'
1115 2542 1293 2582 Scribon.
1319 2542 1437 2594 Larg.
1464 2554 1550 2592 cap.
1580 2543 1665 2581 140
1693 2538 1815 2580 ‘uete-

269 2601 404 2639 ratum
435 2613 595 2641 caseum
626 2598 804 2641 mollem'
833 2603 916 2641 158
952 2600 1103 2642 ‘caseus
1134 2602 1267 2642 mollis
1299 2599 1450 2642 recens’
1478 2601 1722 2652 Pomponius
1753 2614 1814 2651 ap.

272 2659 422 2700 Charis.
455 2662 481 2700 1.
514 2674 543 2701 s.
577 2659 751 2701 ‘caseum
795 2659 928 2701 molle’
975 2662 1105 2702 Plaut.
1140 2661 1253 2714 Capt.
1282 2663 1365 2702 851
1414 2659 1592 2701 ‘mollem
1642 2658 1814 2701 caseum’

272 2715 411 2773 (Poen.
439 2715 563 2775 367);
608 2721 678 2760 ΑΡ
703 2722 760 2761 XI
788 2723 861 2771 74,
896 2723 920 2761 3
970 2721 1114 2774 τυροὺς
1162 2720 1350 2770 ἁπαλούς.
1420 2722 1549 2761 Varro
1597 2735 1670 2760 rer.
1717 2722 1814 2761 rust.

270 2780 311 2819 II
340 2782 407 2829 11,
434 2782 458 2819 3
494 2778 599 2820 ‘cum
630 2782 770 2821 molles
802 2781 883 2820 sint
913 2783 1042 2833 magis
1075 2782 1242 2831 alibiles,
1274 2783 1316 2821 in
1349 2795 1512 2833 corpore
1542 2794 1621 2820 non
1652 2777 1816 2820 resides’

271 2839 383 2878 Paul.
410 2853 457 2878 ex
482 2840 586 2880 Fest.
612 2854 650 2891 p.
679 2842 735 2880 90
768 2838 954 2880 ‘fiscellus
986 2843 1091 2881 casei
1122 2842 1254 2881 mollis
1287 2839 1517 2892 appefitor’.
1568 2841 1706 2880 Mollis
1734 2840 1815 2880 iam

271 2899 454 2939 Hauetus
483 2901 694 2951 proposuit
724 2901 819 2940 Rev.
846 2901 882 2939 d.
908 2901 1005 2951 phil.
1032 2900 1127 2940 XIV
1156 2902 1271 2941 1890
1295 2915 1333 2952 p.
1364 2903 1468 2950 131,
1505 2901 1573 2940 ala
1609 2914 1682 2951 pro
1720 2902 1817 2940 aula

275 2971 406 3027 quare.
428 2960 622 3059 {cziptum
648 2961 781 3010 fuerit,
813 2973 948 3001 omnes
973 2962 1107 3001 sciunt
1133 2962 1203 3013 qui
1227 2962 1388 3014 linguae
1414 2961 1594 3017 uulgaris
1620 2963 1818 3006 nonerunt

272 3031 431 3071 proprie
453 3032 478 3060 a
498 3032 548 3060 es.
