2060 3444
88 1134 110 1183 §Q

815 254 901 289 dub.
930 267 964 290 u.
995 257 1240 291 1368—1371.
1719 256 1806 297 435

262 363 430 422 (remma
473 362 587 421 codd)
633 367 772 407 lucuns
816 368 916 407 nihil
959 368 1143 417 adiuuat,
1194 369 1272 408 ista
1316 369 1520 408 ministrat
1563 363 1702 422 (istam
1746 371 1803 408 in·

261 429 364 468 strat
399 422 542 480 codd)’.
604 427 759 467 Lucilio
797 428 942 468 tribuit
979 427 1244 468 Buechelerus
1281 429 1324 467 in
1361 428 1491 467 indice
1533 428 1625 468 edit.
1652 443 1690 480 p.
1718 431 1802 468 252

260 499 288 527 s.
316 501 351 526 u.
378 489 603 537 scre‘ptores:
639 489 761 539 quam
796 489 1035 527 sententiam
1074 487 1326 527 commendat
1363 489 1492 527 exitus
1530 501 1668 528 uersus
1700 501 1804 528 com-

260 549 424 599 paratus
461 560 550 587 cum
591 544 781 599 ‘optimus
818 544 961 588 multo’
1000 547 1067 587 lib.
1094 548 1152 587 IV
1178 562 1215 586 u.
1245 548 1326 587 151
1376 545 1544 599 ‘primus
1572 580 1578 587 .
1608 579 1615 587 .
1644 580 1651 587 .
1677 549 1804 589 multo

259 603 334 647 est‘
361 606 435 647 XV
460 621 497 646 u.
525 609 610 647 493
639 602 730 662 (XX
756 621 792 646 u.
821 609 905 647 577
933 608 1042 647 ΧΧΧ
1068 622 1105 647 u.
1134 603 1251 662 973).
1278 630 1336 635 -
1356 609 1600 657 purissimus
1628 609 1804 659 positum

259 669 320 708 est
349 668 396 706 ut
427 680 489 719 ap.
517 667 626 707 Seru.
654 667 704 706 ad
730 667 828 707 Aen.
854 668 917 707 III
945 669 998 707 57
1035 665 1317 707 ‘Massilienses
1351 669 1536 719 quotiens
1573 669 1805 719 pestilentia

258 727 506 778 laborabant,
538 740 642 767 unus
673 741 714 768 se
747 741 793 767 ex
824 727 1066 780 pauperibus
1099 728 1291 768 offerebat
1322 728 1487 768 alendus
1516 740 1621 767 anno
1647 729 1803 782 integro

256 787 428 839 publicis
464 784 717 839 <sumptibus
755 789 835 828 add
871 785 1160 840 Bacchae-us>
1201 789 1242 827 et
1277 787 1508 839 purioribus
1545 785 1660 828 cibis'
1699 789 1802 828 Fest.

257 860 294 899 p.
324 848 422 898 230,
451 849 504 887 22
539 845 678 887 ‘etiam
714 861 818 888 nunc
856 849 936 888 offa
973 849 1138 898 porcina
1175 861 1265 887 cum
1303 848 1430 888 cauda
1467 847 1508 887 in
1547 848 1653 888 cenis
1692 850 1803 900 puris

229 937 232 939 Α
257 907 336 948 offa
366 908 504 958 penita
534 905 728 948 uocatur’.
793 908 956 948 Adicias
987 909 1024 948 h.
1051 922 1088 947 u.
1115 908 1182 948 lib.
1209 908 1308 947 XIII
1332 922 1369 947 u.
1397 909 1496 947 444.

380 962 522 1008 1369.
554 969 790 1021 Fulgentius
816 968 1074 1020 expositionis
1101 981 1326 1008 sermonum
1355 970 1612 1020 antiquorum
1638 982 1723 1021 cap.
1747 971 1801 1008 23

255 1042 293 1080 p.
324 1029 420 1078 118,
449 1030 499 1068 11
516 1028 647 1068 Helm.
718 1025 972 1080 ‘Gapularem
1011 1029 1090 1069 dici
1128 1029 1344 1068 uoluerunt
1380 1042 1512 1068 senem
1556 1029 1639 1068 iam
1683 1030 1802 1069 morti

256 1089 498 1140 contiguum.
572 1088 649 1128 Sed
693 1092 733 1128 et
775 1102 862 1129 reos
907 1089 1115 1140 capulares
1159 1088 1346 1128 dicebant
1389 1091 1459 1140 qui
1503 1090 1646 1140 capulo
1691 1090 1803 1142 digni

256 1147 417 1188 fuerunt
446 1148 552 1188 unde
578 1151 619 1188 et
643 1148 822 1188 Lucilius
848 1150 907 1188 ait
933 1146 1099 1201 “pergit
1123 1149 1311 1200 capulare
1340 1146 1543 1189 cadauer''
1572 1152 1611 1189 et
1637 1149 1802 1190 Flaccus

255 1208 438 1248 Tibullus
475 1210 517 1248 in
548 1208 702 1248 Melene
740 1210 918 1249 comedia
957 1211 1015 1249 ait
1054 1206 1180 1249 “tune
1219 1222 1354 1248 amare
1393 1210 1514 1249 audes
1546 1209 1730 1249 edentule
1763 1212 1803 1249 et

255 1268 454 1319 capularis
487 1266 694 1308 senex?'’.'
746 1270 895 1308 Lucilii
927 1282 1069 1309 nomen
1103 1283 1182 1309 non
1214 1271 1342 1322 magis
1376 1270 1450 1309 fide
1483 1269 1648 1321 dignum
1680 1283 1801 1321 quam

255 1328 388 1368 Flacci
420 1328 588 1368 Tibulli:
619 1330 744 1369 uerba
775 1330 863 1380 ipsa
894 1330 1070 1380 produnt
1100 1329 1302 1369 hominem
1333 1330 1553 1369 falsarium.

376 1383 518 1430 1370.
552 1388 844 1430 Grammaticus
877 1390 925 1429 de
957 1389 1087 1429 dubiis
1120 1389 1346 1430 nominibus
1376 1389 1444 1428 GL
1470 1389 1506 1426 V
1533 1404 1570 1441 p.
1599 1391 1697 1438 588,
1727 1392 1747 1428 1
1767 1389 1801 1427 Κ

255 1445 437 1489 ‘Porrum
482 1451 636 1501 generis
680 1451 822 1490 neutri.
891 1450 959 1489 sed
994 1450 1120 1489 Varro
1165 1446 1404 1501 “ponuntur
1447 1452 1584 1489 tenues
1628 1446 1799 1500 porri''.'

255 1508 360 1549 Conf
383 1508 532 1549 Charis.
559 1510 579 1548 I
605 1523 642 1560 p.
672 1511 769 1560 104,
799 1512 820 1548 7
837 1510 883 1548 K.
937 1509 1092 1549 Saturis
1124 1509 1222 1549 haec
1253 1509 1376 1549 uerba
1408 1509 1630 1560 Menippeis
1657 1509 1801 1549 tribuit

253 1568 518 1608 Buechelerus
568 1565 696 1624 (580)
744 1570 966 1609 hexametri
1015 1569 1256 1620 principium
1309 1581 1391 1609 esse
1423 1570 1512 1619 ‚qui
1555 1571 1801 1620 perspexerit

253 1641 381 1680 neque
413 1629 684 1669 dubitauerim
717 1630 813 1680 quin
844 1642 985 1669 reuera
1016 1632 1135 1681 poeta
1167 1630 1315 1680 aliquis
1347 1630 1444 1669 haec
1479 1629 1604 1669 uerba
1641 1641 1799 1681 compo-

254 1688 382 1729 suerit
412 1688 610 1740 dactylico
642 1690 883 1729 hexametro.
945 1689 1002 1728 At
1033 1702 1168 1729 omnes
1200 1701 1337 1729 uersus
1375 1702 1474 1740 quos
1513 1689 1807 1741 grammaticus·

254 1749 322 1788 ille
353 1748 525 1789 Varroni
563 1749 723 1799 tribuit,
762 1762 828 1789 eos
866 1749 1037 1789 aliorum
1069 1762 1151 1789 esse
1184 1751 1341 1790 constat
1377 1751 1597 1801 poetarum.
1661 1749 1799 1789 Veluti

252 1823 289 1860 p.
319 1810 418 1858 587,
446 1811 466 1848 1
513 1806 666 1860 ‘perdix
710 1811 867 1862 generis
910 1809 1094 1850 feminini
1137 1812 1184 1849 ut
1214 1809 1360 1849 Varro:
1414 1806 1608 1861 “garrula
1657 1810 1799 1849 limoso

251 1870 453 1920 prospexit
467 1867 571 1922 (ab)
585 1869 681 1909 elice
707 1866 877 1921 perdix”
896 1867 906 1884 '
936 1869 1070 1909 Ouidii
1097 1872 1158 1910 est
1182 1871 1340 1910 metam.
1368 1869 1468 1908 VIII
1490 1870 1594 1919 2373
1629 1871 1682 1908 14
1712 1867 1798 1909 ‘Pix

251 1929 406 1981 generis
438 1929 620 1969 feminini
652 1932 698 1968 ut
729 1930 857 1970 Varro
891 1927 1143 1981 “Idaeasque
1175 1926 1314 1981 pices''
1333 1927 1344 1944 '
1379 1931 1439 1969 est
1465 1929 1637 1982 Vergilii
1663 1943 1796 1981 georg.

251 1988 314 2028 III
340 1990 443 2038 4503
476 2003 513 2041 p.
543 1990 640 2039 588,
668 1991 694 2028 4
729 1987 957 2041 ‘pistrinum
990 1989 1145 2042 generis
1177 1991 1328 2039 neutri,
1366 1989 1434 2030 sed
1465 1990 1595 2029 Varro
1635 1986 1799 2029 “media

251 2051 312 2089 est
360 2047 591 2100 pistrina”'
646 2051 707 2090 est
749 2050 896 2090 Lucilii
939 2050 1006 2088 lib.
1034 2050 1129 2089 XVI
1154 2064 1190 2089 u.
1220 2050 1324 2102 5213
1369 2063 1407 2101 p.
1436 2051 1534 2099 590,
1563 2051 1586 2089 9
1637 2047 1798 2089 ‘Saccus

251 2109 405 2162 generis
438 2109 646 2150 masculini
678 2113 725 2149 ut
749 2110 878 2149 Varro
913 2107 1085 2149 “uinum
1118 2111 1193 2150 cui·
1213 2110 1314 2149 nihil
1346 2110 1527 2150 sacculus
1568 2107 1766 2149 abstulit”
1786 2107 1796 2123 '

251 2170 312 2209 est
341 2168 487 2209 Lucilii
518 2170 654 2210 incert.
681 2184 717 2209 u.
749 2171 861 2209 1155
878 2184 919 2219 τις
952 2185 989 2222 p.
1019 2171 1116 2220 591,
1145 2171 1198 2210 26
1228 2167 1368 2210 ‘Tofus
1394 2171 1549 2222 generis
1575 2170 1798 2219 masculini,

251 2232 299 2268 ut
316 2229 445 2269 Varro
473 2226 546 2268 “et
570 2231 680 2269 tofus
713 2227 880 2269 scaber”
900 2227 910 2244 '
939 2232 1000 2269 est
1018 2230 1188 2282 Vergilii
1213 2243 1346 2282 georg.
1366 2229 1408 2269 Π
1429 2231 1535 2280 2143
1560 2244 1598 2281 p.
1621 2231 1719 2279 593,
1743 2232 1796 2269 17

253 2286 414 2329 ‘Vrsum
446 2289 603 2340 antiqui
636 2302 715 2329 non
747 2289 1003 2329 declinabant
1033 2290 1074 2329 in
1105 2290 1325 2330 masculino
1354 2322 1360 2328 .
1384 2322 1390 2329 .
1414 2321 1420 2328 .
1447 2290 1515 2329 sed
1541 2289 1670 2329 Varro
1697 2290 1799 2329 dixit

253 2345 512 2400 “Otr-saque>
543 2345 891 2402 conspectos[que]
924 2350 964 2388 in
997 2351 1198 2390 montibus
1229 2350 1387 2389 horruit
1417 2346 1561 2389 ursos”
1581 2346 1592 2363 ⁹
1620 2352 1681 2389 est
1701 2348 1796 2389 Oui-

251 2408 307 2448 dii
339 2410 498 2448 metam.
526 2409 566 2448 H
593 2410 690 2449 494.
741 2409 855 2448 Vnde
886 2411 1001 2461 patet
1031 2409 1237 2461 probabile
1270 2421 1353 2449 esse
1381 2410 1423 2449 in
1449 2423 1475 2460 p
1502 2409 1638 2449 littera
1665 2423 1795 2461 gram-

250 2468 440 2508 maticum
473 2469 611 2508 codem
642 2469 759 2509 modo
791 2482 941 2509 errasse
973 2469 1015 2509 in
1039 2482 1208 2519 porrum
1241 2483 1319 2520 quo
1351 2469 1392 2508 in
1423 2470 1641 2518 pistrinum
1678 2471 1718 2508 et
1755 2471 1796 2508 in

250 2540 387 2568 saccus
424 2530 464 2568 et
501 2528 656 2569 Lucilio
693 2529 817 2568 uerba
854 2530 928 2569 illa
965 2542 1048 2569 esse
1086 2529 1308 2569 tribuenda.
1372 2528 1482 2576 Quae
1519 2529 1611 2568 libri
1638 2529 1672 2565 V
1713 2542 1796 2568 esse

251 2588 527 2640 coniungenda
559 2602 647 2628 cum
682 2602 719 2628 u.
746 2591 830 2628 194
865 2587 1010 2629 ‘flebile
1042 2602 1136 2641 cepe
1162 2590 1293 2639 simul,
1318 2588 1632 2640 lacrimosaeque
1659 2589 1796 2629 ordine

251 2647 391 2698 tallae,
434 2650 638 2699 ponuntur
674 2651 813 2689 tenues
851 2647 974 2700 porri’
1015 2651 1101 2689 ueri
1140 2652 1200 2689 est
1237 2650 1496 2690 simillimum.
1559 2649 1733 2689 Martial.
1760 2649 1795 2685 V

253 2708 321 2757 78,
348 2708 372 2747 6
407 2705 600 2748 ‘Ponetur
636 2708 774 2761 digitis
812 2710 1005 2749 tenendus
1043 2711 1144 2750 ustis
1182 2710 1297 2762 nigra
1335 2706 1527 2749 coliculus
1559 2710 1694 2748 uirens
1726 2723 1793 2760 pa-

250 2764 363 2807 tella’
385 2781 416 2808 e.
438 2781 474 2818 q.
496 2780 525 2807 s.

374 2821 515 2867 1371.
547 2827 696 2868 Paulus
728 2841 774 2870 ex
806 2828 923 2868 Festo
954 2842 992 2879 p.
1022 2830 1119 2878 224,
1149 2830 1200 2868 16
1240 2826 1512 2879 ‘Prymnesius
1552 2824 1796 2882 (Prymeso'us

163 2881 167 2885 ⁶
251 2886 465 2926 secundum
495 2887 595 2926 codd
627 2887 753 2927 edidit
783 2883 1100 2942 Thewrewkius)
1133 2889 1261 2939 palus,
1292 2888 1344 2927 ad
1377 2901 1494 2938 quem
1526 2888 1632 2927 funis
1664 2889 1795 2927 nauti-

251 2959 320 2986 cus
375 2946 587 2999 religatur,
649 2960 765 2998 quem
822 2948 894 2986 alii
948 2948 1127 2987 tosillam
1183 2943 1350 2987 dicunt’.
1432 2947 1588 2986 Lucilio
1650 2947 1796 2986 tribuit

250 3005 295 3045 L.
314 3005 529 3046 Muellerus
554 3006 618 3046 111
643 3007 711 3046 45.

1433 3073 1507 3108 28*
