2060 3444
828 199 879 236 IX
903 211 942 237 u.
967 202 1172 240 386-838.
1688 196 1773 239 129

224 315 268 356 F.
288 315 443 365 Douea,
476 326 565 355 cum
596 314 776 354 Lucilius
807 314 973 366 propter
1002 311 1399 364 homoeoprophoron
1441 312 1572 351 dentes
1607 311 1772 352 discidio

222 389 370 428 ponere
395 375 604 415 maluerit:
630 375 799 415 Trebell.
822 374 958 414 Claud.
983 375 1049 423 13,
1077 375 1101 413 5
1131 370 1286 426 ‘digitis
1309 384 1437 424 usque
1463 372 1561 412 adeo
1587 372 1772 424 fortibus,

223 438 273 476 ut
303 448 421 488 saepe
453 437 567 487 equis
600 437 642 474 et
671 435 791 474 mulis
829 436 915 474 ictu
951 434 1079 486 pugni
1110 433 1247 473 dentes
1280 428 1511 472 excusserit’
1548 433 1571 471 7
1619 429 1771 472 ‘omnes

223 495 362 536 dentes
387 509 470 536 uno
495 508 631 548 pugno
657 492 844 535 excussit'
871 494 1078 545 Aristoph.
1104 494 1204 533 R-an.
1227 493 1311 532 547
1338 484 1426 548 κᾷτ’
1450 490 1494 532 ἐκ
1518 497 1588 546 τῆς
1611 491 1771 546 γνάθου

222 555 299 605 πὺξ
332 555 507 604 πατάξας
539 553 762 608 μούξέκοψε
793 553 886 600 τοὺς
916 553 1058 608 χοροὺς
1088 552 1181 602 τοὺς
1212 552 1446 607 προσθίους.

345 611 456 657 338.
506 616 662 656 Nonius
712 630 750 668 p.
778 616 883 666 428,
916 616 941 654 9
989 611 1139 654 ‘Poesis
1189 616 1231 653 et
1278 625 1422 664 poema
1471 612 1574 651 hanc
1622 612 1773 652 habent

222 677 470 717 distantiam.
633 676 812 716 Lucilius
856 676 1086 726 satyrarum
1128 674 1198 713 lib.
1224 673 1345 712 VIIII
1391 670 1486 713 ‘non
1531 673 1629 712 haec
1673 673 1771 724 quid

222 737 360 777 ualeat
399 737 549 788 quidue
579 737 654 776 hoc
683 737 871 776 intersiet
899 733 1003 774 illud
1029 765 1037 774 .
1059 766 1067 774 .
1089 766 1096 773 .
1123 746 1253 786 parua
1282 746 1426 785 poema
1462 733 1566 773 idem
1596 733 1772 784 epistula.

222 797 394 846 itemque
423 797 485 836 uis
513 827 521 836 .
542 827 551 837 .
574 828 580 836 .
607 809 706 848 opus
738 798 870 836 totum
905 798 1058 844 totaque
1087 795 1160 835 illa
1191 806 1346 834 swmma
1383 795 1445 833 est
1474 805 1555 832 una
1586 791 1700 841 θέσις
1730 796 1774 832 ut

224 858 386 897 annales
431 858 525 897 enni
570 860 690 908 atque
733 859 811 896 stoc
846 869 970 895 unum
1008 858 1068 895 est
1103 854 1234 894 maius
1271 854 1400 894 multo
1437 855 1500 893 est
1530 883 1540 893 .
1562 884 1599 892 ..
1631 855 1772 904 poesin

222 920 427 958 inuersum
468 931 592 957 unum
625 947 634 957 .
661 948 670 957 .
699 947 707 956 .
739 918 967 967 entymema
1009 912 1277 956 timulooum''.
1349 914 1479 953 Varro
1523 913 1771 953 Parmenone

225 973 331 1033 (398
347 973 400 1033 Β)
435 975 614 1017 “Poema
645 979 706 1017 est
735 976 835 1016 lexis
867 976 1111 1028 enrythmos,
1142 975 1185 1014 id
1217 977 1278 1015 est
1313 974 1437 1014 uerba
1467 974 1587 1025 plura
1616 974 1772 1014 modice

224 1039 267 1077 in
296 1038 498 1090 quandam
523 1039 703 1078 coniecta
727 1038 909 1077 formam.
965 1038 1104 1087 itaque
1130 1037 1254 1075 etiam
1279 1035 1480 1075 distichon
1506 1035 1772 1086 epigramma-

222 1098 309 1138 tion
364 1099 512 1138 uocant
565 1111 719 1149 poema.
788 1097 918 1149 poesis
975 1099 1036 1137 est
1090 1098 1327 1148 perpetuum
1384 1097 1666 1148 argumentum
1724 1108 1772 1133 ex

221 1159 440 1210 rhythmis,
483 1160 530 1197 ut
572 1158 684 1198 Ilias
720 1157 888 1197 Homeri
930 1158 971 1196 et
1014 1157 1179 1196 annales
1223 1155 1340 1195 Enni.
1408 1156 1565 1207 poetice
1609 1157 1671 1195 est
1707 1167 1771 1194 ars

224 1231 363 1258 earum
392 1215 586 1258 rerum”.'
644 1218 867 1257 Verborum
892 1217 1126 1257 differentiis
1151 1218 1258 1256 recte
1283 1215 1563 1268 intellegendis
1587 1215 1772 1266 inprimis

223 1279 440 1319 studebant
466 1279 547 1318 uiri
577 1278 686 1318 docti
717 1278 866 1318 saeculi
898 1290 933 1317 a.
961 1277 1029 1318 ch.
1063 1277 1228 1317 alterius
1253 1277 1382 1316 ueluti
1408 1275 1507 1316 Cato
1540 1270 1598 1330 (p.
1619 1277 1689 1326 47,
1718 1277 1772 1314 14

222 1334 360 1395 Iord.)‚
400 1339 591 1378 Afranius
624 1333 713 1394 (23.
748 1339 831 1378 221
860 1333 933 1393 R),
970 1337 1116 1378 Accius
1149 1332 1208 1392 (4.
1243 1337 1327 1377 296
1355 1331 1428 1391 R),
1466 1337 1561 1376 conf
1594 1336 1772 1375 Lucilius

222 1400 360 1439 incert.
386 1413 424 1438 u.
447 1400 581 1438 1215:
619 1399 689 1450 qui
728 1399 804 1438 hoc
834 1399 921 1438 loco
954 1399 1308 1451 grammaticorum
1340 1396 1582 1436 Graecorum
1614 1398 1771 1436 secutus

223 1462 285 1500 est
315 1459 548 1499 doctrinam.
612 1458 733 1499 Cuius
765 1459 970 1499 doctrinae
1000 1459 1066 1498 hic
1101 1458 1212 1498 locus
1243 1457 1563 1497 uetustissimum
1593 1456 1772 1496 omnium

223 1521 284 1560 est
307 1520 601 1559 testimonium:
627 1519 793 1559 eandem
817 1520 997 1559 referunt
1028 1519 1211 1570 regulam
1237 1517 1381 1557 Graeci
1404 1516 1634 1568 Apthonius
1660 1515 1733 1556 RG
1752 1516 1772 1555 I

223 1593 262 1631 p.
284 1579 407 1619 60W
431 1579 473 1618 ΙΙ
496 1593 534 1630 p.
557 1581 626 1629 22,
653 1581 677 1619 3
699 1578 767 1630 Sp.
794 1579 955 1631 ποίησις
979 1576 1051 1631 μὲν
1081 1577 1156 1632 γὰρ
1187 1583 1296 1617 πᾶσα
1326 1574 1352 1629 ἡ
1374 1572 1514 1628 ’Πιάς,
1544 1576 1698 1628 ποίημα
1729 1573 1772 1615 δὲ

224 1636 250 1691 ἡ
269 1644 348 1679 τῶν
375 1634 578 1691 Ἀχιλλέως
607 1638 740 1678 ὅπλων
764 1638 986 1690 κατασκευή
1012 1651 1130 1689 quem
1154 1638 1287 1678 locum
1313 1635 1358 1678 G.
1378 1636 1409 1676 Ι.
1428 1637 1560 1676 Vossii
1589 1636 1773 1676 doctrina

227 1712 318 1740 usus
343 1701 552 1750 comparat
577 1698 783 1750 Oorpetus,
814 1698 974 1738 uberius
999 1698 1270 1751 Hermogenes
1295 1698 1321 1736 1.
1342 1710 1372 1737 s.
1392 1711 1430 1748 p.
1455 1698 1508 1736 16
1523 1696 1576 1734 W
1595 1710 1633 1747 p.
1655 1698 1682 1735 4
1703 1696 1770 1747 Sp.

223 1759 383 1812 ποίησις
413 1754 572 1812 ἡἸλιὰς
602 1758 669 1798 καὶ
699 1758 860 1811 ποίησις
890 1754 1160 1811 ἡὈὸυσσεία,
1192 1756 1393 1810 ποιήματα
1424 1754 1467 1796 δὲ
1499 1754 1772 1809 ἀσπιδοποιΐα,

223 1819 522 1872 νεκυομαντεία,
548 1818 877 1872 μνηστηροφονία
901 1818 1087 1858 Ammon.
1108 1831 1137 1858 s.
1156 1832 1196 1858 u.
1221 1817 1407 1872 διήγησις
1439 1831 1476 1868 p.
1499 1818 1554 1856 43
1570 1816 1608 1855 V
1633 1815 1771 1870 διήγη-

227 1890 288 1928 σις
332 1877 403 1932 μὲν
451 1877 526 1933 γὰρ
569 1878 636 1919 καὶ
678 1878 842 1932 ποίησίς
885 1877 990 1919 ἐστιν
1032 1875 1058 1931 ἡ
1091 1878 1141 1919 ἐν’
1179 1877 1293 1930 μήκει
1336 1876 1379 1917 τὸ
1420 1875 1567 1917 τέλειον
1610 1875 1770 1930 ἔχουσα·

225 1939 402 1993 διήγημα
437 1937 481 1979 δὲ
517 1938 584 1979 καὶ
621 1939 774 1991 ποίημα
804 1938 847 1979 τὸ
879 1938 1119 1992 βραχύτερον
1149 1938 1219 1978 ubi
1250 1938 1353 1978 editt
1383 1938 1556 1977 afferunt
1586 1937 1771 1976 Eustath.

225 2001 350 2052 praef.
383 1999 436 2039 ad
465 1999 511 2038 Il.
532 1999 569 2038 A
588 2013 626 2051 p.
647 2000 687 2050 6,
708 2000 762 2038 22
790 1999 849 2039 ed.
870 1999 982 2038 Rom.
1009 1998 1170 2051 ποίησις
1195 1995 1267 2051 μὲν
1292 1994 1317 2049 ἡ
1345 1997 1415 2050 ὅλη
1442 1997 1595 2050 βίβλος,
1619 1996 1773 2050 ποίημα

226 2057 268 2100 δὲ
299 2058 387 2100 τόδε
417 2059 461 2100 τὸ
491 2059 652 2113 γράμμα
681 2057 810 2113 ἤγουν
841 2058 912 2111 ἥδε
943 2055 970 2111 ’ἡ
1001 2058 1190 2116 ῥαψῳδία
1223 2057 1267 2098 τὸ
1298 2056 1408 2109 ἄλφα
1438 2059 1516 2097 κτλ,
1579 2057 1772 2097 Varronis

226 2119 408 2160 doctrina
446 2122 487 2159 et
523 2120 565 2158 in
595 2119 855 2159 Parmenonis
892 2119 980 2160 loco
1012 2132 1041 2159 s.
1062 2132 1091 2159 s.
1118 2118 1362 2170 conspicitur
1401 2118 1651 2157 consentiens
1682 2130 1772 2157 cum

226 2179 372 2220 Lucilii
407 2179 588 2219 uersibus
629 2181 669 2220 et
709 2180 816 2231 apud
852 2180 952 2219 Mar.
984 2179 1133 2219 Victor.
1167 2178 1241 2219 GL
1265 2178 1325 2217 VI
1355 2193 1393 2230 p.
1416 2179 1491 2228 56,
1525 2179 1579 2217 18
1606 2190 1715 2229 seqq.
1735 2177 1772 2216 K

229 2237 398 2291 ‘poetice
442 2242 503 2279 est
545 2252 611 2279 ars
647 2239 746 2290 ipsa.
812 2240 917 2280 Nam
954 2239 1086 2290 poesis
1124 2241 1165 2278 et
1200 2251 1344 2291 poema
1384 2239 1538 2278 distant
1568 2250 1634 2288 eo,
1664 2238 1772 2289 quod

226 2311 370 2351 poema
405 2297 541 2352 <uno>
577 2300 854 2340 tantummodo
892 2299 1094 2340 clauditur
1130 2300 1323 2349 carmine,
1365 2300 1413 2338 ut
1454 2298 1664 2350 tragoedia
1706 2298 1772 2338 uel

227 2359 454 2411 rhapsodia,
484 2359 616 2411 poesis
647 2362 782 2399 autem
813 2373 860 2399 ex
890 2360 1072 2411 pluribus
1103 2356 1188 2411 <est
1214 2361 1411 2398 contextus
1434 2354 1705 2410 carminibus>
1730 2358 1772 2397 id

228 2421 290 2459 est
326 2431 467 2471 corpus
512 2421 642 2472 operis
680 2420 851 2460 confecti
886 2422 934 2459 ut
969 2420 1066 2460 Ilias
1103 2419 1269 2459 Homeri
1308 2420 1350 2458 et
1385 2418 1533 2457 Aeneis
1571 2415 1772 2470 Vergilii',

227 2479 357 2531 magis
401 2479 452 2518 ad
494 2480 641 2520 Lucilii
682 2479 806 2519 uerba
850 2480 1004 2520 accedit
1046 2479 1260 2519 Diomedes
1298 2477 1372 2518 GL
1403 2478 1424 2517 I
1460 2491 1498 2529 p.
1526 2479 1631 2527 473,
1667 2479 1719 2517 17
1736 2477 1772 2515 K

231 2536 372 2578 ‘distat
403 2541 536 2579 autem
575 2541 734 2592 poetica
765 2553 789 2579 a
820 2542 1004 2592 poemate
1036 2542 1076 2579 et
1105 2539 1230 2591 poesi,
1260 2539 1368 2590 quod
1396 2538 1556 2590 poetica
1588 2550 1652 2577 ars
1682 2537 1773 2588 ipsa

228 2599 494 2652 intellegitur,
530 2612 676 2651 poema
706 2602 841 2640 autem
869 2613 964 2651 pars
997 2599 1145 2652 operis,
1181 2601 1228 2639 ut
1264 2599 1486 2651 tragoedia,
1517 2599 1649 2650 poesis
1681 2610 1772 2637 con-

229 2660 361 2698 textus
399 2661 440 2699 et
475 2672 618 2711 corpus
654 2660 780 2700 totius
818 2661 949 2711 operis
986 2661 1134 2710 effecti,
1171 2661 1218 2699 ut
1253 2659 1350 2698 Ilias
1388 2658 1560 2709 Odyssia
1590 2654 1772 2697 Aeneis’:

230 2719 326 2758 conf
353 2719 400 2758 A.
420 2719 709 2759 Wilmannsius
735 2720 783 2759 de
812 2720 864 2758 M.
886 2720 1049 2759 Terenti
1073 2719 1188 2759 Varr.
1208 2719 1299 2759 libr.
1326 2732 1491 2771 gramm.
1518 2732 1555 2769 p.
1578 2719 1679 2768 200,
1705 2719 1771 2756 70.

232 2778 382 2818 Contra
418 2779 511 2819 Isid.
537 2779 636 2831 orig.
661 2779 682 2818 I
709 2780 783 2829 38,
817 2781 870 2818 21
913 2777 1060 2831 ‘poesis
1097 2779 1244 2819 dicitur
1281 2778 1433 2818 Graeco
1476 2779 1636 2817 nomine
1673 2789 1773 2828 opus

230 2838 448 2878 multorum
489 2838 700 2889 librorum,
742 2851 886 2890 poema
928 2836 1060 2878 unius’
1104 2840 1235 2890 magis
1280 2838 1330 2878 ad
1369 2838 1575 2877 rhetorum
1611 2837 1773 2876 illorum

232 2898 384 2938 accedit
420 2898 681 2940 definitiones.
743 2898 862 2938 Elam
899 2912 1021 2950 quam
1057 2898 1235 2938 Lucilius
1273 2899 1314 2937 et
1350 2898 1479 2937 Varro
1517 2896 1645 2937 secuti
1681 2898 1774 2936 sunt

230 2958 504 2998 definitionem
551 2959 784 2999 immutauit
826 2959 1008 2998 nonnihil
1051 2958 1286 2998 Posidonius
1330 2955 1374 2997 ἕν
1415 2960 1463 3014 τῇ
1505 2955 1594 3010 περὶ
1636 2955 1774 3006 λέξεως

303 3031 419 3059 Lucilii
437 3032 503 3059 rell.
524 3032 570 3059 ed.
590 3032 700 3059 Mau.
731 3033 772 3059 11.
1463 3028 1485 3060 9
