2060 3444
839 266 890 302 XI
913 278 951 305 u.
977 269 1182 308 422—426.
1697 262 1781 306 159

235 383 287 424 ab
319 382 410 423 aliis
436 380 596 431 Cassiis,
622 380 733 420 cuius
764 382 824 421 rei
855 393 975 421 causa
1007 381 1048 420 et
1078 392 1321 432 praenomen
1353 380 1394 419 et
1424 390 1643 432 cognomen
1674 378 1782 430 post-

235 445 333 496 poni
362 443 518 483 maluit.
583 440 812 494 Cognomen
843 443 979 481 tamen
1009 454 1134 480 unum
1166 440 1340 490 addidit,
1378 452 1469 479 cum
1499 439 1629 478 uideri
1659 439 1785 478 uellet

236 503 381 543 addere
417 515 488 554 per
523 503 657 541 iocum
693 502 774 541 tria
812 502 1062 554 cognomina.
1130 501 1317 550 Cephalo,
1348 501 1374 538 i.
1401 513 1433 539 e.
1463 499 1619 549 Capito,
1663 499 1785 539 sicuti

235 561 363 615 σοφός
392 576 466 615 pro
499 563 656 614 sapiens
695 562 834 602 incert.
860 576 897 601 u.
927 562 1060 601 1236:
1098 561 1195 600 conf
1215 560 1348 599 Valer.
1380 560 1484 599 Max.
1510 559 1631 599 VIIII
1661 561 1728 609 14,
1756 560 1780 597 3

237 621 421 663 ‘eximiae
452 635 547 662 uero
579 622 804 662 nobilitatis
834 622 1062 662 adulescens
1089 620 1296 661 Cornelius
1323 619 1458 671 Scipio
1484 633 1574 660 cum
1599 620 1783 670 plurimis

236 686 277 723 et
307 683 539 723 clarissimis
571 683 750 722 familiae
782 695 877 722 suae
909 681 1212 734 cognominibus
1244 681 1484 730 abundaret,
1521 681 1565 719 in
1596 680 1783 719 seruilem

237 744 466 796 Serapionis
493 743 807 795 appellationem
830 743 945 796 uulgi
970 755 1150 782 sermone
1175 742 1361 793 inpactus
1387 743 1459 791 est,
1488 740 1596 792 quod
1619 741 1783 779 huiusce

236 805 409 844 nominis
442 804 644 843 uictimari
674 816 869 855 perquam
900 803 1043 843 similis
1075 799 1190 842 erat'.
1242 801 1418 852 Cephalo
1451 800 1612 841 Cassius
1643 813 1784 839 reuera

237 865 351 904 audit
369 859 589 920 (Κεφάλων
607 863 746 914 Polyb.
765 863 865 902 VIII
887 864 955 913 14,
976 864 1014 914 5,
1041 861 1083 902 C.
1102 863 1276 902 Marcius
1297 861 1473 914 Cephalo
1494 861 1578 901 CIL
1599 861 1640 899 II
1669 861 1782 901 1936

238 925 348 973 (conf
372 919 510 979 155)),
552 937 625 976 per
659 924 793 963 iocum
830 937 850 962 e
888 923 1061 976 uestigio
1105 923 1184 962 duo
1229 922 1342 962 addit
1385 935 1492 962 noua
1535 922 1784 974 cognomina,

236 986 366 1035 furem
390 984 498 1036 quod
523 984 703 1036 Scaliger
726 985 832 1023 recte
857 985 1048 1034 restituit,
1079 985 1119 1023 et
1143 986 1325 1023 seciorem
1349 983 1454 1022 unde
1480 984 1648 1034 apparet
1673 983 1785 1021 cuius

238 1046 393 1098 generis
419 1045 543 1085 fuerit
568 1044 738 1084 Cassius.
765 1043 888 1084 Gaius
914 1045 1042 1085 instit.
1068 1043 1127 1082 IV
1156 1044 1239 1083 146
1275 1040 1462 1083 ‘sectores
1493 1045 1691 1082 uocantur
1715 1043 1786 1092 qui

238 1106 398 1158 publice
440 1106 546 1145 bona
588 1101 831 1144 mercantur’
878 1104 957 1144 Cic.
989 1117 1063 1156 pro
1100 1105 1214 1144 Rosc.
1246 1103 1380 1143 Amer.
1416 1104 1500 1144 103
1545 1100 1594 1142 ‘is
1638 1104 1709 1154 qui
1746 1104 1787 1141 et

238 1168 369 1206 sector
393 1167 454 1206 est
479 1167 519 1205 et
544 1166 721 1215 sicarius,
746 1166 821 1205 hoc
847 1166 918 1216 est,
944 1166 1015 1216 qui
1041 1166 1081 1204 et
1105 1165 1269 1204 illorum
1293 1165 1474 1216 ipsorum
1498 1163 1705 1213 bonorum,
1737 1162 1785 1202 de

239 1227 383 1278 quibus
414 1227 560 1279 agitur,
593 1227 749 1276 emptor
781 1227 900 1276 atque
931 1237 1134 1276 possessor
1166 1227 1236 1275 est,
1269 1228 1309 1264 et
1340 1238 1431 1264 eum
1454 1225 1658 1264 hominem
1684 1224 1786 1263 occi-

238 1287 413 1326 dendum
449 1288 623 1337 curauit,
667 1286 715 1325 de
759 1287 870 1325 cuius
911 1288 1040 1326 morte
1079 1282 1313 1337 quaeritur’.
1381 1285 1524 1336 Itaque
1561 1284 1788 1335 turpissimi

239 1349 428 1398 quaestus
459 1347 578 1386 homo
610 1348 714 1396 erat,
747 1346 884 1397 quales
916 1346 954 1386 ei
984 1347 1095 1396 sunt,
1134 1347 1204 1397 qui
1234 1346 1517 1385 damnatorum
1547 1345 1653 1384 bona
1685 1357 1787 1395 quae

238 1407 312 1448 sub
337 1407 456 1447 hasta
482 1407 675 1446 uenibant
699 1419 876 1446 coemere
901 1406 1101 1447 solebant:
1127 1408 1256 1446 sector
1281 1407 1322 1445 et
1347 1406 1515 1446 sicarius
1541 1405 1678 1445 Cicero
1698 1405 1723 1443 l.
1744 1417 1787 1454 s.,

239 1469 369 1507 sector
400 1469 440 1507 et
464 1467 530 1506 fur
553 1467 745 1507 Lucilius.
797 1467 965 1517 Quintus
992 1469 1099 1507 recte
1123 1467 1422 1506 Lachmannus:
1454 1467 1550 1506 conf
1571 1466 1623 1505 ad
1647 1466 1786 1504 incert.

238 1542 277 1567 u.
300 1528 414 1567 1138
439 1527 669 1567 Zeitschrift
695 1528 722 1566 f.
743 1527 779 1566 d.
801 1529 962 1567 oesterr.
983 1526 1227 1578 Gymnasien
1246 1526 1374 1565 XLIX
1397 1527 1510 1565 1898
1531 1540 1569 1576 p.
1587 1527 1713 1566 1092.
1733 1546 1783 1552 —

242 1588 433 1634 damnati,
463 1588 507 1627 id
538 1589 598 1627 est
629 1600 753 1626 causa
784 1588 1022 1627 ceciderunt.
1043 1609 1102 1614 -
1121 1588 1203 1633 alii,
1235 1587 1383 1637 reliqui
1413 1588 1475 1626 est
1501 1587 1681 1638 uulgaris
1707 1599 1787 1625 ser-

241 1649 387 1687 monis:
421 1647 582 1688 Sallust.
608 1647 694 1700 Iug.
723 1649 791 1697 91,
819 1649 842 1686 6
872 1644 1086 1686 ‘Numidae
1111 1647 1279 1698 puberes
1305 1647 1520 1696 interfecti,
1553 1647 1626 1686 alii
1650 1658 1786 1685 omnes

241 1704 491 1747 uenumdati'
520 1702 610 1762 (54,
632 1702 696 1762 6);
721 1707 773 1746 ad
791 1707 885 1746 Her.
904 1707 963 1746 IV
984 1708 1023 1758 8,
1052 1709 1105 1746 12
1135 1705 1414 1758 ‘optimatibus
1440 1707 1665 1756 trucidatis,
1696 1707 1787 1745 aliis

243 1768 419 1820 abreptis
450 1769 494 1807 in
525 1764 775 1807 seruitutem'
809 1762 924 1822 (conf
947 1769 1015 1818 39,
1043 1769 1095 1806 51
1114 1770 1211 1817 extr.
1245 1765 1374 1807 ‘arma
1406 1769 1476 1818 qui
1510 1768 1650 1807 contra
1685 1766 1787 1806 tule-

242 1830 349 1879 runt,
370 1859 378 1867 .
401 1860 408 1867 .
431 1860 438 1867 .
457 1827 722 1879 trucidantur,
749 1829 870 1867 ceteri
890 1859 898 1867 .
922 1860 929 1867 .
952 1860 959 1866 .
978 1829 1193 1879 rapiuntur
1226 1829 1270 1867 in
1301 1823 1596 1882 seruitutem’);
1623 1826 1787 1866 Sallust.

242 1889 328 1941 Iug.
357 1889 426 1939 52,
453 1889 476 1927 2
512 1885 609 1927 ‘alia
640 1889 775 1928 omnia
805 1890 965 1939 praeter
1001 1889 1151 1928 milites
1190 1885 1449 1939 opportuna’3
1484 1889 1552 1939 63,
1581 1889 1617 1926 2.
1652 1888 1720 1937 87,
1750 1888 1788 1925 2.

244 1950 314 1999 46,
340 1950 377 1989 2.
423 1948 558 2000 ⁸longe
596 1961 717 1999 opera
755 1950 849 1988 ante
887 1948 969 1988 alla
1006 1950 1139 1987 omnia
1173 1948 1353 1988 Lucilius
1383 1948 1452 1987 lib.
1479 1948 1611 1987 XXIX
1636 1961 1673 1986 u.
1702 1949 1786 1986 829

244 2008 331 2048 Ter.
357 2009 528 2060 Adelph.
555 2009 653 2049 832.
716 2010 816 2048 alios
847 2020 977 2048 omnes
1007 2009 1134 2048 Lucil.
1162 2009 1293 2048 XXIX
1318 2023 1356 2048 u.
1385 2010 1482 2048 913.

364 2063 476 2109 425.
508 2068 735 2109 Priscianus
761 2068 828 2108 GL
855 2069 896 2107 ΙΙ
920 2083 958 2120 p.
987 2070 1085 2119 231,
1114 2069 1220 2108 13Κ
1251 2082 1298 2107 ex
1330 2068 1521 2108 Suetonio
1548 2063 1606 2122 (p.
1634 2069 1718 2107 347
1734 2062 1788 2122 R)

246 2126 354 2170 ‘Non
378 2130 439 2169 est
468 2130 605 2169 tamen
628 2129 897 2181 ignorandum
922 2130 1030 2180 quod
1061 2131 1183 2168 etiam
1209 2130 1274 2168 1110
1298 2142 1445 2181 puerus
1472 2131 1513 2168 et
1537 2129 1602 2167 hic
1628 2130 1668 2167 et
1691 2129 1790 2167 haec

243 2202 344 2241 puer
379 2189 644 2229 uetustissimi
675 2190 887 2240 protulisse
918 2190 1192 2239 inueniuntur,
1229 2191 1270 2229 et
1305 2190 1463 2240 puellus
1501 2189 1648 2241 puella.
1710 2188 1789 2235 Lu-

247 2250 363 2290 cilius
393 2251 438 2289 in
461 2250 519 2288 XI
552 2246 676 2288 “inde
698 2280 705 2288 .
727 2281 736 2289 .
757 2281 765 2289 .
784 2247 1003 2301 puellus”.'
1067 2249 1317 2290 Describitur
1347 2251 1435 2288 uita
1467 2249 1636 2288 alicuius
1671 2250 1791 2288 sicuti

246 2309 556 2349 Trimalchionis
592 2310 680 2348 uita
722 2311 910 2349 narratur
953 2310 1062 2362 apud
1096 2309 1256 2349 Petron.
1285 2311 1339 2349 75
1387 2307 1487 2350 ‘tam
1530 2321 1700 2361 magnus
1744 2321 1791 2348 ex

246 2370 345 2409 Asia
375 2370 486 2420 ueni,
524 2382 645 2420 quam
680 2370 746 2409 hic
781 2370 1042 2410 candelabrus
1081 2372 1152 2410 est.
1203 2370 1255 2409 ad
1291 2382 1506 2419 summam,
1544 2369 1690 2408 cotidie
1727 2382 1791 2408 me

249 2429 424 2469 solebam
455 2429 508 2469 ad
537 2429 653 2469 illum
683 2431 831 2481 metiri,
862 2432 902 2469 et
931 2433 978 2470 ut
1010 2431 1176 2470 celerius
1210 2432 1386 2470 rostrum
1422 2430 1635 2470 barbatum
1671 2429 1790 2469 habe-

246 2502 343 2537 rem,
373 2489 488 2528 labra
518 2490 566 2529 de
596 2490 758 2529 lucerna
788 2488 1015 2543 ungebam'.

368 2544 481 2590 426.
512 2549 639 2590 Iulius
662 2550 867 2590 Romanus
892 2551 999 2602 apud
1025 2550 1250 2591 Charisium
1276 2550 1342 2591 GL
1369 2550 1389 2589 I
1413 2564 1452 2602 p.
1480 2550 1579 2600 240,
1605 2548 1679 2588 8Κ
1707 2546 1791 2588 ‘Mu

249 2622 322 2660 pro
359 2610 533 2650 muttire.
601 2610 779 2651 Lucilius
823 2612 1051 2670 saturarum
1094 2611 1196 2651 libro
1242 2609 1338 2650 ‘non
1381 2611 1546 2650 laudare
1589 2610 1792 2649 hominem

250 2693 491 2732 quemquam
534 2695 630 2733 neq,
671 2683 802 2722 facere
844 2671 1094 2734 Qquam’fl'
1163 2684 1228 2723 Ita
1270 2684 1580 2734 Neapolitanus:
1625 2682 1793 2722 adnotat

250 2741 386 2780 Dousa
418 2736 494 2795 (XI
522 2737 596 2796 12)
627 2744 804 2782 ueterem
835 2755 950 2782 suum
982 2743 1158 2783 codicem
1188 2744 1374 2783 habuisse
1408 2745 1589 2793 mquam,
1625 2744 1669 2782 in
1701 2755 1790 2782 con-

250 2803 363 2840 textu
399 2802 535 2851 posuit
570 2803 707 2841 tamen
745 2814 868 2851 neque
909 2816 978 2842 mu
1019 2804 1149 2852 facere
1175 2817 1196 2840 *
1222 2816 1409 2852 unquam.
1478 2803 1676 2853 Excerpta
1718 2803 1792 2841 cod

251 2860 424 2907 Parisini
462 2873 552 2900 cum
587 2861 763 2901 habeant
801 2859 884 2901 ‘mu
921 2876 994 2913 pro
1031 2865 1198 2903 muttire
1234 2864 1363 2903 lucius
1403 2876 1531 2913 neque
1576 2864 1681 2902 enim
1724 2876 1792 2901 mu

251 2921 381 2960 facere
424 2922 467 2959 in
510 2918 766 2972 quemquam'
812 2922 1073 2974 archetypum
1124 2921 1266 2974 ‘neque
1314 2937 1383 2962 mu
1431 2924 1561 2962 facere
1610 2919 1789 2973 inquam’

251 2980 438 3020 habuisse
464 2983 600 3032 aperte
625 2983 836 3021 testantur.
868 2981 982 3028 Quod
1005 2983 1114 3023 istud
1139 2983 1407 3035 fragmentum
1429 2983 1531 3022 libro
1551 2982 1591 3022 H
1604 2983 1794 3022 tribuunt

253 3042 439 3092 excerpta
470 3039 652 3092 Cauchii,
689 3042 807 3082 facile
839 3044 1052 3082 conieceris
1090 3043 1300 3095 deceptum
1331 3057 1422 3083 eum
1454 3044 1575 3084 fuisse
1607 3044 1676 3082 illo
1713 3055 1793 3082 non
