2060 3444
802 292 905 328 XXX
930 304 965 328 u.
995 294 1245 328 1024—1029.
1718 290 1807 333 329

245 406 408 458 perfidis
452 408 535 447 suis
578 407 799 448 blanditiis.
867 408 1033 453 mordet,
1077 408 1123 446 ut
1161 407 1320 446 Terent.
1346 407 1449 446 Eun.
1477 407 1565 446 410
1611 403 1807 446 ‘inuidere

247 481 382 507 omnes
413 467 533 518 mihi,
564 465 746 508 mordere
779 464 1035 508 clanculum'.
1064 490 1120 494 —
1146 468 1268 507 multo
1299 468 1506 516 inprobius
1539 467 1620 506 alia
1655 467 1807 519 signifi-

247 530 404 568 catione
440 530 577 580 posuit
616 527 798 569 Catullus
829 528 1004 568 LXVHI
1021 528 1047 567 b
1071 529 1167 567 126.
1236 528 1370 568 Verba
1410 524 1474 568 ‘de
1514 541 1593 578 quo
1631 528 1806 568 diximus

247 587 355 629 ante’
403 590 454 630 ad
497 590 654 630 leonem
697 590 927 641 improbum
971 590 1151 641 spectare
1195 589 1352 629 iudicat
1394 587 1604 641 Corpetus.
1666 589 1808 640 Neque

247 652 383 691 tamen
420 650 538 690 uideo
577 651 779 701 quomodo
818 663 957 690 uersus
997 651 1100 690 alter
1135 651 1212 690 hac
1250 651 1408 689 ratione
1446 650 1575 701 possit
1613 650 1807 702 intellegi.

247 711 461 751 Praeterea
492 712 652 751 blandis
684 712 818 751 uerbis
849 712 1000 751 inuitat
1033 713 1074 750 et
1101 712 1164 751 leo
1189 711 1259 750 ille
1286 712 1326 750 et
1350 713 1541 751 meretrix
1569 723 1691 761 quam
1715 711 1810 750 haec

246 774 482 823 pronomine
534 774 668 812 censet
718 773 901 824 spectari.
985 771 1117 818 Quare
1167 773 1357 811 meretrix
1408 773 1532 812 etiam
1586 771 1809 822 Mprobior

246 833 431 872 habenda
468 835 523 873 sit
558 833 630 873 illo
668 833 803 883 leone,
839 846 920 873 non
956 846 1121 884 possum
1157 833 1372 885 indagare.'
1430 832 1685 872 Probabilius
1725 845 1808 872 esse

226 921 228 923 -
249 893 424 933 arbitror
453 894 647 934 blandum
679 895 720 934 et
749 894 948 945 perfidum
978 895 1183 934 hominem
1214 893 1387 933 describi
1413 907 1437 933 a
1460 893 1619 933 Lucilio
1647 893 1810 944 qualem

248 956 444 1005 expressit
474 955 669 995 Horatius
702 968 817 994 serm.
843 955 865 994 I
890 956 930 1005 4,
958 956 1013 994 92
1029 968 1137 1006 seqq.
1172 952 1339 994 ‘mentio
1372 955 1408 994 si
1446 968 1527 1005 qua
1564 954 1613 994 de
1646 953 1808 1005 Capito·

247 1015 324 1054 lini
355 1016 477 1055 furtis
515 1016 665 1056 iniecta
696 1016 835 1055 Petilli
872 1017 913 1055 te
951 1029 1086 1055 coram
1124 1016 1266 1064 fuerit,
1305 1015 1496 1055 defendas
1534 1016 1581 1055 ut
1617 1017 1711 1055 tuus
1750 1017 1810 1054 est

249 1089 335 1116 mos
364 1108 370 1114 .
394 1108 400 1115 .
425 1108 431 1115 .
461 1072 707 1117 “incolumis
731 1077 863 1116 laetor
889 1076 996 1127 quod
1021 1077 1127 1115 uiuit
1151 1077 1194 1115 in
1221 1076 1328 1115 urbe.
1374 1076 1442 1116 sed
1469 1077 1607 1116 tamen
1632 1076 1811 1115 admiror

251 1150 330 1187 quo
361 1138 481 1188 pacto
513 1137 708 1176 iudicium
739 1137 842 1177 illud
873 1134 1086 1189 fugerit''.'

375 1192 518 1239 1026.
551 1198 708 1238 Nonius
739 1212 777 1248 p.
806 1199 906 1248 306,
935 1199 988 1237 19
1023 1194 1173 1237 eFortis
1210 1198 1333 1238 etiam
1372 1198 1497 1238 diues.
1532 1230 1540 1237 .
1563 1230 1570 1236 .
1593 1229 1600 1237 .
1626 1197 1810 1237 Lucilius

249 1258 318 1298 lib.
343 1258 456 1297 XXX
489 1254 658 1298 “omnes
685 1259 881 1298 formonsi
906 1253 983 1312 (ita
1007 1259 1047 1298 L
1072 1271 1122 1298 m.
1153 1261 1196 1308 1,
1228 1259 1396 1299 formosi
1433 1253 1595 1313 reldqui)
1626 1290 1632 1298 .
1655 1290 1662 1297 .
1686 1289 1693 1297 .
1722 1270 1810 1304 erqo

283 1351 290 1358 .
313 1351 320 1358 .
348 1315 493 1359 esto'’.'
544 1319 657 1359 Idem
682 1333 720 1370 p.
750 1321 848 1370 327,
878 1320 934 1359 14
962 1316 1199 1370 ‘Inprobum
1222 1321 1354 1371 turpe.
1399 1320 1579 1359 Lucilius
1604 1319 1674 1358 lib.
1700 1319 1811 1358 XXX

251 1375 420 1420 “omnes
461 1380 656 1420 formonsi
694 1374 771 1434 (ita
795 1381 835 1420 L
860 1394 910 1419 m.
941 1383 983 1430 1,
1031 1380 1199 1420 formosi
1235 1375 1397 1434 reliqui)
1435 1381 1560 1420 fortes
1598 1380 1692 1431 tibi,
1738 1393 1811 1432 ego

249 1441 454 1491 inprobus.
488 1438 635 1481 esto’'.'
687 1441 867 1481 Lucilius
898 1443 984 1492 ipse
1017 1441 1096 1481 sibi
1127 1441 1335 1492 epitheton
1368 1442 1570 1491 improbus
1607 1440 1812 1480 indiderat

251 1502 319 1541 lib.
347 1502 478 1540 XXIX
503 1516 541 1541 u.
569 1502 916 1553 821:·respondet
940 1502 1191 1552 uituperanti
1226 1503 1469 1542 maledicum
1495 1515 1619 1554 genus
1646 1514 1810 1553 poeseos

251 1562 493 1602 aduersario.
544 1564 737 1611 formonsi
761 1565 892 1612 fortes,
919 1562 1143 1613 asyndeton
1170 1564 1211 1602 et
1229 1563 1628 1614 homoeoprophoron
1649 1563 1812 1614 uulgari

251 1624 426 1663 sermoni
477 1624 703 1674 proprium:
747 1623 878 1662 Varro
917 1624 990 1662 sat.
1022 1623 1199 1674 Menipp.
1229 1624 1313 1663 312
1329 1624 1363 1662 Β
1417 1620 1569 1663 ‘omnes
1626 1622 1812 1662 uidemur

253 1683 368 1723 nobis
401 1696 486 1723 esse
515 1683 615 1723 belli
645 1679 810 1723 festiui'.

376 1738 715 1784 1027.'Nonius
746 1758 785 1795 p.
814 1745 912 1795 296,
941 1745 965 1783 5
1007 1741 1226 1795 ‘Experiri,
1266 1746 1477 1795 temptare.
1511 1776 1520 1785 .
1549 1776 1555 1783 .
1586 1776 1593 1783 .
1624 1744 1811 1784 Lucilius

252 1804 322 1844 lib.
348 1804 459 1845 XXX
493 1801 759 1844 “summatim
787 1836 823 1844 ..
847 1836 854 1844 .
881 1801 1083 1856 paucis''.’
1145 1805 1248 1844 Vide
1282 1805 1332 1844 ad
1358 1819 1395 1844 u.
1425 1806 1552 1845 1022.
1615 1805 1811 1844 Horatius

254 1865 416 1909 serm.,I
442 1866 482 1915 4,
510 1866 564 1904 38
599 1861 805 1918 ‘agedum,
836 1879 966 1916 pauca
999 1867 1134 1917 accipe
1165 1862 1334 1905 contra'.
1398 1865 1609 1905 Lucretius
1634 1865 1698 1905 ΠΙ
1724 1866 1807 1905 261

256 1923 341 1965 ‘sed
372 1927 521 1975 tamen,
553 1928 600 1965 ut
629 1927 770 1977 potero
803 1927 1034 1966 summatim
1067 1927 1278 1979 attingere,
1309 1924 1505 1979 tangam'.

379 1980 522 2027 1028.
554 1987 710 2026 Nonius
742 2001 781 2037 p.
810 1988 910 2037 249,
938 1989 993 2028 14
1041 1983 1322 2038 ‘Conmittere,
1355 1988 1532 2037 credere,
1566 1988 1810 2039 permittere.

317 2046 532 2087 ‚Lucilius
570 2047 639 2086 lib.
666 2047 777 2086 XXX
816 2044 943 2097 “quia
981 2042 1054 2087 sua
1082 2080 1088 2086 .
1112 2080 1119 2087 .
1143 2080 1149 2087 .
1177 2044 1409 2088 camenae''.
1413 2044 1427 2063 '
1487 2049 1698 2088 Musarum
1742 2061 1812 2094 an-

253 2078 427 2147 tistitem
465 2107 683 2160 significat:
721 2107 885 2147 uidetur
922 2110 969 2148 ut
1005 2108 1205 2149 Horatius
1233 2121 1348 2148 serm.
1374 2109 1395 2148 Ι
1422 2110 1461 2159 4,
1489 2110 1544 2148 39
1584 2110 1811 2160 exposuisse

255 2181 296 2208 se
333 2180 477 2207 uerum
514 2169 677 2219 poetam
711 2181 792 2208 non
829 2181 931 2209 esse:
971 2166 1165 2243 ‘primum
1203 2183 1276 2222 ego
1314 2183 1379 2209 me
1416 2170 1596 2219 illorum,
1635 2169 1812 2209 dederim

257 2228 401 2278 quibus
433 2241 518 2268 esse
550 2229 678 2279 poetis
711 2241 921 2280 excerpam
951 2226 1134 2270 numero'
1155 2243 1186 2269 e
1208 2243 1244 2281 q.
1265 2243 1294 2270 s.

380 2283 523 2329 1029.
555 2289 711 2329 Nonius
742 2303 780 2340 p.
811 2291 909 2340 173,
938 2292 989 2329 21
1028 2287 1238 2342 ‘Speciem,
1270 2292 1473 2342 specimen
1504 2291 1570 2330 uel
1597 2291 1812 2342 exemplar.

256 2349 438 2388 Lucilius
469 2349 539 2388 lib.
566 2345 721 2388 XXX
726 2345 857 2390 sicuti
888 2352 929 2389 te
962 2352 1032 2401 qui
1063 2364 1111 2390 ea
1143 2364 1246 2401 quae
1277 2353 1449 2402 speciem
1481 2351 1591 2391 uitae
1621 2354 1814 2400 putamus

257 2405 397 2448 esse''.'
449 2409 510 2448 De
540 2411 656 2449 sicuti
687 2410 887 2461 dactylico
921 2411 1012 2450 uide
1041 2411 1091 2450 ad
1119 2412 1187 2450 lib.
1213 2411 1251 2449 V
1277 2426 1314 2451 u.
1344 2412 1428 2451 198
1456 2412 1594 2451 incert.
1621 2425 1660 2450 u.
1685 2413 1811 2451 1298.

257 2469 391 2508 Verba
423 2482 523 2509 sana
554 2472 648 2509 sunt
679 2471 721 2510 et
751 2471 968 2511 secundum
1001 2473 1243 2512 sententiam
1282 2473 1322 2511 et
1359 2472 1577 2511 secundum
1614 2485 1812 2521 numeros,

257 2529 375 2568 modo
414 2530 492 2569 duo
530 2531 655 2569 uerba
692 2532 870 2571 extrema
908 2533 1167 2583 transponas:
1206 2532 1475 2583 supplendum
1512 2533 1595 2572 fere
1631 2530 1841 2572 uersibus?

260 2587 491 2639 eoesequeris,
523 2590 654 2631 dicam
678 2593 750 2631 uim
775 2604 855 2632 esse
873 2595 1042 2641 poetam.
1089 2592 1395 2632 Comoediarum
1422 2595 1662 2644 argumenta
1690 2594 1812 2645 signi-

258 2649 355 2689 ficat
390 2650 523 2691 uerbis
564 2648 626 2691 ‘ea
665 2664 767 2702 quae
806 2653 979 2703 speciem
1016 2654 1126 2693 uitae
1168 2665 1251 2692 esse
1295 2649 1515 2704 putamus',
1558 2666 1681 2693 uersu
1723 2654 1812 2704 ipso

259 2710 556 2750 comoediarum
598 2714 760 2763 poetam
811 2713 1021 2763 quendam
1097 2713 1278 2753 Edocent
1328 2715 1468 2753 auctor
1517 2714 1582 2753 uel
1632 2714 1812 2753 auctores

260 2771 477 2844 prolegom.
499 2771 547 2811 de
566 2772 741 2812 comoed.
758 2772 897 2812 Latini
922 2773 1072 2813 similia
1092 2768 1258 2828 (Donat.
1273 2774 1321 2813 ed
1333 2774 1572 2813 WessneriI
1591 2787 1628 2824 p.
1652 2774 1720 2822 21,
1738 2768 1811 2845 15)

262 2827 319 2868 ‘in
350 2831 561 2882 tragoedia
591 2832 786 2884 fugienda
813 2834 921 2882 uita,
959 2833 1002 2872 in
1034 2834 1239 2873 comoedia
1270 2833 1512 2884 capessenda
1545 2829 1813 2884 exprimitur,

260 2890 367 2929 idem
399 2885 456 2941 (p.
485 2886 658 2944 22,19)
691 2888 955 2931 ‘comoediam
986 2905 1070 2932 esse
1105 2893 1241 2932 Cicero
1287 2895 1345 2932 ait
1382 2894 1653 2932 imitationem
1689 2894 1813 2943 uitae,

262 2950 470 3000 speculum
502 2951 820 3001 consuetudinis,
857 2953 1075 3004 imaginem
1111 2950 1311 2992 ueritatis'
1346 2948 1534 3006 (Vseneri
1564 2953 1732 3003 Dionys.
1765 2953 1814 2992 de

261 3009 408 3048 imitat.
428 3010 549 3061 reliq.
574 3024 612 3061 p.
643 3012 728 3051 120
754 3006 850 3065 ΧΠ)
885 3012 991 3062 quod
1021 3012 1128 3051 idem
1155 3012 1292 3052 Cicero
1317 3026 1390 3063 pro
1416 3013 1529 3052 Rosa.
1556 3012 1646 3051 Am.
1673 3014 1728 3052 47
1758 3009 1815 3052 ‘et

263 3071 369 3110 certe
395 3070 447 3109 ad
471 3083 556 3110 rem
580 3071 683 3110 nihil
707 3072 881 3122 intersit,
906 3073 1043 3112 utrum
1066 3072 1173 3112 hunc
1197 3086 1271 3125 ego
1291 3074 1487 3113 comicum
1508 3073 1813 3124 adulescentem,
