2060 3444
262 269 319 313 14
895 265 913 303 1
936 279 972 305 u.
1000 270 1153 307 24—26.

261 383 457 423 adnotant
487 381 716 422 Ciceronem
748 380 934 421 clodium
965 382 1075 421 cuius
1110 395 1253 421 nomen
1289 382 1457 422 totidem
1493 382 1639 423 litteris
1676 381 1799 433 signi-

260 443 398 482 ficauit
423 441 604 482 Catullus
630 441 759 481 dicere
783 441 1024 492 pulchellum
1052 454 1220 492 puerum
1245 442 1297 480 ad
1322 442 1405 481 Att.
1425 442 1447 481 Ι
1469 445 1536 492 16,
1558 444 1612 483 10
1636 441 1680 481 Π
1702 444 1739 492 1,
1758 443 1798 481 4.

264 504 331 553 22,
353 504 389 541 1.
451 502 651 553 Apollinis
688 502 814 553 igitur
850 502 1048 540 sentenfia
1091 501 1139 540 de
1176 501 1280 552 Lupi
1322 503 1489 541 interitu
1532 515 1634 552 quae
1676 501 1801 541 fuerit

259 563 379 613 plane
410 563 607 602 incertum
638 563 710 611 est,
741 562 820 600 nisi
851 561 955 600 forte
985 559 1055 600 τὸν
1086 559 1326 601 λυκοκτόνον
1364 560 1463 601 θεόν
1493 561 1627 613 Lupos
1664 574 1800 602 omnes
1882 605 1884 608 .

260 621 479 672 perdendos
524 623 719 662 censuisse
764 621 935 660 coniciat
977 622 1194 671 quispiam:
1241 623 1347 660 certe
1388 621 1431 660 in
1472 622 1582 661 istud
1626 620 1801 660 Cornelii

260 681 423 720 Lentuli
454 694 649 733 agnomen
685 681 840 732 aliquid
876 681 1016 720 lusisse
1047 680 1224 720 Lucilius
1261 681 1463 732 putandus
1501 684 1580 732 est,
1616 678 1802 721 similiter

262 744 382 792 atque
413 741 510 781 Hor.
542 754 656 781 serm.
682 741 702 780 Ι
731 742 767 791 7,
795 742 848 780 33
884 738 975 779 ‘Per
1004 753 1189 792 magnos,
1225 740 1370 792 Brute,
1406 741 1498 780 deos
1528 742 1569 780 te
1601 739 1700 791 Oro,
1731 741 1801 792 qui

261 814 373 854 reges
411 802 611 841 consueris
648 801 808 851 tollere,
845 812 915 839 cur
951 812 1032 839 non
1062 800 1180 840 Hunc
1210 800 1360 854 Regem
1396 798 1584 853 iugulas?
1627 798 1799 851 Operum

262 862 354 911 hoc,
390 861 490 901 mihi
527 861 659 910 crede,
699 863 860 900 tuorum
899 857 986 899 est'.
1018 881 1075 887 -—
1109 862 1166 901 20
1198 862 1269 900 aut
1298 881 1358 888 ·-
1389 855 1478 913 aut]
1516 859 1803 911 conprehendit

263 921 312 960 ab
345 921 472 960 altera
503 924 617 971 parte
641 920 779 959 Iouem
804 918 849 959 Ο.
870 919 935 965 M„
967 919 1017 959 ab
1046 920 1174 960 altera
1198 920 1374 971 reliquos
1399 932 1545 960 omnes.
1565 941 1624 947 —
1645 920 1698 959 22
1726 920 1804 960 siet

262 993 309 1020 ac
339 977 514 1034 dicatur]
546 980 826 1031 hendiadyoin.
852 1001 911 1007 —
936 979 988 1019 ad
1018 978 1158 1031 unum]
1197 978 1296 1019 κατὰ
1327 979 1487 1020 σύνεσιν
1523 981 1733 1031 tamquam
1768 979 1804 1020 si

261 1040 476 1091 praecedat
507 1037 687 1080 ‘omnes’.

270 1103 273 1106 ’
384 1096 461 1140 26.
493 1100 688 1141 Asconius
718 1100 844 1139 falsus
867 1100 911 1138 in
935 1099 1237 1139 Diuinationem
1265 1100 1319 1139 43
1348 1093 1437 1153 (ubi
1463 1098 1617 1139 Cicero:
1648 1100 1684 1138 si
1708 1099 1804 1149 quid

264 1173 309 1200 ex
352 1163 479 1199 uetere
521 1161 660 1209 αἶίᾳαα
701 1162 875 1199 oratione
919 1156 1071 1198 ‘Iouem
1114 1171 1180 1210 eqo
1225 1161 1411 1208 optimum
1458 1156 1688 1199 maximum'
1734 1161 1805 1198 aut

265 1217 276 1234 ‘
289 1220 448 1265 Vellent,
485 1222 521 1259 si
557 1221 647 1268 fieri
675 1221 883 1269 potuisset,
918 1216 1080 1259 iudices'
1120 1222 1191 1258 aut
1227 1219 1377 1268 aliquid
1413 1219 1601 1259 eiusmodi
1638 1218 1804 1259 ediscere

256 1281 451 1329 potueris,
481 1280 690 1329 praeclare
719 1282 755 1318 te
777 1281 971 1328 paratum
999 1281 1044 1318 in
1074 1279 1264 1319 iudicium
1297 1281 1508 1318 uenturum
1544 1278 1754 1318 arbitraris
1762 1273 1801 1332 ἓ)

262 1353 301 1391 p.
331 1340 413 1378 116
435 1339 540 1379 Bait.
586 1337 739 1378 ‘Iouem
766 1352 839 1391 ego
865 1339 1062 1389 optimum
1086 1336 1333 1389 maximum]
1381 1338 1490 1378 Haec
1515 1340 1649 1390 capita
1674 1338 1804 1377 solent

264 1400 416 1439 usitata
452 1412 535 1438 esse
573 1398 783 1439 causidicis
820 1398 1036 1450 imperitis:
1075 1399 1180 1449 quod
1218 1411 1341 1451 genus
1375 1399 1470 1438 uitii
1506 1400 1549 1437 in
1585 1397 1803 1449 primordio

263 1461 305 1498 in
354 1460 564 1499 rhetoricis
603 1454 678 1513 (=
706 1459 754 1498 de
790 1460 871 1497 inu.
897 1458 918 1497 I
946 1453 1021 1512 26)
1065 1459 1232 1510 uulgare
1281 1459 1473 1497 nominat.
1553 1457 1805 1508 Incipiebant

265 1522 399 1558 autem
431 1521 599 1568 ueteres,
630 1520 676 1557 ut
705 1518 909 1571 Vergilius
941 1518 1127 1568 ostendit,
1162 1519 1233 1558 aut
1263 1517 1312 1557 ab
1344 1518 1598 1557 inuocatione
1629 1517 1805 1567 deorum,

265 1580 383 1630 quale
410 1581 470 1619 est
490 1574 606 1633 (Aen.
627 1579 684 1618 XI
704 1574 810 1632 301)
831 1575 1073 1618 “Ptaefatus
1093 1577 1208 1618 diuos
1227 1578 1327 1617 solio
1347 1591 1416 1617 rex
1435 1577 1524 1616 infit
1543 1577 1593 1616 ab
1613 1574 1728 1617 alto”
1746 1597 1805 1604 —-

265 1641 337 1678 aut
372 1639 676 1689 reprehensione
713 1638 926 1690 superioris
963 1638 1172 1690 temporis,
1215 1638 1262 1676 ut
1298 1637 1357 1677 ait
1387 1637 1583 1677 Lucilius:
1617 1633 1805 1676 “Vellem

265 1700 495 1750 cumprimis
527 1698 614 1738 fieri
644 1700 679 1737 si
709 1699 812 1738 forte
843 1695 1056 1748 potisset’':
1087 1699 1232 1737 uitiose
1264 1697 1380 1736 ambo
1414 1697 1559 1748 capita.
1621 1696 1676 1736 Et
1705 1695 1804 1735 Ver-

265 1759 386 1810 gilius
430 1754 546 1812 (Aen.
573 1758 631 1797 XI
657 1753 780 1811 302):
826 1755 965 1797 “Ante
1009 1757 1192 1807 equidem
1235 1770 1390 1797 summa
1432 1757 1480 1796 de
1523 1770 1566 1796 re
1607 1755 1805 1807 statuisse,

265 1818 402 1858 Latini
434 1819 488 1857 Et
519 1819 664 1858 uellem
696 1821 737 1858 et
766 1818 899 1857 fuerat
928 1815 1130 1856 melius''.’
1163 1839 1223 1844 --
1253 1817 1386 1856 Verba
1415 1817 1508 1856 inde
1542 1816 1593 1856 ab
1625 1816 1682 1855 Et
1712 1816 1805 1856 Ver-

262 1879 401 1929 yilius,
437 1879 615 1918 scholion
646 1878 846 1918 recentius
877 1890 960 1917 esse
992 1878 1056 1916 uel
1095 1877 1413 1916 additamentum
1450 1878 1628 1927 apparet.
1691 1874 1805 1915 Gom-

265 1938 446 1989 paranda
489 1941 583 1977 sunt
621 1933 753 1978 Seruii
797 1937 919 1976 uerba
962 1937 1014 1976 ad
1050 1937 1220 1988 Vergilii
1251 1937 1276 1977 l.
1309 1950 1357 1976 s.:
1402 1934 1628 1975 ‘Praefatus
1671 1931 1805 1988 diuos]
1879 1965 1883 1967 —

266 2010 375 2037 more
419 2000 603 2049 antiquo:
652 2011 746 2037 nam
788 1999 959 2037 maiores
1008 1997 1161 2036 nullam
1210 1998 1432 2036 orationem
1481 1997 1558 2036 nisi
1606 1996 1806 2035 inuocatis

267 2058 495 2097 numinibus
539 2057 797 2107 inchoabant,
847 2059 951 2097 sicut
994 2059 1088 2096 sunt
1130 2069 1265 2095 omnes
1309 2057 1509 2095 orationes
1554 2054 1717 2095 Catonis
1766 2057 1807 2094 et

267 2117 452 2158 Gracchi:
490 2131 582 2156 nam
615 2117 798 2170 generale
829 2119 951 2168 caput
981 2117 1023 2155 in
1061 2116 1243 2156 omnibus
1281 2116 1460 2168 legimus.
1522 2115 1637 2154 Vnde
1669 2114 1805 2154 Cicero

267 2192 338 2229 per
368 2178 601 2217 inrisionem
633 2178 692 2216 ait
724 2174 789 2217 “si
821 2177 918 2228 quid
948 2190 994 2215 ex
1025 2178 1158 2216 uetere
1190 2176 1327 2226 aliqua
1357 2176 1538 2215 oratione
1562 2174 1700 2214 Iouem
1731 2187 1805 2227 ego

267 2239 464 2289 optimum
494 2234 773 2277 maximum''.’
836 2236 940 2283 Quid
971 2238 1025 2276 sit
1054 2237 1348 2285 reprehensione
1377 2235 1592 2284 superioris
1625 2235 1806 2284 temporis

268 2311 314 2337 ex
346 2297 478 2336 Seruii
514 2297 663 2337 scholio
698 2297 749 2336 ad
779 2310 817 2335 u.
845 2298 930 2336 302
967 2296 1234 2348 intellegitur:
1263 2292 1395 2351 ’‘Ante
1432 2294 1615 2345 equidem
1651 2305 1807 2333 summa.

268 2371 300 2397 e.
320 2370 357 2408 q.
377 2353 428 2410 s.]
459 2357 633 2397 latenter
663 2358 796 2406 arquit
825 2356 1016 2405 Turnum,
1048 2355 1153 2406 quod
1184 2355 1261 2395 sibi
1291 2368 1369 2394 non
1401 2354 1738 2405 obtemperauerit
1761 2354 1807 2392 ut

268 2417 406 2457 foedus
436 2417 560 2467 fieret,
591 2417 634 2455 in
659 2418 828 2467 septimo
854 2417 1007 2455 scilicet
1032 2416 1101 2454 ubi
1126 2415 1228 2454 dixit
1253 2409 1379 2469 (596)
1408 2411 1480 2453 “te
1505 2413 1652 2463 Turne,
1682 2413 1806 2462 nefas,

268 2480 308 2516 te
339 2478 455 2516 triste
487 2477 677 2526 manebit,
708 2473 994 2527 supplicium'':
1026 2486 1119 2514 nam
1149 2474 1266 2514 modo
1297 2475 1366 2512 hoc
1396 2477 1544 2522 tempus
1568 2473 1735 2512 reuoluit
1748 2503 1757 2512 .
1773 2503 1779 2510 .
1796 2503 1805 2511 .

271 2534 478 2576 “uellem'’
511 2539 646 2576 autem
679 2533 929 2575 “statuisse''
964 2535 1019 2574 sic
1051 2535 1150 2574 dicit
1179 2536 1226 2573 ut
1257 2530 1434 2572 “uellem
1466 2530 1636 2573 fecisse'’
1676 2534 1717 2572 et
1747 2534 1807 2571 est

269 2597 548 2647 compendiosa
584 2596 772 2645 elocutio,
809 2609 898 2634 cum
930 2596 1138 2646 querimur
1166 2606 1245 2634 non
1277 2605 1360 2633 esse
1391 2594 1542 2632 factum
1580 2592 1687 2643 quod
1721 2591 1807 2631 fieri

270 2654 434 2697 debuit’.
486 2656 614 2695 Sicuti
643 2656 712 2695 ille
745 2658 881 2695 orator
911 2668 1029 2706 quem
1056 2653 1191 2694 Cicero
1218 2653 1361 2693 irridet
1383 2654 1444 2692 ita
1467 2652 1644 2691 Lucilius
1669 2651 1807 2696 Latini

271 2717 438 2756 alicuius
475 2717 645 2755 oratoris
681 2715 957 2767 prohoemium
993 2715 1176 2754 imitatus
1214 2715 1275 2753 est
1311 2726 1429 2763 quem
1466 2715 1507 2752 et
1544 2710 1681 2751 Cicero
1721 2712 1806 2762 ipse

269 2778 454 2815 imitatur
489 2778 687 2816 oratorem
723 2776 842 2814 initio
879 2774 1072 2814 orationis
1108 2787 1181 2824 pro
1214 2773 1327 2812 Sulla
1358 2773 1465 2811 alibi.
1527 2771 1632 2822 Apte
1670 2773 1805 2810 autem

272 2835 450 2887 Scaliger
479 2837 584 2874 hunc
614 2835 762 2874 Lucilii
791 2847 949 2874 uersum
980 2833 1123 2872 tribuit
1152 2832 1255 2872 libro
1279 2832 1300 2871 I
1331 2833 1494 2883 propter
1522 2845 1585 2870 uu.
1614 2832 1667 2869 27
1678 2843 1805 2880 seqq:

271 2908 364 2935 nam
396 2908 486 2935 cum
515 2896 558 2934 in
588 2896 663 2934 hoc
693 2894 796 2934 libro
827 2895 943 2946 longe
974 2894 1171 2944 plurimae
1201 2892 1351 2931 fuerint
1379 2893 1578 2931 orationes
1602 2890 1806 2929 rhetorum

221 2966 227 2970 ’
272 2955 460 3006 ampullis
491 2967 516 2993 a
545 2957 667 3005 poeta
696 2968 768 3006 per
798 2953 929 2993 iocum
960 2954 1136 3003 ornatae,
1169 2952 1261 2992 inde
1291 2952 1469 2991 rhetores
1493 2963 1548 2990 *ex
1577 2951 1652 2990 hoc
1682 2950 1805 3001 potis-

272 3016 416 3054 simum
452 3015 556 3054 libro
593 3027 665 3054 sua
703 3015 892 3065 poterant
933 3013 1137 3053 desumere
1182 3012 1370 3063 exempla.
1437 3010 1534 3051 Fuit
1574 3009 1700 3062 igitur
1741 3008 1806 3048 hi'c
