2060 3444
356 256 444 298 432
923 255 1008 290 dub.
1035 266 1070 290 u.
1100 258 1346 292 1356—1360.

355 368 483 407 Varro
499 368 633 406 Manio
649 363 752 421 (253
762 363 814 422 B)
831 365 1033 407 “alterum
1052 367 1149 406 bene
1170 369 1376 418 acceptum
1395 367 1566 407 dormire
1581 361 1722 418 <super
1736 367 1888 418 amphi-

355 430 448 476 tapo
481 423 688 481 (amfitabo
714 428 753 465 L
785 427 988 477 amfyt-abo
1017 422 1072 480 G)
1098 427 1196 466 bene
1227 420 1422 466 molli”'.’
1478 427 1709 466 Hexametri
1733 429 1889 477 partem

356 489 522 539 agnouit
540 487 757 536 Vahlenus,
781 486 935 525 Lucilio
961 486 1104 525 tribuit
1128 486 1390 537 probabiliter
1407 486 1669 526 Buechelerus
1694 486 1735 525 in
1759 486 1888 526 indice

356 547 447 585 edit.
462 560 499 597 p.
516 548 600 585 252
621 560 649 585 s.
664 560 700 585 u.
714 548 937 595 scriptores:
957 547 1048 585 bene
1067 559 1155 584 cum
1175 546 1372 586 adiectiuo
1391 547 1549 596 saepius
1563 546 1668 596 apud
1681 545 1887 585 Lucilium.

479 601 619 646 1357.
653 606 799 645 Seneca
831 606 1102 657 apocolocynt.
1130 618 1213 655 cap.
1240 605 1295 644 IX
1321 608 1416 644 extr.
1451 603 1475 644 ἵ
1497 637 1505 644 .
1528 637 1534 644 .
1561 607 1691 656 sitque
1722 618 1742 643 e
1773 618 1887 656 repu-

355 667 460 705 blica
504 678 591 705 esse
641 666 814 715 aliquem
864 667 935 715 qui
983 679 1071 704 cum
1121 665 1289 703 Romulo
1338 667 1464 716 possit
1514 662 1743 704 “feruentia
1791 677 1890 716 rapa

355 722 541 775 uorare'',
572 738 709 765 censeo
740 726 800 764 uti
832 725 946 764 diuus
983 724 1171 764 Claudius
1203 738 1249 764 ex
1280 725 1354 764 hac
1386 725 1448 763 die
1483 724 1578 764 deus
1609 725 1662 776 sit
1688 756 1695 762 .
1717 755 1725 763 .
1749 721 1772 763 .'
1829 724 1888 763 De

280 791 283 794 ’
356 786 524 824 Romulo
557 787 626 836 qui
650 798 749 835 rapa
773 787 815 823 in
841 785 949 824 caelo
976 797 1059 824 esse
1084 785 1185 823 solet
1209 785 1383 823 Martial.
1410 784 1507 823 XIII
1535 785 1587 823 16
1616 797 1732 834 quem
1756 784 1890 823 locum

357 846 527 884 contulit
570 845 832 884 Buechelerus
876 844 1000 895 symb.
1033 844 1169 894 philol.
1202 845 1327 882 Bonn.
1352 843 1373 882 I
1407 857 1445 894 p.
1468 844 1540 883 58:
1583 843 1688 882 idem
1731 855 1890 883 uersum

357 905 501 943 Lucilii
540 905 672 943 afferri
703 917 727 942 a
759 905 908 943 Seneca.
945 904 1091 943 conicit
1121 904 1346 954 aptissime,
1384 905 1496 943 cuius
1534 904 1781 954 ineptissime
1817 903 1888 941 im-

357 966 510 1015 pugnat
545 964 782 1003 sententiam
820 963 863 1002 L.
884 963 1095 1002 Muellerus
1133 963 1225 1002 libri
1257 962 1300 1008 Q.
1321 963 1472 1002 Ennius
1505 957 1728 1015 (Petropoli
1756 957 1888 1017 1884)

357 1038 392 1073 p.
424 1027 504 1063 159
558 1025 625 1073 qui
675 1023 804 1063 Ennio
853 1023 996 1062 tribuit
1044 1023 1321 1075 fragmentum.
1391 1019 1549 1062 ‘durum
1593 1022 1712 1061 molle
1754 1019 1888 1061 uoras’
1961 1061 1965 1063 .

358 1085 492 1122 incert.
518 1097 555 1122 u.
586 1084 710 1132 1157,
740 1084 898 1131 feruens
929 1083 1185 1133 participium
1217 1084 1385 1132 saepius.

479 1138 619 1182 1358.
651 1142 802 1181 Probus
834 1142 977 1182 cathol.
1003 1141 1076 1181 GL
1102 1141 1160 1180 IV
1190 1156 1227 1192 p.
1252 1144 1318 1191 10,
1345 1141 1449 1181 301(
1481 1141 1528 1180 de
1560 1141 1823 1181 substantiuis
1847 1141 1890 1180 in

357 1216 378 1240 o
412 1202 643 1241 exeuntibus
676 1199 742 1252 ‘po
774 1202 929 1252 syllaba
959 1203 1175 1241 terminata
1206 1201 1478 1251 producuntur
1514 1214 1645 1251 uappo
1677 1202 1890 1251 uapponis:

356 1263 505 1300 animal
542 1264 603 1301 est
639 1263 790 1311 uolans,
828 1261 932 1311 quod
971 1262 1091 1312 uulgo
1129 1262 1284 1300 animas
1314 1263 1478 1300 uocant:
1515 1261 1661 1300 lectum
1694 1262 1754 1299 est
1785 1260 1891 1311 apud

355 1321 583 1360 Lucretium
616 1318 718 1360 “hos
750 1318 1012 1372 uappones''.'
1078 1320 1247 1359 Rettulit
1285 1321 1406 1359 uerba
1444 1320 1494 1358 ad
1535 1319 1688 1358 Lucret.
1716 1319 1777 1358 III
1804 1320 1887 1358 386

358 1378 521 1420 ‘uestem
566 1394 636 1419 nec
679 1382 834 1430 plumas
879 1382 1012 1425 auium
1066 1392 1295 1430 papposque
1346 1377 1532 1419 uolantis'
1584 1378 1890 1431 Lindemannus,

356 1453 473 1490 quem
509 1441 721 1492 impugnat
759 1442 864 1479 recte
902 1440 1178 1478 Lachmannus
1222 1441 1428 1478 comment.
1460 1440 1501 1477 in
1542 1439 1698 1478 Lucret.
1724 1453 1761 1490 p.
1786 1439 1889 1477 165:

357 1497 687 1538 ‘Lindemannum
718 1500 795 1539 huc
825 1499 971 1538 referre
1002 1500 1125 1538 miror
1156 1511 1256 1549 quae
1287 1498 1407 1537 habet
1437 1498 1588 1538 Probus
1619 1512 1655 1548 p.
1680 1499 1793 1537 1450
1821 1529 1829 1536 .
1850 1528 1888 1537 ..

355 1559 453 1598 mihi
485 1573 604 1610 quam
635 1561 740 1598 recte
772 1560 1055 1611 grammaticus
1080 1570 1279 1607 uappones
1303 1558 1487 1597 Lucretio
1514 1558 1780 1609 adscripserit,
1810 1570 1890 1596 non

356 1620 499 1669 liquet:
530 1619 763 1658 Franciscus
795 1619 930 1658 Dousa
961 1620 1066 1657 inter
1096 1618 1306 1657 Luciliana
1345 1631 1390 1657 ex
1421 1618 1534 1656 libris
1566 1617 1726 1657 incertis
1757 1618 1892 1669 posuit

355 1691 517 1717 numero
553 1679 654 1717 161:
687 1680 843 1717 (mimas
875 1680 1008 1716 autem
1030 1690 1140 1728 ,quas
1169 1675 1213 1716 O.
1233 1677 1404 1716 Jahnius
1429 1675 1561 1729 ψυχὰς
1586 1678 1668 1716 siue
1694 1676 1890 1728 φαλαίνας

355 1751 438 1777 esse
463 1740 688 1788 suspicatur
713 1733 1058 1791 (arclcaeoloyisclee
1077 1738 1279 1786 Beitraeye
1291 1750 1333 1786 p.
1359 1732 1474 1791 137),
1494 1737 1612 1775 aliter
1636 1736 1756 1776 scribi
1773 1736 1890 1775 uideo

355 1799 397 1835 in
440 1798 641 1849 glossariis
685 1798 784 1836 Maii
826 1800 935 1836 tomo
973 1799 1083 1836 sexto
1127 1799 1333 1844 auctorum
1376 1797 1629 1836 classicorum
1666 1810 1703 1847 p.
1726 1796 1809 1835 506
1850 1797 1891 1835 et

354 1860 462 1896 tomo
495 1857 571 1896 VII
602 1872 639 1908 p.
662 1858 744 1896 551
779 1857 847 1896 ubi
879 1859 939 1896 est
965 1854 1073 1896 ‘ama
1098 1857 1183 1895 siue
1215 1869 1359 1906 amma,
1385 1858 1473 1895 auis
1503 1852 1721 1896 nocturna’.
1777 1855 1889 1895 Nihil

354 1918 531 1967 profecto
564 1917 686 1956 uerba
716 1917 788 1955 illa
814 1917 864 1956 ad
890 1916 1064 1955 Lucretii
1095 1929 1132 1954 u.
1153 1929 1184 1955 s.
1204 1928 1232 1954 s.
1287 1916 1348 1955 De
1373 1928 1504 1955 amma
1529 1915 1668 1955 Isidor.
1694 1916 1792 1967 orig.
1812 1914 1891 1954 ΧΠ

358 1978 395 2025 7,
422 1978 476 2014 42
511 1973 625 2015 ‘strix
656 1978 848 2015 nocturna
881 1977 968 2014 auis
995 2006 1002 2014 .
1025 2007 1032 2014 .
1055 2006 1062 2013 .
1088 1976 1185 2014 haec
1217 1976 1303 2014 auis
1334 1976 1456 2026 uulgo
1488 1975 1634 2013 dicitur
1664 1987 1808 2024 amma,
1839 1975 1888 2013 ab

355 2035 524 2073 amando
573 2036 778 2086 paruulos,
833 2035 936 2073 unde
992 2037 1032 2073 et
1089 2035 1151 2073 lac
1204 2034 1392 2084 praebere
1447 2035 1574 2073 fertur
1622 2031 1889 2073 nascentibus’

356 2091 563 2147 (Loeweus
606 2095 721 2146 gloss.
749 2107 851 2133 nom.
878 2108 903 2144 p
947 2092 1062 2148 160).
1134 2093 1240 2133 Satis
1283 2093 1544 2143 probabiliter
1586 2095 1712 2144 igitur
1754 2093 1889 2131 Dousa

357 2153 508 2192 Lucilio
552 2154 622 2193 illa
662 2154 783 2192 uerba
826 2154 968 2192 tribuit
1005 2154 1075 2204 qui
1114 2154 1312 2205 lucifugos
1350 2153 1494 2192 dixerit
1530 2165 1732 2205 uappones
1770 2153 1889 2191 sicuti

355 2216 495 2251 noctua
537 2226 609 2263 pro
654 2214 886 2265 cognomine
931 2216 1034 2263 erat,
1077 2214 1328 2265 grammatici
1371 2218 1483 2264 σῆτες
1526 2213 1695 2251 audiunt
1733 2212 1808 2251 ΑΡ
1832 2212 1889 2250 XI

357 2274 453 2311 321.
494 2274 590 2311 322.
631 2274 712 2311 347
753 2274 912 2312 similia.
980 2273 1128 2312 Tamen
1165 2287 1261 2312 num
1298 2285 1449 2312 ammas
1487 2272 1696 2324 legendum
1733 2271 1786 2311 sit
1826 2285 1887 2322 ap.

355 2332 526 2370 Probum
557 2333 582 2371 l.
604 2345 632 2371 s.
665 2333 821 2371 dubito:
858 2345 953 2371 nam
992 2332 1183 2372 traditam
1222 2333 1460 2383 scripturam
1497 2331 1746 2371 commendat
1783 2331 1888 2382 quod

355 2393 636 2441 grammaticus
668 2393 840 2443 explicat
869 2393 1021 2431 animal
1049 2393 1202 2438 uolans,
1241 2404 1320 2431 non
1352 2394 1440 2431 awis
1472 2392 1536 2431 uel
1567 2393 1656 2430 auis
1685 2393 1887 2430 nodum-na.

477 2446 617 2492 1359.
644 2452 807 2491 'Titulus
834 2452 1056 2502 adscriptus
1082 2451 1244 2502 nauigio
1271 2451 1376 2501 quod
1400 2451 1456 2489 ibi
1481 2453 1635 2502 κελητεε
1660 2451 1890 2490 nominatur

354 2512 396 2548 in
427 2524 544 2561 opere
575 2513 731 2550 musiuo
763 2513 917 2562 reperto
942 2511 1146 2550 Medeinae
1172 2512 1298 2550 musei
1323 2511 1538 2549 Tunesiani
1565 2505 1716 2564 (Musee
1741 2509 1887 2548 Alaoui

357 2571 439 2608 166
471 2584 509 2620 p.
532 2566 606 2624 32)
642 2568 1132 2616 ‘HYPERETIGOSQVE
1166 2567 1430 2609 OELETES':
1467 2570 1690 2608 transmisit
1721 2581 1887 2621 apogra-

354 2630 459 2679 phon
479 2631 626 2669 Paulus
647 2629 890 2669 Gaucklerus
911 2631 980 2680 qui
1001 2630 1043 2668 in
1069 2629 1241 2680 epistula
1266 2630 1473 2679 comparat
1496 2629 1673 2679 Xenoph.
1695 2627 1846 2667 Hellen.
1866 2628 1887 2666 Ι

356 2690 393 2737 6,
421 2691 474 2727 36
510 2687 530 2728 ὅ
562 2688 795 2743 ὑπηρετικὸς
825 2687 939 2741 κέλης
975 2688 1103 2729 πάντα
1134 2687 1326 2742 ἐξήγγειλε
1358 2687 1404 2728 τὰ
1435 2687 1523 2741 περὶ
1554 2687 1626 2740 τὴν
1650 2687 1884 2740 ναυμαχίαν.

353 2748 463 2787 Idem
499 2749 653 2788 Lucilio
691 2749 814 2788 tribui
850 2750 1118 2801 fragmentum
1155 2748 1284 2787 iudice
1323 2748 1504 2788 Vahleno
1542 2748 1593 2786 ad
1623 2760 1686 2799 me
1717 2747 1885 2797 scripsit.

355 2808 494 2847 Eidem
537 2810 692 2848 musiuo
736 2808 901 2848 debetur
943 2820 1079 2848 uersus
1121 2808 1189 2847 lib.
1209 2807 1283 2846 XV
1307 2822 1344 2846 u.
1372 2808 1456 2846 483
1499 2808 1611 2847 cuius
1647 2806 1695 2857 de
1733 2806 1885 2858 origine

354 2870 518 2907 constat.
582 2864 711 2920 [Idem
743 2869 1009 2920 fragmentum
1040 2868 1158 2906 modo
1190 2867 1315 2906 edidit
1345 2867 1606 2906 Buechelerus
1637 2866 1737 2904 Mus.
1762 2865 1884 2904 Rhen.

354 2927 442 2965 LIX
476 2929 588 2966 1904
621 2942 658 2979 p.
681 2929 779 2977 322,
809 2929 938 2967 caletes
968 2940 1046 2966 non
1079 2928 1215 2967 celetas
1247 2926 1459 2966 Gauckleri
1491 2920 1778 2977 apographon]

478 2982 618 3027 1360.
652 2987 835 3026 Placidus
863 2986 962 3025 CGL
988 2987 1026 3025 V
1050 3001 1087 3037 p.
1116 2988 1184 3036 27,
1212 2987 1265 3025 13
1299 2982 1387 3040 (79,
1421 2981 1466 3040 5)
1506 2983 1618 3024 ‘Iube
1652 2985 1886 3033 nalepharos
