2060 3444
884 316 918 352 11
942 328 978 352 u.
1006 318 1161 353 87—89.
1739 311 1794 355 41

251 433 429 486 Scaliger
454 433 659 484 scripserit
685 428 771 470 ‘cur
795 431 856 471 est
881 429 1061 471 factum?
1093 443 1170 481 quo
1197 428 1343 469 conicis
1374 425 1525 468 istucP’
1556 426 1797 467 Ribbeckius

253 489 368 535 GLF¹
397 507 436 545 p.
468 492 617 532 LXXII
662 488 747 531 ‘cur
796 493 857 532 est
899 490 1080 530 furtum?
1130 502 1231 541 quor
1279 488 1427 529 conicis
1471 485 1623 528 istucP’
1693 487 1798 527 Nam

251 555 453 595 structura
477 553 692 593 uerborum
719 552 941 603 explicatur
966 551 1156 602 exemplis
1182 550 1321 589 multis
1346 550 1387 588 in
1413 549 1608 601 Draegeri
1637 549 1798 600 syntaxi

251 616 276 655 l.
290 614 334 654 L.
348 614 486 654 histor.
499 608 560 653 Π2
572 627 609 665 p.
627 614 710 652 227
739 613 938 665 congestis
957 611 1090 651 ueluti
1110 610 1189 650 Cic.
1210 610 1323 650 Tusc.
1345 609 1403 649 IV
1425 610 1479 648 64
1509 606 1799 660 ‘percommode

252 676 406 716 factum
438 676 510 724 est,
542 674 648 725 quod
689 673 745 713 eis
783 673 831 712 de
868 673 985 712 rebus
1106 672 1238 722 primo
1271 671 1312 709 et
1342 682 1536 722 proxumo
1569 670 1632 708 die
1665 669 1799 720 dispu-

251 737 382 776 tatum
420 731 507 775 est’.
565 733 615 773 ad
647 733 732 773 Att.
758 733 853 772 XVI
882 734 954 782 15,
983 734 1004 771 1
1042 729 1152 771 ‘Noli
1189 732 1334 782 putare
1365 730 1533 782 pigritia
1562 743 1625 768 me
1658 730 1800 778 facere,

253 795 359 848 quod
390 808 468 835 non
500 807 590 834 mea
621 790 743 834 manu
775 790 973 833 scribam’.
1032 791 1220 832 Conicere
1251 790 1347 842 quid
1371 790 1434 831 -sit
1463 789 1623 829 Afranii
1649 789 1801 828 indicat

252 867 390 896 uersus
421 850 563 909 (GRF⁸
587 868 624 906 p.
647 855 732 894 243
758 854 817 894 VI
842 853 921 893 VH
940 848 994 908 R)
1028 849 1135 891 ‘nam
1162 852 1208 891 ut
1232 852 1348 903 signa
1372 850 1565 899 indicant,
1590 850 1646 889 Hi
1671 851 1800 889 conie-

253 929 340 957 cere
371 916 493 956 uerba
517 915 624 955 inter
648 927 732 954 sese
758 914 888 955 acrius
915 935 970 940 —-
997 912 1094 952 Noli
1118 925 1208 951 mea
1232 913 1361 951 mater
1388 924 1451 951 me
1476 912 1686 962 praesente
1712 923 1801 949 cum

253 979 368 1028 patre
395 972 601 1016 conicere’.
651 974 746 1014 Hor.
761 974 908 1015 serm.I
924 975 963 1024 4,
980 975 1032 1013 79
1062 970 1184 1012 ‘unde
1209 973 1383 1023 petitum
1407 972 1483 1011 hoc
1507 972 1550 1010 in
1569 983 1632 1010 me
1651 968 1799 1010 iacis?'

377 1032 454 1078 88.
489 1035 626 1076 Cicero
652 1035 700 1074 de
725 1035 791 1074 fin.
811 1034 901 1074 bon.
929 1035 970 1074 et
1000 1034 1091 1073 mal.
1112 1034 1132 1072 I
1160 1034 1198 1083 3,
1226 1034 1251 1072 8
1275 1029 1367 1072 ‘Res
1392 1044 1487 1071 uero
1506 1032 1644 1082 bonas,
1670 1031 1801 1070 uerbis

254 1098 391 1138 electis
435 1097 612 1150 grauiter
655 1096 874 1146 ornateque
918 1094 1065 1144 dictas,
1110 1094 1199 1144 quis
1243 1106 1322 1133 non
1359 1091 1498 1145 legat?
1537 1093 1616 1131 nisi
1654 1092 1723 1142 qui
1761 1105 1803 1131 se

254 1159 372 1210 plane
412 1157 606 1197 Graecum
644 1156 722 1196 dici
759 1156 880 1206 uelit,
916 1157 963 1194 ut
1000 1168 1025 1194 a
1057 1154 1252 1194 Scaeuola
1289 1155 1349 1192 est
1389 1154 1572 1204 praetore
1603 1152 1802 1193 salutatus

255 1218 424 1258 Athenis
456 1217 659 1257 Albucius.
723 1229 843 1267 quem
874 1215 1034 1267 quidem
1066 1216 1196 1254 locum
1238 1227 1327 1253 cum
1359 1214 1488 1252 multa
1519 1213 1731 1253 uenustate
1763 1214 1804 1251 et

254 1279 364 1318 omni
389 1279 472 1318 sale
497 1278 603 1317 idem
628 1277 821 1328 Lucilius,
847 1276 954 1328 apud
980 1288 1098 1327 quem
1124 1275 1328 1327 praeclare
1354 1273 1549 1314 Scaeuola
1575 1270 1803 1313 “Graecum

286 1369 294 1378 .
316 1370 324 1378 .
359 1335 605 1378 inimicus”.'
681 1338 859 1389 Exponit
900 1337 963 1376 his
1006 1335 1187 1376 uersibus
1233 1334 1429 1374 Scaeuola
1470 1347 1561 1374 reus
1604 1333 1803 1373 iudicibus

256 1412 379 1451 quare
427 1399 579 1438 factum
630 1398 683 1438 sit
734 1400 782 1437 ut
823 1396 1016 1437 Albucius
1061 1409 1101 1436 se
1146 1396 1346 1436 accusarit
1388 1407 1629 1446 causamque
1673 1395 1804 1446 aperit

256 1473 413 1500 omnem
439 1457 741 1499 inimicitiarum
767 1459 1020 1498 accusatoris.
1079 1457 1157 1503 Qui
1188 1457 1285 1495 haec
1316 1456 1398 1495 fere
1431 1457 1593 1495 enarrat
1625 1452 1804 1506 ‘praetor

255 1525 346 1560 cum
376 1519 557 1560 Athenas
588 1519 726 1558 urbem
758 1519 1004 1571 ingrederer,
1042 1517 1203 1558 obuiam
1234 1517 1269 1555 it
1300 1530 1362 1556 me
1395 1516 1612 1556 salutatum
1648 1516 1717 1565 qui
1747 1515 1804 1553 ibi

257 1580 428 1633 degebat
477 1581 521 1619 T.
548 1579 739 1620 Albucius
789 1579 988 1630 perfectus
1032 1578 1252 1630 Epicureus
1304 1578 1345 1615 et
1391 1575 1628 1625 Graeculus,
1678 1575 1803 1627 pallio

258 1642 427 1681 amictus
460 1642 500 1680 et
531 1640 700 1691 crepidis
732 1639 907 1679 indutus.
969 1639 1009 1678 Is
1048 1639 1119 1677 aut
1156 1635 1312 1676 dixerat
1348 1637 1550 1688 quondam
1581 1649 1653 1688 per
1684 1635 1804 1675 collo-

258 1702 397 1752 quium
429 1702 501 1740 aut
525 1701 738 1752 scripserat
761 1701 804 1738 in
830 1699 980 1738 chartis
1006 1700 1087 1739 suis
1118 1697 1405 1750 philosophicis
1443 1691 1512 1750 (de
1537 1697 1681 1748 quibus
1714 1696 1809 1735 conf

257 1761 407 1801 Fronto
450 1774 488 1811 p.
522 1762 624 1811 114,
663 1762 683 1799 1
715 1759 770 1809 N)
828 1772 912 1799 sese
960 1759 1082 1798 malle
1132 1757 1327 1797 Graecum
1378 1757 1457 1797 dici
1507 1770 1625 1807 quam
1677 1756 1806 1795 ciuem

258 1822 484 1861 Romanum
533 1823 607 1860 aut
657 1820 899 1871 municipem
942 1819 1133 1859 Latinum
1176 1818 1453 1858 centurionum
1497 1829 1719 1857 crassorum
1767 1817 1807 1856 et

258 1881 508 1922 indoctorum
541 1894 710 1932 quorum
740 1880 904 1920 Vlubris
935 1881 1007 1919 aut
1037 1879 1208 1919 Formiis
1245 1891 1400 1918 summa
1440 1879 1528 1917 erat
1557 1878 1735 1928 potestas
1767 1878 1808 1916 et

260 1943 488 1982 auctoritas.
550 1942 694 1993 Itaque
732 1954 822 1980 cum
858 1954 921 1980 me
959 1940 1174 1980 salutasset
1210 1939 1488 1979 aduenientem
1527 1938 1690 1988 Latine,
1721 1950 1806 1990 ego,

261 1999 350 2053 ‘tu’‚
380 2002 558 2053 inquam,
591 1998 762 2051 ‘Albuci,
795 2002 890 2052 quia
921 2001 1049 2051 patris
1080 2000 1218 2039 Latini
1249 2001 1289 2038 et
1314 1999 1410 2038 laris
1437 1997 1585 2038 oblitus
1611 1997 1807 2038 Graecum

259 2065 300 2103 te
331 2062 410 2103 dici
439 2062 638 2112 maluisti,
676 2074 798 2113 quam
828 2061 1054 2102 Romanum
1092 2061 1164 2101 aut
1194 2060 1404 2109 Latinum,
1444 2058 1614 2098 Athenis
1647 2057 1807 2107 Graece,

259 2125 300 2163 te
338 2136 427 2163 cum
465 2122 517 2162 ad
547 2136 610 2162 me
642 2123 863 2163 salutatum
894 2121 1066 2173 accedis,
1104 2121 1253 2161 saluto:
1292 2119 1446 2169 chaere,
1476 2120 1655 2170 inquam,
1687 2115 1806 2158 Tite’.

261 2183 364 2223 Tum
394 2183 454 2223 VI
489 2183 569 2223 mei
612 2183 792 2233 lictores,
835 2183 975 2222 cohors
1018 2182 1225 2232 praetoria
1267 2180 1396 2220 omnis
1434 2180 1475 2220 et
1510 2179 1669 2230 reliqua
1706 2191 1808 2230 quae

260 2243 529 2284 comitabatur
565 2256 627 2283 me
664 2244 890 2295 praetorem
928 2255 1074 2282 corona
1111 2242 1226 2293 quasi
1258 2241 1400 2281 chorus
1432 2240 1571 2280 audito
1604 2239 1807 2280 endosimo

261 2303 476 2356 coryphaei
510 2300 665 2343 ‘chaere
697 2300 802 2343 Tite'
836 2303 1147 2343 conclamarunt.
1209 2301 1325 2351 Hinc,
1356 2300 1519 2351 iudices,
1550 2300 1678 2340 hostis
1708 2299 1808 2339 mihi

263 2366 323 2405 est
358 2364 453 2414 iste,
495 2364 589 2404 hinc
630 2361 843 2403 inimicus?
914 2361 1127 2414 Graecum]
1175 2362 1255 2401 fuit
1297 2362 1341 2400 Τ.
1370 2360 1564 2400 Albucius
1608 2361 1808 2412 perfectus

262 2425 502 2476 Epicureus:
547 2437 668 2475 quare
711 2425 857 2463 mirum
900 2437 980 2463 non
1024 2425 1084 2464 est
1131 2432 1220 2462 eum
1266 2424 1306 2462 et
1346 2421 1540 2461 Graecum
1578 2420 1656 2460 dici
1688 2416 1808 2459 malle

264 2497 385 2536 quam
396 2484 622 2524 Romanum
643 2486 683 2524 et
698 2483 867 2524 Athenis
887 2497 928 2524 se
948 2484 1184 2524 commorari
1204 2495 1325 2534 quam
1343 2482 1506 2531 Romae,
1527 2482 1562 2520 si
1581 2480 1808 2520 memineris

266 2546 418 2596 quanta
448 2545 640 2596 religione
672 2545 860 2596 Epicurei
891 2545 1078 2597 magistri
1110 2545 1150 2583 et
1180 2542 1356 2594 patriam
1387 2543 1428 2581 et
1459 2541 1598 2581 domus
1624 2541 1810 2591 hortique

264 2605 456 2655 reliquias
493 2605 675 2658 uenerati
712 2606 794 2644 sint
831 2599 965 2659 (Lucr.
986 2602 1044 2643 VI
1074 2604 1187 2643 1-8
1227 2601 1306 2642 Oic.
1334 2603 1447 2653 epist.
1475 2601 1575 2641 ΧΙΠ
1604 2595 1667 2655 1):
1704 2599 1810 2639 idem

265 2664 403 2704 eadem
447 2664 494 2704 de
538 2677 659 2705 causa
701 2667 842 2716 postea
885 2665 982 2704 fecit
1024 2665 1068 2703 T.
1094 2663 1338 2714 Pomponius
1375 2662 1535 2701 Atticus
1580 2661 1809 2712 Epicureus.

265 2725 418 2776 Nempe
450 2725 640 2765 docuerat
671 2725 754 2764 siue
787 2725 986 2775 Epicurus
1018 2724 1102 2763 siue
1131 2723 1319 2774 Epicurei
1350 2722 1415 2761 uel
1447 2722 1541 2761 deos
1572 2720 1646 2772 τὴν
1671 2715 1810 2771 Ἑλλη-

266 2784 359 2824 νίδα
387 2816 393 2823 .
416 2817 422 2824 .
446 2816 454 2825 .
486 2783 586 2837 ἔχειν
617 2784 820 2824 διάλεκτον
851 2785 992 2836 fragm.
1022 2785 1105 2823 356
1133 2783 1312 2823 Vseneri.
1348 2804 1401 2809 —
1435 2782 1661 2821 Romanum
1691 2781 1811 2832 atque

268 2841 480 2897 Sabinum]
530 2844 660 2896 lepide
711 2842 789 2884 duo
839 2843 1046 2884 coniunxit
1088 2843 1249 2883 nomina
1293 2855 1371 2893 quo
1415 2843 1543 2882 ciuem
1586 2840 1812 2880 Romanum

268 2904 464 2956 significet
488 2904 667 2944 moribus
693 2903 853 2943 Sabinis
878 2899 994 2958 (Hor.
1010 2904 1122 2954 epod.
1139 2906 1177 2954 2,
1205 2904 1258 2942 41
1280 2902 1486 2942 LucanII
1505 2895 1613 2955 368)
1638 2900 1811 2940 Numae-

269 2976 346 3016 que
387 2964 584 3004 institutis
628 2964 698 3016 qui
739 2965 896 3004 utatur:
940 2964 1035 3004 conf
1074 2963 1342 3003 Mommsenus
1385 2962 1461 3001 Die
1505 2961 1812 3013 Tatiuslegende

267 3023 403 3064 Herm.
422 3024 518 3064 XXI
545 3024 657 3064 1886
683 3038 722 3075 p.
745 3025 830 3064 570
856 3036 963 3074 seqq.
996 3045 1055 3052 ---

391 3085 459 3124 89.
508 3085 750 3136 municipem
802 3084 941 3135 Ponti,
984 3084 1142 3124 Tritani
1192 3083 1469 3125 centurionum
1518 3082 1814 3137 praeclarorum
