2060 3444
315 256 402 299 282
751 254 753 256 ’
881 253 999 289 XXIX
1023 265 1058 289 u.
1086 256 1285 288 sos-804.

318 368 437 408 σαλὸν
469 366 692 421 Προμηθέα
723 370 870 406 κτεῖναι
902 364 1132 417 διανοηθεὶς
1162 364 1294 406 ἔπαισε
1327 368 1377 420 τῷ
1410 364 1514 415 ξίφει
1550 362 1592 403 τὸ
1630 369 1744 416 φῦμα
1779 362 1846 403 καὶ

315 429 455 468 διεῖλεν
490 427 614 475 οὕτως
654 426 747 467 ὥστε
786 429 969 478 σωθῆναι
1005 425 1073 466 τὸν
1109 423 1327 477 ἄνθρωπον
1364 422 1430 463 καὶ
1465 421 1738 476 ἀπαλλαγῆναι
1775 428 1845 463 τοῦ

316 487 495 538 φύματος
540 485 722 540 ῥαγέντος
758 488 836 525 κτλ.
873 486 976 525 Plin.
1010 487 1090 524 nat.
1123 485 1213 524 hist.
1239 484 1318 523 VH
1346 485 1427 523 166
1472 481 1684 523 ‘Pheraeus
1727 483 1844 522 Iason

314 548 542 598 deploratus
576 561 598 584 a
629 546 790 585 medicis
821 547 999 585 uomicae
1031 544 1167 584 morbo
1200 558 1287 583 cum
1321 545 1486 583 mortem
1525 545 1567 582 in
1606 542 1690 582 acie
1727 556 1843 593 quae·

316 609 430 655 reret,
455 607 664 646 uulnerato
691 608 848 656 pectore
881 605 1117 644 medicinam
1146 605 1301 643 inuenit
1326 616 1371 642 ex
1396 600 1536 643 hoste'.
1587 602 1664 642 Cic.
1691 602 1738 641 de
1763 604 1843 641 nat.

314 667 418 706 deor.
445 667 506 705 ΙΠ
534 667 588 705 70
622 663 718 705 ‘Nec
746 697 753 704 .
776 697 782 703 .
806 697 812 704 .
839 665 970 704 uoluit
997 697 1003 703 .
1026 696 1032 703 .
1055 696 1062 703 .
1089 664 1274 715 prodesse
1304 663 1479 702 Pheraeo
1494 672 1498 675 '
1516 663 1652 702 Iasoni
1686 663 1737 712 is,
1777 661 1845 712 qui

315 727 449 778 gladio
480 725 676 765 uomicam
708 725 790 765 eius
817 725 985 775 aperuit,
1017 737 1138 775 quam
1168 736 1307 763 sanare
1332 722 1476 762 medici
1500 735 1579 762 non
1603 718 1844 773 potuerant'.

314 786 402 825 Val.
428 785 530 824 Max.
556 786 576 824 Ι
604 787 627 824 8
656 787 731 824 ext.
760 786 783 823 6
831 782 1017 823 ‘Diuinae
1066 785 1248 823 fortunae
1297 783 1442 822 uulnus
1489 781 1663 820 Pheraeo
1710 781 1846 820 Iasoni

314 843 528 897 (quidam)
567 845 677 883 exitii
716 846 799 884 eius
838 843 1004 894 cupidus
1042 843 1190 882 intulit.
1260 843 1364 881 Nam
1402 854 1490 881 cum
1533 843 1638 880 inter
1679 840 1844 880 insidias

267 918 270 921 ·
314 905 448 956 gladio
481 918 569 944 eum
599 906 864 955 percussisset,
896 905 1104 953 uomicam,
1137 916 1236 954 quae
1263 915 1286 940 a
1312 902 1421 941 nullo
1447 901 1687 940 medicorum
1712 900 1845 940 sanari

313 966 516 1015 potuerat,
557 966 616 1003 ita
646 966 773 1014 rupit,
810 966 856 1002 ut
886 964 1086 1003 hominem
1117 963 1305 1013 pestifero
1338 962 1442 1001 malo
1474 956 1695 1000 libera-ret’:
1734 959 1846 999 addit

317 1024 404 1062 Sen.
432 1024 478 1063 de
503 1023 662 1063 benefic.
682 1024 723 1062 II
751 1024 817 1073 18,
845 1024 869 1062 8
890 1023 1221 1073 Wyttenbachius
1247 1022 1296 1060 ad
1322 1021 1529 1060 Plutarchi
1548 1021 1572 1059 l.
1594 1032 1622 1059 s.
1643 1033 1671 1059 s.
1704 1019 1845 1070 Itaque

315 1097 402 1122 cum
434 1085 534 1123 teste
565 1083 695 1122 Plinio
727 1084 768 1122 in
802 1083 882 1122 acie
915 1083 1146 1121 uulneratus
1183 1082 1305 1120 fuerit
1334 1081 1469 1131 Iason,
1507 1093 1578 1119 nos
1616 1093 1695 1118 non
1731 1092 1845 1129 repu-

314 1143 510 1182 diabimus
549 1143 789 1182 adiectiuum
826 1145 980 1192 tyro-nco
1018 1142 1122 1193 quod
1160 1155 1180 1180 e
1221 1142 1411 1181 castrensi
1455 1152 1631 1179 sermone
1677 1139 1846 1189 sumpsit

313 1203 489 1242 Lucilius
526 1205 630 1242 recte
668 1203 895 1254 appositum
934 1202 983 1241 ad
1028 1202 1207 1240 uulnere:
1250 1213 1343 1239 nam
1387 1204 1469 1250 tyro
1514 1213 1599 1238 cum
1646 1199 1717 1237 alii
1759 1200 1845 1237 tum

314 1262 467 1301 Nonius
498 1263 582 1313 ipse
615 1263 804 1312 scripsere
837 1256 892 1315 (p.
923 1262 1019 1310 180,
1048 1255 1132 1315 24).
1190 1260 1302 1306 Quod
1334 1259 1365 1299 si
1392 1259 1580 1298 faciemus
1605 1270 1741 1298 uersus
1766 1270 1844 1296 non

314 1323 445 1372 potest
478 1323 583 1361 sta-re
614 1322 691 1360 nisi
723 1323 793 1360 aut
833 1321 1009 1360 senarius
1048 1322 1107 1360 est
1145 1320 1249 1371 quod
1285 1333 1363 1358 non
1402 1318 1517 1359 credo
1555 1320 1719 1369 propter
1756 1331 1844 1356 eum

315 1381 383 1431 qui
416 1383 596 1432 sequitur
627 1383 697 1420 aut
727 1382 796 1420 hoc
826 1380 1042 1420 inseremus
1073 1382 1164 1431 post
1194 1381 1339 1419 tiu-oneo
1365 1382 1408 1419 et.
1465 1378 1577 1424 Quod
1604 1378 1844 1417 adiectiuum

312 1440 502 1480 Latinum
533 1441 701 1491 denique
732 1442 836 1480 recte
869 1441 1084 1479 formatum
1117 1442 1174 1479 est
1206 1441 1252 1478 ut
1283 1451 1465 1479 erroneus
1489 1439 1687 1477 ultroneus
1710 1449 1842 1476 succu-

313 1500 454 1540 bonea:
492 1513 632 1551 nempe
665 1499 816 1546 Graeca
846 1499 888 1539 id
919 1512 1043 1552 genus
1075 1499 1300 1539 scribuntur
1330 1500 1376 1537 ut
1407 1498 1691 1538 Eissocratium
1715 1496 1781 1536 lib.
1807 1493 1844 1533 V

313 1574 349 1598 u.
379 1561 461 1599 186
495 1561 701 1599 stoechium
731 1559 798 1598 lib.
824 1559 998 1598 XXVIII
1022 1573 1086 1597 uu.
1117 1560 1211 1598 786.
1241 1559 1335 1597 788.
1366 1559 1460 1597 790.

433 1615 543 1660 803.
576 1619 728 1658 Nonius
759 1634 796 1670 p.
825 1620 922 1668 527,
950 1620 1003 1658 27
1045 1616 1134 1657 ‘Vel
1175 1631 1247 1669 pro
1292 1619 1413 1657 etiam
1457 1618 1527 1656 est.
1562 1647 1568 1654 .
1597 1647 1603 1654 .
1634 1647 1640 1654 .
1668 1614 1844 1655 Lucilius

312 1679 379 1718 lib.
406 1679 598 1718 XXVIIII
637 1676 742 1717 “hoc
778 1680 990 1718 inuenisset
1015 1710 1021 1716 .
1051 1710 1057 1716 .
1087 1710 1093 1716 .
1119 1674 1439 1717 bellissimum''.’
1503 1675 1700 1715 inuenisse
1740 1676 1844 1714 recte

312 1738 557 1778 Lachmanni
595 1737 730 1778 editio.
798 1738 978 1790 Apparet
1020 1750 1248 1789 percussore
1291 1738 1419 1776 inuito
1462 1736 1564 1775 hanc
1606 1728 1844 1774 medicinam

314 1798 498 1837 Iasonem
528 1799 726 1838 inuenisse
757 1811 861 1849 quae
891 1799 1064 1849 tyranno
1095 1798 1159 1836 uel
1191 1797 1344 1848 optima
1375 1797 1461 1835 erat
1491 1796 1666 1835 omnium
1698 1794 1748 1834 ad
1775 1805 1843 1833 uo-

314 1858 441 1897 micae
471 1858 587 1897 illum
618 1858 797 1897 morbum
830 1857 1066 1896 tollendum.
1110 1858 1255 1896 homini
1285 1855 1460 1907 positum
1490 1868 1562 1906 pro
1594 1856 1638 1895 ci..
1799 1860 1803 1867 ·

435 1912 546 1958 804.
578 1917 733 1956 Nonius
758 1931 795 1967 p.
825 1918 921 1965 225,
949 1918 973 1954 4
1008 1913 1190 1955 eSchema.
1220 1916 1412 1955 feminino
1442 1927 1584 1967 genere
1612 1945 1648 1953 ..
1671 1945 1678 1953 .
1704 1916 1844 1953 neutro

318 2007 325 2014 .
347 2007 353 2014 .
376 2007 383 2014 .
409 1976 587 2016 Lucilius
618 1976 686 2014 lib.
711 1975 905 2014 XXVIIII
938 1973 1011 2014 “in
1039 1977 1237 2024 yemnasio
1264 2006 1271 2013 .
1294 2006 1300 2013 .
1324 2006 1330 2012 .
1357 1975 1522 2024 antiquo
1553 1977 1608 2013 cst
1625 1976 1845 2022 peccatores

314 2032 556 2075 retineres''.'
632 2035 785 2074 Habuit
834 2035 1071 2085 archetypus
1115 2037 1378 2083 aspectatores,
1430 2035 1493 2072 cui
1541 2034 1703 2072 lectioni
1752 2033 1843 2072 uide

315 2096 465 2144 quanto
496 2096 659 2146 propior
689 2095 742 2133 sit
771 2094 975 2133 Leidensis
1006 2095 1075 2145 qui
1106 2093 1295 2143 praebeat
1327 2096 1379 2132 est
1402 2095 1622 2142 peccatores
1654 2105 1699 2131 ex
1725 2105 1746 2131 e
1770 2094 1842 2131 im-

314 2167 416 2204 pura
445 2154 518 2192 illa
543 2155 681 2192 natum
707 2166 824 2204 quam
852 2153 1185 2204 Guelferbytanus
1211 2154 1281 2203 qui
1306 2156 1339 2192 et
1362 2155 1600 2202 spectatores.
1626 2173 1666 2178 -—
1698 2155 1842 2201 speda-

316 2215 415 2253 tores
451 2215 613 2252 retinere
649 2215 754 2252 recte
791 2213 942 2252 dictum
979 2213 1026 2252 de
1064 2213 1295 2252 delectando
1330 2214 1377 2251 ut
1412 2211 1491 2251 Cic.
1519 2212 1631 2262 epist.
1659 2211 1695 2248 V
1724 2213 1789 2260 12,
1817 2212 1841 2250 5

317 2270 452 2311 ‘Cuius
490 2273 664 2311 studium
701 2274 742 2311 in
780 2273 946 2324 legendo
983 2285 1063 2311 non
1106 2274 1280 2311 erectum
1317 2270 1572 2311 Themistocli
1608 2271 1705 2322 fuga
1739 2268 1842 2310 redi-

313 2334 438 2382 tuque
481 2331 702 2371 retinetur?
763 2332 922 2371 Etenim
965 2331 1061 2371 ordo
1103 2334 1188 2382 ipse
1232 2332 1437 2372 annalium
1480 2330 1731 2370 mediocriter
1771 2343 1843 2371 nos

315 2391 461 2430 retinet
499 2393 614 2442 quasi
652 2392 945 2431 enumeratione
982 2388 1208 2431 fastorum’:
1245 2391 1422 2441 Xenoph.
1455 2391 1502 2429 de
1533 2403 1575 2428 re
1608 2403 1693 2440 equ.
1723 2391 1788 2440 11,
1816 2392 1840 2429 9

314 2449 417 2490 ἔστιν
449 2449 469 2490 ὁ
501 2451 737 2503 μετεωρίζων
768 2449 907 2491 ἑαυτὸν
939 2450 1059 2499 ἵππος
1089 2450 1243 2503 σφόδρα
1275 2449 1443 2503 ἀγαστὸν
1478 2448 1531 2497 ὡς
1567 2448 1728 2489 πάντων
1764 2454 1842 2498 τῶν

315 2508 498 2561 ὁρώντων
524 2542 531 2548 .
553 2541 560 2549 .
583 2541 590 2549 .
620 2509 662 2549 τὰ
706 2508 859 2562 ὄμματα
899 2508 1081 2563 κατέχειν.
1112 2532 1161 2537 -
1190 2512 1360 2550 telineris
1402 2510 1615 2561 Bergkius,
1664 2510 1842 2548 retineris

314 2571 534 2608 Muellerus
567 2570 670 2620 quod
702 2569 797 2609 ferri
821 2572 955 2621 posset
978 2571 1020 2608 in
1046 2571 1154 2608 exitu
1179 2582 1315 2609 uersus
1339 2570 1517 2620 positum
1541 2571 1587 2608 ut
1611 2568 1841 2618 obsoletum,

315 2630 348 2668 si
373 2630 572 2669 constaret
597 2629 644 2668 de
670 2630 730 2668 his
756 2630 905 2679 formis,
932 2642 1028 2680 quas
1054 2631 1313 2668 restituerunt
1331 2629 1544 2668 Luchsium
1570 2629 1693 2668 secuti
1711 2628 1840 2667 Plaut.

314 2688 511 2740 Amphitr.
540 2689 622 2728 926
650 2689 760 2728 Asin.
789 2690 885 2728 582.
940 2689 1082 2739 Itaque
1114 2689 1241 2728 tutius
1273 2690 1349 2728 erit
1379 2690 1546 2727 rete’neas
1575 2700 1721 2738 ponere
1752 2700 1842 2727 cum

227 2775 232 2778 -
313 2748 579 2788 Lachmanno.
638 2744 770 2787 'Cuius
807 2748 920 2787 uerbi
958 2761 1045 2788 curn
1083 2748 1236 2787 obiecto
1274 2747 1515 2797 coniunctio,
1558 2749 1643 2786 tum
1683 2748 1840 2796 amiqua

315 2808 383 2857 qui
414 2807 585 2847 traditus
618 2810 677 2846 est
709 2808 907 2847 ablatiuus
940 2808 1062 2847 efficit
1085 2819 1212 2847 scema
1235 2808 1434 2847 Lucilium
1459 2808 1636 2858 posuisse
1662 2806 1839 2845 ablatiuo

315 2879 409 2906 casu
438 2869 571 2906 neutri
601 2867 755 2918 generis
785 2869 832 2906 ut
864 2867 1158 2906 indeclinabile:
1190 2867 1296 2918 quod
1319 2867 1557 2906 uocabulum
1581 2867 1839 2917 monoptoton

315 2926 413 2965 dicit
449 2926 650 2966 Charisius
676 2926 742 2966 GL
768 2927 789 2965 I
818 2940 855 2977 p.
885 2928 980 2976 144,
1010 2927 1121 2966 17Κ.
1188 2926 1351 2966 Induxit
1392 2927 1433 2965 in
1475 2926 1632 2965 litteras
1674 2925 1840 2964 Latinas

314 2985 418 3025 hunc
449 2985 667 3026 ablatiuum
695 2985 859 3025 Plautus
885 2986 1082 3038 Amphitr.
1112 2987 1193 3032 117
1221 2985 1326 3024 Pers.
1354 2986 1437 3025 463
1470 2984 1539 3024 u‘bi
1569 2984 1736 3024 adnotat
1759 2984 1839 3024 Leo
