2060 3444
527 260 807 295 PRAEFATIO.
861 262 1108 295 AUDENDA.
1162 262 1487 296 CORRIGENDA.
1718 261 1778 296 Vll

236 386 329 414 num
370 373 500 412 Latin.
528 386 698 423 compos.
726 373 851 412 Bonn.
883 374 994 412 1888
1034 374 1196 425 scripsit
1239 373 1291 414 ad
1335 388 1395 413 me
1437 373 1683 415 Skutschius.
1728 397 1776 403 —

236 432 299 472 Ad
338 447 374 471 u.
404 435 484 472 611
535 429 669 472 ‘tueri’
716 434 811 473 conf
851 432 929 472 Cic.
975 433 1089 485 epist.
1115 433 1150 472 X
1178 435 1253 484 24,
1280 435 1318 473 5.
1366 456 1416 462 -
1464 434 1528 474 Ad
1571 449 1607 474 u.
1631 438 1712 475 777
1748 437 1782 474 si

235 492 414 546 legitime
447 493 598 532 exierat
630 490 861 533 ‘fulmentas
893 490 1042 533 asneis’
1076 493 1335 534 conferendus
1361 494 1467 534 idem
1494 496 1625 535 exitus
1651 495 1780 536 Plaut.

234 552 350 593 Truc.
382 567 419 592 u.
449 555 532 593 272
586 550 781 593 ‘armillas
830 550 1000 593 ae'neas'.
1053 575 1108 580 ——
1159 554 1222 593 Ad
1266 568 1302 594 u.
1334 555 1418 595 803
1463 557 1660 595 inuenisse
1702 568 1780 596 non

235 612 401 653 editioni
440 612 687 653 Lachmanni
728 626 812 653 csse
852 613 1106 653 tribuendum
1145 614 1213 654 sed
1245 614 1427 655 Vahleno
1460 610 1582 669 (anal.
1609 616 1780 656 Nonian.

234 686 271 724 p.
294 674 351 713 30
383 668 492 727 adn.)
535 675 675 714 auctor
711 673 795 725 ipse
834 673 952 714 modo
990 687 1063 725 per
1093 675 1307 726 epistulam
1339 688 1402 714 me
1433 675 1529 715 fecit
1559 676 1780 726 certiorem,

233 732 339 772 idem
370 734 395 772 1.
417 745 446 773 s.
472 747 509 785 p.
532 735 556 773 6
592 730 733 774 ‘nullo'
766 735 902 774 monet
934 734 1071 774 eodem
1101 735 1189 774 loco
1221 747 1305 774 sese
1330 735 1545 775 inseruisse
1570 738 1692 788 atque
1717 750 1780 776 me

234 806 272 832 u.
295 794 394 834 691.
461 794 508 833 In
553 806 645 845 app.
671 794 757 833 crit.
783 808 820 833 u.
852 794 963 833 1189
1009 794 1158 834 scribas
1202 795 1446 846 Michaeam,
1483 797 1525 834 in
1570 809 1660 847 app.
1693 798 1779 835 crit.

233 867 270 892 u.
302 855 412 894 1353
464 853 677 893 uerborum
716 854 826 893 *ordo
869 853 1066 894 turbatus.
1141 854 1188 893 In
1231 855 1362 894 indice
1406 857 1612 895 nominum
1657 870 1694 907 p.
1724 858 1778 895 98

233 915 410 954 erratum
442 914 481 953 in
515 927 679 954 numero
712 914 941 954 consulatus
972 914 1108 954 Mucii.
1303 952 1307 959 ,

353 973 500 1013 Versus
538 973 702 1024 Lucilii,
740 987 839 1026 quos
870 974 1024 1014 Nonius
1062 975 1179 1015 affert
1215 978 1394 1026 sumptos
1433 988 1452 1014 e
1490 975 1647 1016 Lucilio
1678 978 1780 1027 ipso,

232 1046 298 1074 eos
342 1035 382 1072 in
428 1035 713 1075 commentario
750 1035 1030 1086 proposuimus
1068 1035 1152 1075 solo
1184 1037 1343 1075 nomine
1382 1036 1508 1076 Nonii
1549 1037 1778 1088 praemisso.

231 1093 422 1145 Reliquos
448 1094 587 1134 lectori
612 1095 877 1135 iudicauimus
903 1095 1052 1135 additis
1077 1095 1208 1136 uerbis
1231 1093 1401 1136 ‘Nonius
1421 1109 1468 1136 ex
1487 1093 1778 1149 grammatico’.

230 1153 328 1193 Illos
346 1166 485 1194 uersus
505 1167 641 1194 omnes
659 1156 939 1206 proposuimus
958 1156 1146 1196 collectos
1165 1157 1342 1210 prolegg.
1357 1156 1436 1196 uol.
1451 1156 1471 1195 Ι
1484 1157 1779 1207 p.LXXXVIII

231 1226 356 1265 seqq.:
389 1213 436 1253 de
469 1214 648 1255 uersibus
679 1227 704 1254 a
735 1215 1008 1268 grammaticis
1034 1216 1174 1267 petitis
1199 1218 1343 1267 agetur
1367 1217 1442 1256 hoc
1467 1217 1574 1268 quod
1600 1217 1780 1268 sequitur

230 1274 372 1324 capite.

351 1381 500 1434 Scripsi
533 1382 692 1434 Lipsiae
727 1383 816 1423 Kal.
842 1384 959 1423 Mart.
987 1384 1151 1424 MGMV.

1223 1525 1502 1570 Fridericus
1533 1525 1686 1571 Marx.
