2060 3444
279 262 333 305 16
908 261 925 297 I
948 264 1166 298 11.2’1-30.

396 369 474 415 27.
523 374 652 414 Iulius
707 374 942 415 Rufinianus
999 375 1047 414 de
1102 374 1240 427 figuris
1296 375 1586 415 sententiamm
1619 377 1670 416 31
1724 371 1814 430 (RL

276 449 314 486 p.
340 429 625 502 46,1·Ha1m.)
665 431 962 487 ‘Epanalepsis,
1004 436 1190 502 repetitio
1229 437 1449 475 sententiae
1486 438 1650 487 propter
1692 437 1816 476 aliam

276 494 539 534 necessariam
577 506 756 543 causam,
793 508 873 534 non
910 497 956 534 ut
995 494 1043 534 fit
1078 496 1120 533 111
1163 494 1302 546 figuris
1342 495 1594 535 elocutionis.
1638 498 1695 536 sic
1738 491 1815 550 (ita

277 555 313 594 Ι.
333 555 484 600 Βωιεα,
512 554 581 594 sed
606 555 662 593 ed.
682 549 766 608 pr.)
793 555 900 605 apud
925 551 1162 593 Lucilium‘
1168 552 1244 594 ‘uel
1270 555 1471 595 concilio.
1533 556 1697 606 .priore
1724 568 1814 596 con·
1875 607 1877 609 ι

277 611 414 654 cilio''.
419 611 429 628 ³
495 613 708 664 Suppleuit
737 614 769 652 Ι.
789 614 936 664 1)01130,
978 617 1048 665 qui
1077 617 1183 654 recte
1215 614 1420 654 exordium
1451 585 1670 655 sententiae
1700 617 1816 656 resti-

277 674 417 723 tuerit,
454 674 587 713 locum
622 674 698 713 1100
733 674 850 714 modo
893 672 1048 714 ‘uellem
1086 674 1252 714 concilio
1296 677 1490 724 uestrum,
1536 675 1640 726 quod
1681 675 1815 716 dicitis

279 734 388 783 011111,
414 732 637 773 Caelicolae
655 734 803 778 uellem,
829 736 1004 783 inquam,
1030 733 1303 773 adffiuissemu
1323 729 1374 788 (L
1406 734 1474 773 Mu
1479 735 1618 774 llerus
1638 735 1674 775 d.
1694 749 1726 775 r.
1744 729 1817 775 111)

277 806 317 844 p.
344 787 450 847 286)
481 795 614 844 priore
647 790 851 833 Concilio’.
908 793 1186 833 Lachmannus
1219 797 1259 833 et
1290 793 1334 832 L.
1359 794 1572 834 Muellerus
1604 808 1641 834 u.
1670 795 1724 834 28
1755 796 1816 835 ita

275 853 568 904 supplerunt..
620 850 858 893 Caelicolae
883 854 1042 900 factum,
1075 854 1224 897 uellem,
1254 853 1507 893 adfuissemu’
1533 851 1679 905 priore’
1707 851 1821 906 (conf

275 912 402 953 Lucil.
427 913 495 952 lib.
521 912 616 952 XIV
641 926 679 951 u.
707 913 792 952 468
819 913 935 952 XVII
960 927 997 952 u.
1026 915 1110 953 542
1142 913 1184 952 Π
1208 927 1246 952 11.
1275 914 1348 953 91:
1374 913 1418 953 L.
1443 914 1660 954 Muellerus
1685 913 1710 953 l.
1737 925 1767 954 8.
1784 925 1814 955 3.

274 987 312 1024 p.
341 968 464 1027 319):
495 973 570 1012 1100
600 973 780 1012 fecerunt
814 974 978 1023 rectius,
1016 986 1137 1024 quam
1174 973 1261 1022 ille,
1298 974 1395 1024 quia
1431 975 1474 1012 ui
1509 973 1815 1025 monosyllabon

275 1035 454 1084 posuisse
486 1032 684 1072 Lucilium
720 1033 817 1072 locis
849 1046 879 1072 s.
905 1046 934 1073 3.
966 1035 1141 1082 00113101,
1178 1033 1227 1072 de
1263 1046 1290 1071 11
1325 1034 1368 1072 111
1405 1034 1468 1081 fui
1504 1033 1698 1084 producta
1736 1045 1815 1074 non

262 1094 444 1132 constat.
507 1091 722 1138 Quaeritur
753 1093 894 1132 deinde
925 1106 1022 1132 num
1052 1094 1210 1133 concilio
1242 1093 1401 1132 datiuus
1434 1106 1484 1132 an
1523 1093 1725 1134 ablatiuus
1763 1094 1818 1134 sit

276 1152 492 1192 habendus.
554 1152 750 1191 Datiuum
780 1151 966 1192 Halmius
1004 1165 1090 1192 esse
1125 1154 1290 1202 putauit
1327 1154 1398 1202 qui
1435 1166 1526 1193 cum
1563 1152 1817 1194 Fleckeiseno

276 1213 382 1252 hunc
424 1212 557 1251 locum
598 1213 659 1251 ita
701 1214 942 1252 constituere
984 1209 995 1227 ‘
1011 1212 1150 1251 Vellem
1192 1212 1404 1251 caelicolae
1456 1213 1524 1252 olli
1566 1212 1819 1253 adfuissemu’

275 1273 425 1324 priorei
457 1268 663 1311 Concilio'.
725 1271 843 1318 Quod
873 1272 908 1311 31
937 1274 1044 1312 recte
1077 1273 1285 1312 statuisset
1315 1271 1363 1311 de
1395 1271 1552 1322 datiuo,
1582 1272 1685 1311 nihil
1717 1285 1817 1324 opus

278 1335 365 1371 erat
395 1331 703 1383 supplementis:
740 1333 899 1382 poterat
929 1331 1064 1371 scribi:
1097 1328 1253 1372 ‘uellem
1283 1332 1451 1372 concilio
1482 1334 1672 1382 uestrum,
1712 1331 1818 1383 quod

278 1392 428 1439 dicitis,
472 1393 586 1443 olim,
625 1390 847 1431 Caelicolae
885 1391 1155 1441 adfuissemu’,
1199 1393 1323 1442 priori
1361 1391 1528 1432 concilio
1566 1388 1817 1444 <inquam>’.

279 1452 356 1491 Sed
388 1452 589 1491 ablatiuus
620 1451 747 1490 multo
778 1452 912 1502 aptior
942 1452 1120 1502 profecto
1153 1453 1214 1491 est
1244 1463 1366 1502 quam
1403 1451 1564 1492 datiuus
1602 1453 1722 1491 sicuti
1757 1465 1817 1491 re·

279 1512 382 1551 ctius
415 1512 563 1551 dicitur
593 1511 730 1550 adesse
761 1512 805 1550 in
835 1514 977 1551 senatu
1004 1523 1125 1562 quam
1151 1511 1288 1550 adesse
1313 1513 1482 1561 senatui,
1513 1524 1641 1562 neque
1666 1511 1703 1551 ei
1728 1512 1822 1552 sunt

279 1571 467 1611 audiendi
499 1572 569 1622 qui
591 1573 729 1620 priore
759 1572 918 1611 concilio
949 1571 1133 1610 datiuum
1162 1583 1246 1611 0330
1276 1583 1391 1622 posse
1417 1574 1488 1610 aut
1512 1571 1700 1610 arbitrati
1724 1573 1818 1612 sunt

279 1634 351 1671 aut
381 1631 640 1671 arbitrantur.
691 1630 827 1670 Etiam
851 1633 1083 1682 comparato
1109 1644 1146 1669 u.
1175 1632 1231 1671 30
1258 1627 1441 1671 ‘concilio
1468 1632 1633 1682 antiquo
1659 1631 1818 1682 sapiens

280 1693 343 1730 uir
372 1691 480 1730 301113
508 1688 637 1730 fuisti’
665 1690 888 1731 ablatiuum
913 1690 1133 1730 desiderari
1156 1690 1232 1729 hoc
1255 1690 1342 1729 loco
1368 1692 1553 1741 apparet:
1586 1691 1680 1730 conf
1699 1689 1818 1730 indic.

279 1764 445 1804 gramm.
478 1763 507 1790 s.
539 1764 576 1789 u.
610 1750 822 1790 ablatiuus.
856 1771 907 1778 —-
936 1751 1103 1790 concilio
1135 1748 1330 1801 uestrum]
1362 1754 1537 1790 uestrum
1566 1762 1640 1801 pro
1670 1753 1820 1791 uestro:

280 1812 350 1862 qui
380 1824 473 1851 usus
499 1810 690 1862 loquendi
720 1812 763 1849 in
795 1811 869 1850 hoc
900 1810 1153 1862 potissimum
1183 1811 1418 1861 pronomine
1456 1810 1659 1851 sollemnis
1696 1811 1819 1850 fuisse

279 1870 440 1910 uidetur
470 1870 578 1922 apud
609 1869 854 1910 Ciceronem:
893 1871 986 1910 conf
1020 1870 1201 1922 exempla
1238 1882 1263 1909 0
1293 1869 1495 1921 Draegero
1533 1872 1686 1920 syntax.
1726 1869 1818 1910 hist.

280 1931 340 1971 ed.
372 1931 441 1970 alt.
468 1931 488 1970 Ι
519 1944 557 1981 p.
585 1931 668 1969 471
704 1933 904 1982 congesta.
930 1952 989 1958 —
1015 1930 1121 1981 quod
1152 1926 1306 1983 dicitis]
1337 1930 1429 1969 inde
1460 1930 1590 1970 elucet
1620 1943 1711 1969 eum
1749 1930 1820 1981 qui

279 1991 460 2042 loquitur
505 1991 617 2040 loqui
666 1993 759 2041 post
807 1991 906 2030 01103
950 1990 1061 2030 deos:
1111 1989 1218 2041 quod
1260 2002 1350 2029 cum
1393 1992 1548 2030 constet
1589 1989 1819 2041 Apollinem

279 2051 391 2101 loqui
421 2051 524 2090 libro
549 2050 587 2099 Ι,
624 2052 1009 2101 consentaneumque
1048 2051 1102 2090 sit
1137 2049 1276 2089 Iouem
1312 2049 1492 2089 locutum
1529 2061 1612 2088 esse
1644 2051 1820 2100 primum

280 2110 474 2159 omnium,
511 2111 632 2149 tertio
663 2109 737 2149 deo
769 2123 887 2160 quem
917 2110 1241 2149 interlocutorem
1271 2109 1395 2148 fuisse
1425 2108 1622 2148 traditum
1652 2110 1713 2149 est
1746 2109 1818 2148 hos

280 2183 417 2210 uersus
448 2170 668 2209 tribuemus
699 2170 898 2220 Neptuno.
960 2170 1035 2209 Ille
1065 2169 1256 2208 nimirum
1287 2168 1455 2209 concilio
1486 2170 1528 2208 in
1565 2169 1698 2219 priore
1738 2181 1819 2208 11011

280 2231 420 2270 aderat
451 2230 545 2280 quia
576 2230 714 2280 epulas
745 2230 990 2280 Aethiopum
1021 2230 1193 2281 petierat
1223 2223 1359 2283 (Hom.
1385 2243 1411 2267 α
1438 2228 1492 2267 26
1525 2222 1610 2268 ἔνθ’
1644 2227 1708 2279 ὅγε
1733 2226 1818 2282 τέρ-

280 2304 371 2330 πετο
403 2288 505 2329 δαιτὶ
535 2289 778 2363 παθήμενῡς·
811 2289 854 2329 οἱ
881 2286 922 2328 δὲ
954 2287 1004 2340 δὴ
1035 2286 1145 2328 ἄλλοι
1175 2286 1308 2340 Ζηνὸς
1338 2286 1396 2328 ἐνὶ
1428 2286 1654 2341 μεγάροισιν
1675 2283 1815 2340 Ὀλυμ-

279 2350 375 2390 πίου
405 2347 553 2403 ἀθρόοι
585 2344 707 2404 ησαν)
747 2362 864 2399 quem
901 2349 1033 2388 locum
1063 2347 1287 2394 Quiritibus
1324 2350 1422 2398 quot
1458 2347 1509 2387 ad
1546 2346 1654 2386 Liuii
1692 2346 1819 2398 Odys-

280 2411 366 2449 sian
391 2410 634 2460 uapularant
657 2410 910 2449 notissimum
933 2409 1057 2448 fuisse
1081 2407 1337 2448 manifestum
1362 2409 1433 2447 est.
1477 2407 1654 2447 Deorum
1678 2407 1816 2458 epulas

280 2469 388 2521 apud
418 2469 635 2520 Aethiopes
666 2469 795 2509 factas
825 2467 1025 2508 Lucianus
1057 2480 1214 2518 quoque
1249 2467 1392 2506 irridet
1420 2466 1621 2506 Prometh.
1644 2468 1697 2506 17
1730 2464 1819 2520 περὶ

281 2532 439 2569 θυσιῶν
470 2530 507 2568 2.
515 2529 639 2568 -28,
677 2528 890 2568 caelicolae
919 2530 946 2567 1.
972 2541 1004 2567 e.
1040 2527 1304 2580 Οὐρανίωνες,
1341 2525 1575 2580 Οὐρανίδαι,
1606 2539 1654 2565 ex
1685 2526 1814 2566 Ennio

281 2591 484 2640 sumptum
516 2583 668 2643 (annal.
694 2590 778 2628 491
789 2583 858 2642 V)
906 2588 954 2626 In
992 2587 1162 2627 Senecae
1198 2589 1336 2626 satura
1372 2586 1579 2638 Augustus
1616 2585 1710 2625 deos
1749 2585 1819 2625 ad-

281 2650 461 2699 loquitur
484 2661 527 2697 p.
553 2661 583 2688 0.
617 2643 720 2703 (cap.
751 2644 837 2702 10)

402 2704 480 2749 30.
510 2708 675 2748 Seruius
706 2711 842 2748 auctus
870 2709 911 2746 et
937 2707 1099 2747 Seruius
1124 2706 1176 2746 ad
1200 2706 1388 2746 Aeneidis
1412 2705 1472 2744 IV
1497 2705 1583 2744 458
1611 2701 1818 2756 ‘Coniugis

283 2769 451 2819 antiqui.
518 2768 604 2807 Aut
644 2767 788 2818 prioris
832 2770 904 2806 aut
945 2768 1037 2806 cari.
1105 2762 1338 2806 Lucilius‘
1344 2763 1557 2805 ‘cencium
1620 2762 1817 2814 .fwisti'’.

283 2830 468 2878 antiquus
505 2840 592 2877 erqo
630 2830 685 2867 est
719 2829 787 2877 qui
821 2827 1024 2877 praecedit
1059 2838 1147 2865 ewm
1182 2827 1251 2876 qwi
1278 2837 1472 2875 praesens
1507 2821 1587 2864 est'.
1650 2824 1710 2864 De
1741 2836 1816 2864 usu

283 2888 470 2927 uocabuli
506 2889 693 2937 antiquus
728 2888 822 2926 conf
849 2887 968 2938 Verg.
993 2886 1093 2925 Aen.
1117 2886 1160 2925 H
1188 2886 1282 2924 188.
1345 2885 1462 2924 Hunc
1498 2898 1536 2923 u.
1567 2886 1674 2924 recte
1713 2896 1818 2923 com—

212 2969 217 2973 ·
282 2948 435 2999 paratis
466 2947 598 2986 uerbis
621 2949 759 2996 priore
788 2948 948 2987 concilio
975 2942 1033 3001 (u.
1060 2941 1136 3000 28)
1167 2945 1259 2985 Van
1282 2944 1490 2985 Heusdeus
1521 2944 1624 2983 stud.
1657 2943 1744 2983 crit.
1775 2943 1819 2982 in

283 3007 409 3047 Lucil.
435 3021 473 3057 p.
503 3008 586 3046 164
614 3007 666 3046 ad
694 3006 843 3045 librum
867 3006 888 3045 I
917 3005 1078 3044 rettulit
1109 3018 1198 3044 cum
1230 3004 1391 3044 Seruius
1429 3005 1614 3052 antiquus
1650 3002 1819 3054 explicet
