2060 3444
294 251 382 294 330
841 251 942 286 XXX
968 263 1003 286 u.
1033 254 1278 288 1029-1031.

292 378 343 404 an
387 365 560 414 aliquem
604 377 650 403 ex
695 377 791 415 agro
829 363 997 403 Veiente
1039 364 1249 403 nominem.
1317 364 1478 404 Etenim
1521 365 1618 404 haec
1659 365 1827 405 conficta

293 424 464 463 arbitror
494 436 577 463 esse
610 437 634 462 a
662 425 803 475 poetis,
834 426 880 462 ut
905 423 1055 463 effictos
1081 425 1236 463 nostros
1261 437 1390 463 mores
1414 425 1456 463 in
1482 424 1622 464 alienis
1646 426 1825 476 personis

293 496 595 535 expressamque
625 483 841 535 imaginem
872 484 981 524 uitae
1007 483 1248 523 cottidianae
1274 481 1526 534 uideremus',
1556 484 1661 523 idem
1689 485 1827 525 auctor

293 544 339 583 de
366 543 537 583 comoed.
565 538 620 596 (p.
649 545 717 592 23,
746 545 798 582 14
814 538 1032 597 Wessneri)
1061 540 1269 593 ‘aiuntque
1295 537 1451 597 (aitque
1475 545 1539 583 uel
1564 545 1684 594 atque
1710 545 1806 584 codd

292 616 375 643 esse
407 603 651 643 comoediam
677 603 899 642 cotidianae
928 603 1035 642 uitae
1062 600 1296 654 speculum'.
1347 603 1460 650 Quod
1485 603 1590 643 idem
1615 599 1672 658 (p.
1696 604 1762 654 15,
1779 540 1826 659 23

291 663 416 703 tradit
445 663 665 702 Homerum
691 660 918 713 ‘Odyssiam
944 663 996 702 ad
1020 663 1236 714 imaginem
1262 663 1487 703 comoediae
1513 660 1681 713 fecisse’‚
1711 665 1754 705 in
1780 677 1826 704 ea

280 737 334 777 're
353 724 537 775 congruit
556 735 646 762 cum
666 722 946 762 Alcidamante
965 736 1084 773 quem
1104 724 1245 762 auctor
1263 724 1324 762 est
1342 722 1580 763 Aristoteles
1598 724 1698 762 rhet.
1718 723 1781 763 ΠΙ
1799 725 1825 763 3

291 797 329 834 p.
359 783 471 822 1406
492 783 518 822 b
541 783 593 822 12
633 783 856 833 appellasse
892 781 965 834 τὴν
999 777 1228 822 Ὀδύσσειαν
1264 780 1387 822 καλὸν
1430 780 1691 835 ἀνθρωπίνου
1733 783 1826 836 βίον

291 842 510 894 κάτοπτρον
536 837 650 896 (conf
669 842 839 893 Lycurg.
865 842 999 882 Leocr.
1023 837 1138 896 102).
1184 842 1379 881 Similiter
1405 844 1584 882 auctores
1608 843 1824 894 prolegom.

293 903 340 941 de
366 901 537 942 comoed.
564 901 705 941 Graeci
731 915 792 953 ap.
812 901 1039 941 Kaibelium
1061 901 1158 941 CGF
1177 902 1198 941 I
1220 904 1241 941 1
1271 916 1308 953 p.
1333 903 1398 952 11,
1422 903 1474 941 17
1501 901 1703 958 Κωμῳδία
1722 899 1826 942 ἐστὶν

292 959 317 1013 ἡ
348 960 392 1001 ἐν
423 960 526 1016 μέσῳ
559 964 656 1000 λαοῦ
687 961 900 1015 κατηγορία
928 993 935 1001 .
988 959 1100 1001 ,ἔστι
1132 958 1174 1001 δὲ
1205 956 1310 1010 εἶδος
1340 960 1559 1014 ποιήματος
1596 960 1639 1002 ἐν
1676 961 1827 1014 κώμαις

290 1020 406 1060 κατὰ
437 1019 516 1060 τὸν
546 1021 653 1073 βίον
685 1016 891 1076 ᾀδόμενον.
937 1019 1013 1060 Διὰ
1045 1027 1158 1061 τοῦτο
1190 1019 1256 1060 καὶ
1282 1018 1503 1074 ‘sscmumbg’
1530 1019 1690 1074 λέγεται,
1714 1036 1824 1062 τουτ-

291 1079 394 1120 έστιν
431 1080 608 1133 ἱλαρῶς.
674 1078 742 1132 ,ἢ
782 1078 1002 1133 “βιωτικῶς’
1043 1079 1158 1120 κατὰ
1201 1080 1402 1132 μίμησιν
1444 1086 1528 1120 τοῦ
1571 1081 1699 1133 βίου,
1743 1083 1827 1121 κτλ.

291 1141 444 1179 Ibidem
467 1154 505 1191 p.
536 1142 602 1190 17,
630 1111 654 1179 3
694 1139 773 1179 ἔστι
811 1138 852 1179 δὲ
890 1140 1077 1197 κωμῳδία
1115 1140 1277 1192 μίμησις
1319 1140 1527 1192 πράξεως.
1580 1139 1824 1193 ,συστατική

291 1205 374 1239 τοῦ
406 1199 515 1252 βίου
548 1195 661 1254 (conf
681 1213 719 1250 p.
749 1201 802 1239 14
823 1200 848 1238 b
870 1195 958 1254 48),
989 1198 1055 1239 διὰ
1091 1198 1256 1253 γέλωτος
1292 1198 1358 1239 καὶ
1396 1196 1547 1252 ἡδονῆς
1584 1198 1823 1253 τυπουμένη.

291 1257 482 1312 Διαφέρει
513 1257 555 1298 δὲ
586 1259 782 1316 τραγῳδία
813 1259 1023 1315 κωμῳδίας
1054 1258 1112 1299 ὅτι
1143 1257 1168 1311 ἡ
1200 1257 1272 1311 μὲν
1302 1259 1499 1316 τραγῳδία
1526 1275 1645 1311 ..η
1677 1257 1719 1299 δὲ
1751 1274 1825 1300 κω-

292 1319 421 1375 μῳδία
451 1318 698 1370 πλάσματα
729 1317 892 1371 περιέχει
923 1319 1158 1371 βιωτικῶν
1189 1318 1486 1373 πραγματων.
1550 1318 1700 1366 Quibus
1732 1320 1825 1359 addi

290 1381 458 1429 possunt
506 1379 625 1418 multi
674 1379 744 1418 alii
793 1379 872 1418 loci
920 1379 1049 1418 ueluti
1099 1378 1236 1418 edocet
1277 1379 1464 1419 metricus
1509 1392 1571 1430 ap.
1609 1379 1823 1430 Hephaest.

291 1452 328 1488 p.
358 1440 424 1488 19,
454 1441 503 1477 17
522 1438 699 1489 Westph.
732 1438 780 1477 de
813 1440 971 1479 comicis
1002 1437 1071 1478 τὸν
1101 1437 1174 1491 γὰρ
1206 1438 1296 1491 βίον
1334 1433 1443 1478 οὗτοι
1480 1437 1716 1491 μιμούμενοι
1752 1437 1822 1479 θέ-

290 1501 402 1537 λουσι
428 1498 558 1537 δοκεῖν
585 1496 870 1549 διαλελυμένως
895 1496 1158 1551 διαλέγεσθαι,
1189 1500 1309 1549 poeta
1339 1498 1409 1537 ΑΡ
1433 1498 1490 1537 ΙΧ
1517 1499 1601 1538 504
1634 1498 1683 1538 de
1708 1499 1825 1538 Musa

290 1558 516 1597 comoediae
554 1557 729 1609 κωμικὸν
767 1552 854 1611 εὗρε
896 1557 1038 1598 Θάλεια
1075 1557 1165 1610 βίον
1202 1556 1268 1597 καὶ
1308 1555 1414 1609 ἤθεα
1450 1557 1588 1609 κεδνά,
1633 1558 1826 1598 accedunt

290 1616 521 1656 testimonia
553 1618 600 1656 de
625 1617 833 1656 Menandri
864 1619 949 1656 arte
981 1630 1085 1668 quae
1116 1617 1274 1657 exhibet
1299 1617 1556 1669 Spaldingius
1582 1618 1633 1657 ad
1659 1617 1823 1664 Quintil.

290 1677 326 1715 X
355 1679 391 1726 1,
419 1678 472 1716 69
507 1672 662 1730 (Manil.
690 1677 726 1714 V
753 1677 837 1715 477
872 1676 1033 1728 Syriani
1063 1679 1106 1716 in
1136 1677 1323 1729 Hermog.
1356 1679 1562 1716 comment.
1588 1671 1630 1716 II
1648 1691 1686 1728 p.
1708 1679 1776 1727 23,
1797 1679 1821 1717 6

291 1737 415 1776 Rabei
451 1737 623 1775 Nauckii
660 1736 862 1786 Aristoph.
895 1737 1061 1787 Byzant
1093 1737 1234 1787 reliqu.
1267 1750 1304 1787 p.
1334 1732 1450 1791 249).
1483 1758 1540 1764 -
1571 1739 1714 1786 species
1751 1750 1823 1788 pro

291 1796 503 1836 simulacro
546 1797 682 1847 posuit
727 1795 861 1836 Cicero
905 1798 1024 1847 poeta
1067 1797 1115 1835 de
1162 1797 1308 1836 consul.
1353 1809 1424 1836 suo
1464 1798 1507 1845 3,
1535 1798 1587 1836 56
1610 1797 1822 1836 Baehrens.

292 1853 446 1894 ‘sancta
476 1856 584 1895 Iouis
616 1852 779 1906 species’
815 1857 870 1894 60
904 1853 1015 1895 ‘haec
1046 1856 1206 1895 tardata
1238 1856 1305 1894 diu
1337 1853 1513 1906 species'·
1546 1856 1593 1895 de
1621 1856 1823 1896 comoedia

289 1916 331 1953 in
363 1915 499 1954 eadem
527 1928 647 1965 quam
672 1927 826 1965 semper
849 1916 924 1954 hoc
947 1915 1093 1954 Lucilii
1117 1916 1220 1955 libro
1246 1915 1476 1955 adhibemus
1502 1917 1639 1955 satura
1662 1916 1823 1955 Horatii

291 1976 426 2025 agitur
450 1975 470 2013 I
497 1976 536 2023 4,
562 1975 616 2013 45
633 1987 740 2024 seqq.
810 1973 978 2025 Scripsit
1020 1975 1146 2026 igitur
1187 1975 1366 2014 Lucilius
1408 1975 1511 2014 hanc
1548 1977 1727 2014 saturam
1772 1976 1822 2015 ad

290 2035 452 2084 poetam
483 2034 681 2084 quendam
712 2035 920 2072 comicum:
954 2035 1043 2084 quis
1074 2034 1196 2073 fuerit
1220 2034 1400 2073 diuinare
1426 2046 1587 2084 nequeo.
1640 2034 1716 2074 Sed
1740 2037 1821 2074 iam

289 2093 539 2145 intellegitur
587 2105 664 2142 quo
709 2095 869 2132 auctore
911 2093 1101 2132 Horatius
1133 2094 1158 2132 1.
1191 2106 1219 2132 s.
1265 2093 1575 2144 disputationem
1618 2093 1731 2132 illam
1774 2095 1822 2134 de

291 2152 495 2191 comoedia
519 2152 731 2191 inseruerit
754 2152 824 2191 illo
850 2153 937 2192 loco
961 2158 1114 2203 parum
1130 2154 1277 2203 aptam,
1303 2153 1408 2204 apud
1433 2153 1634 2192 Lucilium
1658 2156 1822 2205 propter

293 2213 376 2251 eius
409 2212 460 2250 ad
491 2225 608 2262 quem
639 2213 799 2261 scripsit
827 2224 1037 2262 personam
1069 2213 1327 2263 aptissimam.

413 2266 555 2311 1030.
581 2272 734 2310 Nonius
758 2285 796 2322 p.
818 2272 916 2320 505,
937 2274 992 2311 20
1020 2269 1172 2312 ‘Nolito
1196 2285 1269 2323 pro
1289 2273 1383 2311 noli.
1425 2272 1605 2312 Lucilius
1624 2271 1692 2311 lib.
1712 2273 1821 2312 XXX

292 2327 449 2370 “nolito
477 2362 484 2369 .
507 2362 514 2369 .
537 2362 543 2368 .
569 2327 770 2381 putare''.'
821 2331 954 2370 Verba
984 2333 1077 2371 sunt
1100 2332 1248 2371 Lucilii
1273 2332 1323 2371 ad
1349 2332 1631 2372 aduersarium.
1679 2332 1819 2372 Horat.

290 2403 403 2429 serm.
429 2391 450 2428 I
475 2391 514 2439 4,
542 2391 595 2429 65
631 2387 802 2436 ‘Sulcius
834 2403 923 2430 acer
953 2391 1132 2430 ambulat
1157 2394 1197 2431 et
1223 2391 1400 2443 Caprius,
1431 2393 1545 2431 rauci
1567 2391 1683 2442 male,
1714 2405 1820 2431 cum-

290 2463 365 2500 que
396 2450 560 2498 libellis,
597 2462 765 2500 magnus
802 2452 969 2500 uterque
999 2451 1120 2490 timor
1150 2451 1382 2490 latronibus.
1445 2453 1489 2490 at
1523 2451 1624 2491 bene
1660 2452 1694 2491 si
1731 2451 1819 2502 quis

290 2511 330 2547 et
360 2510 476 2548 uiuat
505 2509 614 2559 puris
645 2509 846 2561 manibus,
885 2511 1111 2549 contemnat
1141 2512 1365 2561 utrumque.
1426 2512 1472 2550 ut
1503 2511 1557 2550 sis
1593 2512 1640 2550 tu
1676 2511 1818 2550 similis

291 2568 401 2608 Caeli
437 2568 623 2618 Birrique
660 2569 878 2619 latronum,
915 2581 995 2608 non
1032 2582 1104 2621 ego
1141 2569 1216 2609 sim
1255 2569 1374 2620 Capri
1415 2583 1542 2620 neque
1581 2570 1706 2609 Sulci:
1750 2583 1820 2610 cur

219 2632 225 2636 '
290 2630 442 2667 metuas
474 2625 578 2667 me'P'

411 2682 552 2727 1031.
585 2687 725 2726 Festus
757 2687 973 2727 secundum
1003 2688 1166 2728 schedas
1191 2688 1338 2740 Angeli
1362 2689 1552 2728 Politiani
1582 2703 1619 2740 p.
1642 2689 1815 2738 359,13

290 2747 329 2784 et
362 2747 509 2786 Paulus
540 2761 578 2797 p.
606 2747 690 2786 358
731 2744 883 2799 ‘Tagax
921 2741 1052 2800 (tayas
1070 2742 1218 2821 ePolit.)
1257 2749 1507 2798 furunculus,
1544 2761 1568 2786 a
1604 2748 1815 2800 tangendo.

289 2806 400 2845 cuius
432 2806 616 2845 uocabuli
640 2805 820 2846 Lucilius
845 2807 1037 2856 meminit,
1070 2804 1143 2846 “et
1166 2810 1355 2847 massionis
1382 2803 1458 2862 (ita
1482 2807 1617 2847 Polit.:
1647 2809 1817 2847 mutonis
1857 2850 1859 2853 ,

287 2865 356 2903 rel.
388 2867 571 2904 muttonis
606 2865 648 2903 in
685 2866 810 2905 Paulo
848 2866 974 2905 edidit
1010 2861 1363 2920 Thewrewkius).
1427 2869 1647 2919 ‚tagacem
1684 2861 1816 2920 (tayen

288 2919 485 2977 Polit.'’.')
547 2925 701 2963 Nonius
731 2939 770 2975 p.
797 2927 895 2977 408,
923 2927 975 2964 31
1018 2923 1213 2977 ‘Tangere
1256 2928 1378 2965 etiam
1421 2926 1713 2966 circumuenire.
1746 2957 1754 2965 .
1776 2957 1813 2965 ..

288 2982 467 3022 Lucilius
491 2984 559 3022 lib.
584 2982 737 3023 XXX‘
743 2981 799 3023 ‘et
834 2987 1028 3025 masconis
1063 2998 1186 3026 vmama
1222 2986 1462 3037 perscribere
1490 2987 1624 3035 posset
1657 2997 1815 3035 ayacem
