2060 3444
294 255 380 298 306
722 250 876 287 XXVIII
901 251 968 286 aut
991 247 1111 285 XXIX
1133 261 1170 285 u.
1197 236 1396 285 928—933.

414 362 526 406 928.
557 365 710 404 Nonius
736 378 773 414 p.
801 365 898 414 463,
927 364 951 402 8
987 360 1203 413 ‘Pi-opitios
1240 364 1281 401 et
1316 362 1495 401 homines
1532 361 1714 412 placatos
1752 360 1833 400 dici
1868 374 1869 377 ¹

294 428 477 465 uetustas
508 425 651 464 uoluit.
685 424 770 462 XX
779 421 907 463 VII‘
914 420 971 462 ‘in
1001 424 1115 462 uenis
1143 424 1330 461 ..sunt
1353 423 1397 461 ui
1429 417 1506 476 (ita
1536 420 1759 460 Leidensis:
1789 420 1833 459 di

297 480 516 539 Guelferb.)
548 485 696 523 diutius
727 485 860 523 eadem
888 495 971 522 una
999 514 1006 521 .
1029 514 1036 521 .
1059 514 1066 521 .
1093 454 1301 521 sententia.
1351 494 1444 520 nam
1470 494 1559 520 cum
1583 480 1833 532 benignitate

295 546 454 585 sollicito
485 540 750 593 propositos&
819 543 1028 582 Terentius
1066 543 1109 580 in
1146 541 1340 592 Adelphis
1372 535 1520 595 (31)‘
1527 538 1663 591 ‘quam
1699 541 1748 578 ut
1785 552 1833 579 ea

297 618 397 655 quae
434 606 619 654 parentes
656 600 836 653 propitii’
843 599 882 641 '.'
944 602 1092 641 Lucilii
1128 614 1271 641 nomen
1308 602 1414 640 recte
1452 600 1607 639 addunt
1650 599 1832 639 editores.

298 664 575 715 Septenarium
607 663 767 713 qualem
798 663 1037 701 constituere
1071 659 1127 700 ‘in
1157 661 1272 700 bonis
1303 673 1422 711 porro
1455 662 1515 699 est
1544 659 1642 698 uiris
1674 660 1709 698 si
1738 659 1835 698 irati

298 738 365 763 seu
398 725 463 762 cui
493 720 673 774 propitii'
706 723 859 761 malum
890 735 986 772 esse,
1021 722 1132 760 cuius
1164 733 1348 760 caesurae
1381 720 1583 759 offendant
1613 731 1742 769 aures,
1773 719 1831 757 in-

297 784 452 823 tellexit
487 783 783 832 Lachmannus,
822 782 890 832 qui
925 782 1011 820 iure
1049 782 1224 820 senarios
1269 781 1514 820 restitueret:
1557 779 1664 818 idem
1702 778 1835 817 minus

259 874 261 876 .
297 844 395 882 bene
429 843 533 893 quod
565 842 692 881 Aldus
720 855 793 882 suo
824 843 911 881 loco
943 841 1177 880 restituerat
1205 843 1250 879 ut
1279 840 1448 879 inseruit
1471 840 1564 890 post
1590 839 1735 878 eadem.
1777 837 1836 877 De

300 904 432 943 eadem
467 915 551 941 una
586 902 719 941 uerbis
765 901 883 941 sicuti
933 901 999 939 lib.
1026 901 1157 939 XXIX
1182 914 1219 938 u.
1247 901 1330 939 887
1378 899 1598 938 coniunctis
1648 898 1742 938 conf
1787 896 1838 936 ad

299 964 366 1001 lib.
391 963 465 1001 XX
490 976 526 1000 u.
556 963 641 1002 570
678 962 759 1000 Leo
803 962 854 1000 ad
895 961 1028 999 Plaut.
1066 961 1184 999 Poen.
1214 961 1339 999 1340.
1413 958 1547 997 Verba
1590 954 1698 997 ‘nam
1747 970 1836 996 cum

299 1022 547 1074 benignitate
584 1021 756 1060 sollicito
792 1017 1032 1071 propositos'
1072 1020 1132 1059 ita
1169 1019 1380 1059 constituit
1410 1018 1687 1057 Lachmannus
1730 1014 1838 1055 ‘nam

301 1096 391 1121 cum
420 1081 669 1133 benignitate
702 1081 821 1120 solita
852 1076 1077 1132 propitios’,
1109 1079 1267 1118 dubitat
1297 1081 1433 1118 tamen
1457 1092 1552 1117 num
1578 1077 1723 1116 Lucilii
1748 1077 1839 1116 sint.

300 1142 357 1180 At
394 1141 653 1192 benignitatis
690 1141 840 1179 mentio
877 1140 976 1179 bene
1014 1140 1198 1191 congruit
1235 1152 1324 1178 cum
1362 1139 1561 1177 adiectiuo
1591 1137 1756 1187 propitii
1799 1137 1840 1175 et

302 1202 506 1241 exordium
539 1200 683 1239 senarii
715 1213 857 1239 sanum
888 1212 971 1238 esse
1002 1199 1171 1238 uidetur.
1222 1199 1310 1237 Viri
1340 1198 1435 1237 boni
1463 1211 1542 1237 non
1568 1196 1748 1236 celeriter
1772 1195 1840 1234 uel

301 1263 403 1300 iram
441 1262 597 1311 ponunt
634 1261 699 1299 uel
735 1260 1070 1308 beneuolentiam,
1115 1258 1183 1298 sed
1221 1258 1291 1297 diu
1327 1259 1491 1297 manent
1527 1257 1594 1296 uel
1635 1256 1732 1295 irati
1774 1255 1840 1294 uel

303 1321 500 1360 beneuoli.
567 1320 673 1358 Nam
710 1332 790 1358 una
827 1332 917 1358 cum
953 1319 1199 1370 benignitate
1236 1318 1358 1357 insita
1396 1330 1476 1368 qua
1516 1317 1658 1356 fauent
1700 1315 1839 1354 amicis

306 1381 505 1431 propositi
536 1381 629 1418 sunt
659 1379 828 1418 sollicite
859 1381 1018 1418 tenaces
1042 1379 1102 1417 ita
1126 1380 1172 1417 ut
1199 1378 1370 1417 inimicis
1396 1376 1579 1415 dubitent
1603 1376 1682 1415 cito
1706 1387 1841 1415 recon-

306 1441 446 1479 ciliari.
509 1438 658 1490 Scripsi
688 1439 816 1490 igitur
848 1436 905 1477 ‘in
935 1438 1049 1477 bonis
1081 1450 1199 1488 porro
1238 1439 1297 1476 est
1333 1436 1431 1476 uiris
1469 1436 1503 1475 si
1538 1435 1633 1475 irati
1670 1448 1740 1475 seu
1777 1435 1843 1474 cui

309 1499 478 1550 propitii
521 1501 615 1538 sunt
648 1501 694 1537 ut
730 1498 799 1537 diu
836 1498 972 1537 eadem
1009 1495 1085 1549 <de
1125 1494 1280 1548 codem>
1319 1510 1400 1535 una
1442 1497 1631 1535 maneant
1671 1497 1715 1534 in
1757 1507 1843 1534 sen-

306 1556 460 1599 tentia’.
511 1559 681 1609 Reliqua
711 1559 874 1597 incerta.
924 1559 1088 1596 Diutius
1119 1556 1417 1608 comparatiuus
1451 1558 1585 1606 aperte
1617 1557 1658 1594 et
1681 1555 1842 1605 ineptus

306 1622 347 1659 et
378 1620 596 1668 corruptus.
623 1640 681 1644 -—
699 1619 864 1667 propitii
895 1617 1053 1668 proprie
1085 1617 1132 1656 de
1165 1617 1225 1656 dis
1257 1617 1403 1655 dieitur
1427 1617 1577 1666 passim
1602 1614 1723 1654 sicuti
1745 1615 1842 1653 irati

306 1679 401 1717 Hor.
428 1691 541 1717 serm.
567 1678 609 1716 II
635 1680 674 1727 3,
701 1680 745 1727 8,
781 1678 855 1717 hoc
886 1678 973 1716 loco
1011 1677 1059 1716 de
1096 1676 1322 1716 hominibus
1358 1675 1438 1714 dici
1468 1675 1622 1714 Nonius
1658 1675 1841 1713 testatur.

307 1739 361 1776 Et
389 1738 455 1776 hic
486 1739 527 1777 et
556 1739 693 1776 incert.
720 1751 757 1776 u.
786 1738 898 1776 1233
931 1737 1109 1775 Lucilius
1149 1736 1364 1775 secundum
1402 1735 1614 1774 cottidiani
1650 1733 1843 1773 sermonis

308 1797 632 1837 consuetudinem
664 1797 824 1847 scripsit
854 1797 977 1835 bonus
1007 1798 1072 1835 uir
1102 1809 1182 1836 non
1213 1798 1279 1835 uir
1310 1797 1432 1835 bonus
1463 1795 1582 1834 sicuti
1615 1794 1711 1833 fecit
1743 1793 1842 1833 Cato

309 1859 381 1896 alii
412 1870 503 1896 cum
538 1870 610 1907 per
645 1858 816 1895 metrum
852 1858 1066 1906 utrumque
1103 1856 1281 1905 potuerit
1316 1867 1481 1906 ponere:
1519 1854 1685 1893 eandem
1722 1853 1842 1892 collo-

309 1918 506 1956 cationem
535 1916 728 1966 praebent
758 1915 925 1954 Plautus
957 1917 997 1953 et
1022 1915 1230 1954 Terentius
1261 1915 1303 1953 in
1334 1914 1601 1953 locutionibus
1631 1912 1842 1952 familiaris

310 1977 502 2015 sermonis
527 1975 657 2013 ueluti
682 1972 797 2013 ‘bone
823 1975 888 2013 uir
912 1971 1037 2014 salue'
1066 1974 1180 2024 Capt.
1203 1975 1287 2013 954
1313 1974 1453 2013 Pseud.
1483 1974 1595 2012 1145
1622 1973 1728 2012 Pers.
1757 1973 1843 2011 789

313 2035 398 2074 Cas
421 2035 503 2073 725
533 2034 643 2073 Ouio.
665 2035 750 2073 610
776 2034 859 2072 Mil
881 2035 966 2073 364
989 2034 1175 2072 Bacchid.
1200 2035 1281 2073 775
1302 2033 1426 2072 Andr.
1448 2034 1531 2072 846
1552 2032 1722 2083 Adelph.
1742 2032 1843 2071 476.

314 2095 397 2133 556
432 2094 531 2132 Ειιιι.
559 2095 656 2133 660.

431 2148 542 2193 933.
574 2153 756 2191 Donatus
783 2152 832 2190 ad
858 2153 1036 2191 Terentii
1059 2153 1339 2192 Phormionem
1361 2152 1421 2191 IV
1448 2153 1486 2202 3,
1513 2153 1537 2190 9
1571 2147 1634 2190 Id
1657 2163 1746 2190 cum
1770 2151 1845 2190 hoc

313 2213 478 2264 agebam
510 2209 785 2251 commodum’.
837 2209 1113 2261 commodum,
1142 2214 1303 2252 tantum
1335 2208 1469 2262 quod'.
1518 2211 1696 2250 Lucilius
1733 2207 1847 2249 ‘mihi

314 2272 563 2311 commodum
589 2274 643 2311 est
667 2274 736 2311 aut
759 2273 855 2311 dare
879 2274 1141 2321 uestimentor3
1168 2267 1513 2326 (uestimentotum
1535 2265 1585 2324 Ο)
1609 2266 1846 2319 posueram'.

313 2332 377 2370 Ita
409 2331 519 2381 codd,
550 2331 628 2370 nisi
653 2331 758 2381 quod
782 2331 819 2368 V
844 2331 965 2370 habet
990 2329 1068 2371 est
1098 2334 1169 2370 aut
1199 2332 1284 2370 ulla
1308 2332 1549 2370 uestimenta
1573 2326 1841 2381 reposueram'

316 2405 361 2430 ex
392 2391 548 2429 librarii
578 2391 814 2430 coniectura.
865 2390 1050 2430 Senarios
1080 2393 1186 2430 recte
1213 2391 1421 2430 constituit
1445 2390 1723 2430 Lachmannus
1749 2402 1847 2440 quo-

314 2465 403 2489 rum
432 2451 475 2488 in
505 2450 638 2500 priore
669 2451 908 2489 commodum
937 2452 980 2489 in
1012 2451 1120 2490 exitu
1156 2463 1294 2491 uersus
1331 2451 1509 2501 positum
1547 2450 1667 2489 fuisse
1703 2449 1847 2500 proba-

315 2510 394 2549 bile
426 2512 486 2549 est
517 2510 772 2560 sicuti-apud
803 2511 959 2549 Terent.
984 2511 1010 2548 l.
1036 2523 1065 2549 s.
1093 2523 1121 2549 s.
1147 2511 1278 2549 Plaut.
1305 2509 1405 2548 Rud.
1435 2511 1518 2549 519
1547 2509 1634 2549 Cas.
1662 2509 1766 2559 593,
1803 2509 1846 2547 in

315 2570 533 2620 posteriore
558 2570 989 2620 plusquamperfectum
1006 2582 1221 2618 posueram
1245 2570 1358 2609 cuius
1382 2570 1534 2608 formae
1554 2569 1682 2608 exitus
1701 2568 1848 2608 senarii

316 2629 501 2679 proprius
545 2631 631 2668 erat
678 2629 788 2668 locus
832 2624 1011 2682 (Brixius
1061 2630 1112 2668 ad
1149 2630 1278 2668 Plaut.
1312 2629 1424 2680 capt.
1454 2624 1540 2683 17).
1614 2629 1848 2679 Plusquam-

316 2688 536 2738 perfectum
567 2701 656 2726 cum
687 2690 926 2728 commodum
957 2689 1144 2728 aduerbio
1176 2691 1340 2740 ponitur
1371 2689 1450 2728 Cic.
1477 2689 1527 2727 ad
1551 2687 1637 2727 Att.
1663 2688 1700 2726 X
1727 2688 1794 2737 16,
1823 2690 1844 2726 1

319 2745 582 2786 ‘commodum
614 2747 664 2786 ad
694 2750 734 2786 te
766 2747 952 2787 dederam
975 2745 1149 2787 litteras'
1173 2749 1272 2787 ΧΙΠ
1299 2750 1337 2798 9,
1365 2751 1386 2787 1
1417 2745 1682 2787 ‘commodum
1706 2746 1850 2786 disces-

319 2820 424 2846 seras
449 2804 551 2846 heri'
577 2808 646 2857 30,
673 2810 694 2846 1
731 2804 996 2847 ‘commodum
1021 2807 1071 2846 ad
1095 2810 1136 2847 te
1161 2808 1349 2847 miseram
1373 2804 1578 2847 Demean'.
1627 2807 1851 2846 Perfectum

312 2868 447 2915 posiui
464 2866 643 2905 Lucilius
668 2867 895 2906 adhibuisse
920 2880 1000 2906 non
1019 2868 1189 2906 uidetur.
1233 2867 1375 2918 Itaque
1400 2869 1627 2907 uestimenta
1638 2878 1852 2916 posueram

320 2926 466 2964 senarii
497 2928 583 2965 erat
612 2939 705 2976 pars
742 2929 834 2976 post
869 2940 1091 2977 caesuram,
1130 2924 1256 2966 ‘ueste
1292 2924 1440 2978 posita'
1475 2926 1553 2966 cio.
1579 2927 1692 2965 Tusa.
1718 2926 1738 2965 1
1767 2927 1849 2965 113

321 2982 590 3034 ‘tunicamque
626 2983 809 3036 poneret'
834 2986 870 3023 V
898 2988 953 3025 60
998 2984 1213 3026 ‘uelamina
1254 2983 1385 3037 ponit'
1423 2985 1537 3025 Ouid.
1564 2999 1599 3025 a.
1626 2999 1660 3025 a.
1685 2985 1728 3024 H
1754 2986 1850 3025 613.

320 3045 416 3083 dare
445 3046 551 3083 recte
582 3045 777 3083 traditum
807 3045 981 3084 uidetur:
1014 3047 1108 3085 conf
1135 3046 1185 3085 ad
1216 3046 1284 3085 lib.
1309 3046 1441 3085 XXIX
1465 3059 1502 3084 u.
1530 3046 1628 3085 868.
