<?xml version="1.0" encoding="UTF-8"?>
<!DOCTYPE html PUBLIC "-//W3C//DTD XHTML 1.0 Transitional//EN"
    "http://www.w3.org/TR/xhtml1/DTD/xhtml1-transitional.dtd">
<html xmlns="http://www.w3.org/1999/xhtml" xml:lang="en" lang="en">
 <head>
  <title>
</title>
<meta http-equiv="Content-Type" content="text/html;charset=utf-8" />
  <meta name='ocr-system' content='tesseract 3.04.00' />
  <meta name='ocr-capabilities' content='ocr_page ocr_carea ocr_par ocr_line ocrx_word'/>
</head>
<body>
  <div class='ocr_page' id='page_1' title='image "./carminumreliquia02luciuoft_0311.png"; bbox 0 0 2060 3444; ppageno 0'>
   <div class='ocr_carea' id='block_1_1' title="bbox 830 245 1828 292">
    <p class='ocr_par' dir='ltr' id='par_1_1' title="bbox 830 245 1828 292">
     <span class='ocr_line' id='line_1_1' title="bbox 830 245 1828 292; baseline -0.004 -4"><span class='ocrx_word' id='word_1_1' title='bbox 830 250 984 288; x_wconf 84' lang='lat' dir='ltr'>XXVIII</span> <span class='ocrx_word' id='word_1_2' title='bbox 1009 263 1044 287; x_wconf 90' lang='lat' dir='ltr'><strong>u.</strong></span> <span class='ocrx_word' id='word_1_3' title='bbox 1074 253 1274 287; x_wconf 79' lang='lat'><strong>794-796.</strong></span> <span class='ocrx_word' id='word_1_4' title='bbox 1741 245 1828 292; x_wconf 77' lang='grc'><strong>279</strong></span> 
     </span>
    </p>
   </div>
   <div class='ocr_carea' id='block_1_2' title="bbox 244 363 1829 3067">
    <p class='ocr_par' dir='ltr' id='par_1_2' title="bbox 244 363 1829 1564">
     <span class='ocr_line' id='line_1_2' title="bbox 279 363 1829 415; baseline -0.003 -8"><span class='ocrx_word' id='word_1_5' title='bbox 279 366 478 407; x_wconf 73' lang='lat' dir='ltr'><strong>desiderat</strong></span> <span class='ocrx_word' id='word_1_6' title='bbox 508 368 664 406; x_wconf 78' lang='lat' dir='ltr'><strong>statum.</strong></span> <span class='ocrx_word' id='word_1_7' title='bbox 729 365 890 406; x_wconf 84' lang='lat' dir='ltr'><strong>Corruit</strong></span> <span class='ocrx_word' id='word_1_8' title='bbox 921 366 1055 405; x_wconf 86' lang='lat' dir='ltr'><strong>autem</strong></span> <span class='ocrx_word' id='word_1_9' title='bbox 1088 366 1177 404; x_wconf 86' lang='lat' dir='ltr'><strong>tota</strong></span> <span class='ocrx_word' id='word_1_10' title='bbox 1210 364 1289 404; x_wconf 88' lang='lat' dir='ltr'><strong>ista</strong></span> <span class='ocrx_word' id='word_1_11' title='bbox 1326 365 1431 404; x_wconf 89' lang='lat' dir='ltr'><strong>ratio</strong></span> <span class='ocrx_word' id='word_1_12' title='bbox 1468 364 1537 403; x_wconf 89' lang='lat' dir='ltr'><strong>uel</strong></span> <span class='ocrx_word' id='word_1_13' title='bbox 1574 363 1682 413; x_wconf 87' lang='lat' dir='ltr'><strong>ideo,</strong></span> <span class='ocrx_word' id='word_1_14' title='bbox 1723 363 1829 415; x_wconf 90' lang='lat' dir='ltr'><strong>quod</strong></span> 
     </span>
     <span class='ocr_line' id='line_1_3' title="bbox 244 420 1827 479; baseline -0.003 -11"><span class='ocrx_word' id='word_1_15' title='bbox 244 453 246 455; x_wconf 31' lang='grc' dir='ltr'><strong>ν</strong></span> <span class='ocrx_word' id='word_1_16' title='bbox 277 429 406 468; x_wconf 67' lang='lat' dir='ltr'><strong>status</strong></span> <span class='ocrx_word' id='word_1_17' title='bbox 431 425 728 466; x_wconf 81' lang='lat' dir='ltr'><strong>substantiuum</strong></span> <span class='ocrx_word' id='word_1_18' title='bbox 754 420 870 479; x_wconf 87' lang='lat' dir='ltr'><strong>(conf</strong></span> <span class='ocrx_word' id='word_1_19' title='bbox 890 425 958 465; x_wconf 91' lang='lat' dir='ltr'><strong>lib.</strong></span> <span class='ocrx_word' id='word_1_20' title='bbox 986 425 1086 465; x_wconf 92' lang='lat' dir='ltr'>VIII</span> <span class='ocrx_word' id='word_1_21' title='bbox 1111 439 1148 464; x_wconf 91' lang='lat' dir='ltr'><strong>u.</strong></span> <span class='ocrx_word' id='word_1_22' title='bbox 1177 423 1282 479; x_wconf 90' lang='grc'>292)</span> <span class='ocrx_word' id='word_1_23' title='bbox 1315 438 1338 464; x_wconf 83' lang='lat' dir='ltr'><strong>a</strong></span> <span class='ocrx_word' id='word_1_24' title='bbox 1371 424 1566 476; x_wconf 86' lang='lat' dir='ltr'><strong>producta</strong></span> <span class='ocrx_word' id='word_1_25' title='bbox 1597 438 1712 464; x_wconf 90' lang='lat' dir='ltr'><strong>nemo</strong></span> <span class='ocrx_word' id='word_1_26' title='bbox 1738 437 1827 463; x_wconf 91' lang='lat' dir='ltr'><strong>um-</strong></span> 
     </span>
     <span class='ocr_line' id='line_1_4' title="bbox 277 479 1827 540; baseline -0.003 -12"><span class='ocrx_word' id='word_1_27' title='bbox 277 501 398 540; x_wconf 86' lang='lat' dir='ltr'><strong>quam</strong></span> <span class='ocrx_word' id='word_1_28' title='bbox 435 486 571 538; x_wconf 88' lang='lat' dir='ltr'><strong>posuit</strong></span> <span class='ocrx_word' id='word_1_29' title='bbox 607 486 726 526; x_wconf 92' lang='lat' dir='ltr'><strong>homo</strong></span> <span class='ocrx_word' id='word_1_30' title='bbox 764 486 932 525; x_wconf 88' lang='lat' dir='ltr'><strong>Latinus</strong></span> <span class='ocrx_word' id='word_1_31' title='bbox 971 485 1121 539; x_wconf 78' lang='lat' dir='ltr'><strong>(Plaut.</strong></span> <span class='ocrx_word' id='word_1_32' title='bbox 1149 485 1232 524; x_wconf 91' lang='lat' dir='ltr'><strong>Mil.</strong></span> <span class='ocrx_word' id='word_1_33' title='bbox 1264 486 1376 524; x_wconf 88' lang='grc'><strong>1389</strong></span> <span class='ocrx_word' id='word_1_34' title='bbox 1405 479 1656 539; x_wconf 84' lang='lat' dir='ltr'><strong>corruptus):</strong></span> <span class='ocrx_word' id='word_1_35' title='bbox 1700 498 1827 535; x_wconf 85' lang='lat' dir='ltr'><strong>neque</strong></span> 
     </span>
     <span class='ocr_line' id='line_1_5' title="bbox 277 545 1827 599; baseline -0.003 -11"><span class='ocrx_word' id='word_1_36' title='bbox 277 548 383 599; x_wconf 86' lang='lat' dir='ltr'><strong>quod</strong></span> <span class='ocrx_word' id='word_1_37' title='bbox 413 547 570 586; x_wconf 87' lang='lat' dir='ltr'><strong>Nonius</strong></span> <span class='ocrx_word' id='word_1_38' title='bbox 595 560 633 597; x_wconf 93' lang='lat' dir='ltr'><strong>p.</strong></span> <span class='ocrx_word' id='word_1_39' title='bbox 662 547 747 586; x_wconf 89' lang='lat'><strong>393</strong></span> <span class='ocrx_word' id='word_1_40' title='bbox 781 546 896 586; x_wconf 86' lang='lat' dir='ltr'><strong>docet</strong></span> <span class='ocrx_word' id='word_1_41' title='bbox 926 547 1059 585; x_wconf 60' lang='lat' dir='ltr'><strong>statim</strong></span> <span class='ocrx_word' id='word_1_42' title='bbox 1088 558 1112 585; x_wconf 88' lang='lat' dir='ltr'><strong>a</strong></span> <span class='ocrx_word' id='word_1_43' title='bbox 1138 545 1335 596; x_wconf 79' lang='lat' dir='ltr'><strong>producta</strong></span> <span class='ocrx_word' id='word_1_44' title='bbox 1361 545 1442 584; x_wconf 88' lang='lat' dir='ltr'><strong>dici</strong></span> <span class='ocrx_word' id='word_1_45' title='bbox 1467 557 1491 583; x_wconf 94' lang='lat' dir='ltr'><strong>a</strong></span> <span class='ocrx_word' id='word_1_46' title='bbox 1516 546 1718 584; x_wconf 87' lang='lat' dir='ltr'><strong>ueteribus</strong></span> <span class='ocrx_word' id='word_1_47' title='bbox 1744 545 1827 584; x_wconf 90' lang='lat' dir='ltr'><strong>ullo</strong></span> 
     </span>
     <span class='ocr_line' id='line_1_6' title="bbox 277 604 1827 659; baseline -0.003 -11"><span class='ocrx_word' id='word_1_48' title='bbox 277 609 389 648; x_wconf 85' lang='lat' dir='ltr'><strong>firmo</strong></span> <span class='ocrx_word' id='word_1_49' title='bbox 433 607 578 647; x_wconf 90' lang='lat' dir='ltr'><strong>nititur</strong></span> <span class='ocrx_word' id='word_1_50' title='bbox 618 608 864 659; x_wconf 82' lang='lat' dir='ltr'><strong>argumento.</strong></span> <span class='ocrx_word' id='word_1_51' title='bbox 937 606 997 645; x_wconf 86' lang='lat' dir='ltr'><strong>De</strong></span> <span class='ocrx_word' id='word_1_52' title='bbox 1041 608 1196 645; x_wconf 72' lang='grc' dir='ltr'><strong>είᾶΐανα</strong></span> <span class='ocrx_word' id='word_1_53' title='bbox 1241 605 1356 644; x_wconf 86' lang='lat' dir='ltr'><strong>credo</strong></span> <span class='ocrx_word' id='word_1_54' title='bbox 1402 604 1654 644; x_wconf 87' lang='lat' dir='ltr'><strong>Priscianum</strong></span> <span class='ocrx_word' id='word_1_55' title='bbox 1687 605 1759 645; x_wconf 88' lang='lat' dir='ltr'><strong>GL</strong></span> <span class='ocrx_word' id='word_1_56' title='bbox 1787 605 1827 644; x_wconf 90' lang='lat'><strong>11</strong></span> 
     </span>
     <span class='ocr_line' id='line_1_7' title="bbox 275 665 1827 720; baseline -0.002 -13"><span class='ocrx_word' id='word_1_57' title='bbox 275 683 312 720; x_wconf 90' lang='lat' dir='ltr'><strong>p.</strong></span> <span class='ocrx_word' id='word_1_58' title='bbox 342 669 439 717; x_wconf 86' lang='grc'>124,</span> <span class='ocrx_word' id='word_1_59' title='bbox 471 669 521 707; x_wconf 90' lang='grc'><strong>19</strong></span> <span class='ocrx_word' id='word_1_60' title='bbox 537 667 574 706; x_wconf 92' lang='grc' dir='ltr'><strong>Κ</strong></span> <span class='ocrx_word' id='word_1_61' title='bbox 604 669 712 706; x_wconf 88' lang='lat' dir='ltr'><strong>recte</strong></span> <span class='ocrx_word' id='word_1_62' title='bbox 746 667 897 707; x_wconf 88' lang='lat' dir='ltr'><strong>docere.</strong></span> <span class='ocrx_word' id='word_1_63' title='bbox 958 666 1102 717; x_wconf 84' lang='lat' dir='ltr'><strong>Itaque</strong></span> <span class='ocrx_word' id='word_1_64' title='bbox 1135 666 1259 705; x_wconf 86' lang='lat' dir='ltr'><strong>Nonii</strong></span> <span class='ocrx_word' id='word_1_65' title='bbox 1296 665 1421 706; x_wconf 88' lang='lat' dir='ltr'><strong>uerba</strong></span> <span class='ocrx_word' id='word_1_66' title='bbox 1459 665 1518 704; x_wconf 84' lang='lat' dir='ltr'><strong>ita</strong></span> <span class='ocrx_word' id='word_1_67' title='bbox 1556 665 1827 717; x_wconf 80' lang='lat' dir='ltr'><strong>relinquemus</strong></span> 
     </span>
     <span class='ocr_line' id='line_1_8' title="bbox 276 723 1827 779; baseline -0.003 -11"><span class='ocrx_word' id='word_1_68' title='bbox 276 729 489 769; x_wconf 86' lang='lat' dir='ltr'><strong>immutata</strong></span> <span class='ocrx_word' id='word_1_69' title='bbox 520 729 569 767; x_wconf 90' lang='lat' dir='ltr'><strong>ut</strong></span> <span class='ocrx_word' id='word_1_70' title='bbox 599 739 721 779; x_wconf 90' lang='lat' dir='ltr'><strong>supra</strong></span> <span class='ocrx_word' id='word_1_71' title='bbox 753 727 904 778; x_wconf 87' lang='lat' dir='ltr'><strong>scripta</strong></span> <span class='ocrx_word' id='word_1_72' title='bbox 936 728 1046 777; x_wconf 87' lang='lat' dir='ltr'><strong>sunt,</strong></span> <span class='ocrx_word' id='word_1_73' title='bbox 1084 725 1233 766; x_wconf 76' lang='lat' dir='ltr'>Lucilii</span> <span class='ocrx_word' id='word_1_74' title='bbox 1264 725 1389 765; x_wconf 85' lang='lat' dir='ltr'><strong>uerba</strong></span> <span class='ocrx_word' id='word_1_75' title='bbox 1424 723 1564 776; x_wconf 79' lang='lat' dir='ltr'><strong>‘quare</strong></span> <span class='ocrx_word' id='word_1_76' title='bbox 1600 739 1674 776; x_wconf 90' lang='lat' dir='ltr'><strong>pro</strong></span> <span class='ocrx_word' id='word_1_77' title='bbox 1712 726 1827 775; x_wconf 87' lang='lat' dir='ltr'><strong>facie,</strong></span> 
     </span>
     <span class='ocr_line' id='line_1_9' title="bbox 274 785 1828 840; baseline -0.002 -12"><span class='ocrx_word' id='word_1_78' title='bbox 274 802 347 840; x_wconf 88' lang='lat' dir='ltr'><strong>pro</strong></span> <span class='ocrx_word' id='word_1_79' title='bbox 379 790 535 829; x_wconf 86' lang='lat' dir='ltr'><strong>statura</strong></span> <span class='ocrx_word' id='word_1_80' title='bbox 565 785 727 828; x_wconf 91' lang='lat' dir='ltr'><strong>Accius&#39;</strong></span> <span class='ocrx_word' id='word_1_81' title='bbox 761 789 867 827; x_wconf 89' lang='lat' dir='ltr'><strong>recte</strong></span> <span class='ocrx_word' id='word_1_82' title='bbox 899 800 983 827; x_wconf 87' lang='lat' dir='ltr'><strong>esse</strong></span> <span class='ocrx_word' id='word_1_83' title='bbox 1008 787 1162 826; x_wconf 82' lang='lat' dir='ltr'><strong>tradita</strong></span> <span class='ocrx_word' id='word_1_84' title='bbox 1186 785 1464 826; x_wconf 86' lang='lat' dir='ltr'><strong>iudicabimus.</strong></span> <span class='ocrx_word' id='word_1_85' title='bbox 1510 785 1666 825; x_wconf 87' lang='lat' dir='ltr'><strong>Ludere</strong></span> <span class='ocrx_word' id='word_1_86' title='bbox 1693 788 1828 826; x_wconf 89' lang='lat' dir='ltr'><strong>autem</strong></span> 
     </span>
     <span class='ocr_line' id='line_1_10' title="bbox 275 847 1826 900; baseline -0.002 -12"><span class='ocrx_word' id='word_1_87' title='bbox 275 851 436 900; x_wconf 89' lang='lat' dir='ltr'><strong>poetam</strong></span> <span class='ocrx_word' id='word_1_88' title='bbox 467 849 509 887; x_wconf 90' lang='lat' dir='ltr'><strong>in</strong></span> <span class='ocrx_word' id='word_1_89' title='bbox 540 848 654 888; x_wconf 83' lang='lat' dir='ltr'><strong>Accii</strong></span> <span class='ocrx_word' id='word_1_90' title='bbox 683 848 847 888; x_wconf 87' lang='lat' dir='ltr'><strong>breuem</strong></span> <span class='ocrx_word' id='word_1_91' title='bbox 879 861 959 899; x_wconf 84' lang='lat' dir='ltr'><strong>qua</strong></span> <span class='ocrx_word' id='word_1_92' title='bbox 989 848 1070 886; x_wconf 87' lang='lat' dir='ltr'><strong>fuit</strong></span> <span class='ocrx_word' id='word_1_93' title='bbox 1100 849 1258 887; x_wconf 87' lang='lat' dir='ltr'><strong>statura</strong></span> <span class='ocrx_word' id='word_1_94' title='bbox 1290 847 1549 887; x_wconf 84' lang='lat' dir='ltr'><strong>manifestum</strong></span> <span class='ocrx_word' id='word_1_95' title='bbox 1589 848 1660 886; x_wconf 91' lang='lat' dir='ltr'><strong>est.</strong></span> <span class='ocrx_word' id='word_1_96' title='bbox 1723 847 1826 885; x_wconf 85' lang='lat' dir='ltr'><strong>Nam</strong></span> 
     </span>
     <span class='ocr_line' id='line_1_11' title="bbox 274 904 1825 958; baseline -0.002 -9"><span class='ocrx_word' id='word_1_97' title='bbox 274 910 376 949; x_wconf 89' lang='lat' dir='ltr'><strong>Plin.</strong></span> <span class='ocrx_word' id='word_1_98' title='bbox 402 911 483 948; x_wconf 86' lang='lat' dir='ltr'><strong>nat.</strong></span> <span class='ocrx_word' id='word_1_99' title='bbox 510 909 603 948; x_wconf 87' lang='lat' dir='ltr'><strong>hist.</strong></span> <span class='ocrx_word' id='word_1_100' title='bbox 628 908 798 948; x_wconf 85' lang='lat' dir='ltr'>XXXIV</span> <span class='ocrx_word' id='word_1_101' title='bbox 828 910 880 948; x_wconf 88' lang='grc'><strong>19</strong></span> <span class='ocrx_word' id='word_1_102' title='bbox 914 907 1041 948; x_wconf 84' lang='lat' dir='ltr'><strong>tradit</strong></span> <span class='ocrx_word' id='word_1_103' title='bbox 1074 904 1133 947; x_wconf 75' lang='lat' dir='ltr'><strong>‘L.</strong></span> <span class='ocrx_word' id='word_1_104' title='bbox 1154 907 1321 946; x_wconf 77' lang='lat' dir='ltr'><strong>Accium</strong></span> <span class='ocrx_word' id='word_1_105' title='bbox 1359 908 1522 958; x_wconf 88' lang='lat' dir='ltr'><strong>poetam</strong></span> <span class='ocrx_word' id='word_1_106' title='bbox 1559 907 1602 945; x_wconf 90' lang='lat' dir='ltr'><strong>in</strong></span> <span class='ocrx_word' id='word_1_107' title='bbox 1636 906 1825 946; x_wconf 80' lang='lat' dir='ltr'><strong>Camena-</strong></span> 
     </span>
     <span class='ocr_line' id='line_1_12' title="bbox 274 967 1826 1018; baseline -0.002 -9"><span class='ocrx_word' id='word_1_108' title='bbox 274 984 364 1009; x_wconf 88' lang='lat' dir='ltr'><strong>rum</strong></span> <span class='ocrx_word' id='word_1_109' title='bbox 397 969 492 1009; x_wconf 82' lang='lat' dir='ltr'><strong>aede</strong></span> <span class='ocrx_word' id='word_1_110' title='bbox 524 970 700 1009; x_wconf 85' lang='lat' dir='ltr'><strong>maxima</strong></span> <span class='ocrx_word' id='word_1_111' title='bbox 730 969 859 1008; x_wconf 88' lang='lat' dir='ltr'><strong>forma</strong></span> <span class='ocrx_word' id='word_1_112' title='bbox 892 970 1068 1008; x_wconf 84' lang='lat' dir='ltr'><strong>statuam</strong></span> <span class='ocrx_word' id='word_1_113' title='bbox 1106 967 1183 1007; x_wconf 88' lang='lat' dir='ltr'><strong>sibi</strong></span> <span class='ocrx_word' id='word_1_114' title='bbox 1221 967 1418 1018; x_wconf 82' lang='lat' dir='ltr'><strong>posuisse,</strong></span> <span class='ocrx_word' id='word_1_115' title='bbox 1457 980 1549 1006; x_wconf 92' lang='lat' dir='ltr'><strong>cum</strong></span> <span class='ocrx_word' id='word_1_116' title='bbox 1587 967 1721 1006; x_wconf 85' lang='lat' dir='ltr'><strong>breuis</strong></span> <span class='ocrx_word' id='word_1_117' title='bbox 1760 967 1826 1006; x_wconf 84' lang='lat' dir='ltr'><strong>ad-</strong></span> 
     </span>
     <span class='ocr_line' id='line_1_13' title="bbox 275 1024 1826 1079; baseline -0.002 -10"><span class='ocrx_word' id='word_1_118' title='bbox 275 1030 437 1070; x_wconf 89' lang='lat' dir='ltr'><strong>modum</strong></span> <span class='ocrx_word' id='word_1_119' title='bbox 474 1027 645 1069; x_wconf 88' lang='lat' dir='ltr'><strong>fuisset’.</strong></span> <span class='ocrx_word' id='word_1_120' title='bbox 674 1051 728 1056; x_wconf 85' lang='lat'><strong>-—</strong></span> <span class='ocrx_word' id='word_1_121' title='bbox 749 1041 827 1079; x_wconf 79' lang='lat' dir='ltr'><strong>pro</strong></span> <span class='ocrx_word' id='word_1_122' title='bbox 858 1031 1030 1074; x_wconf 72' lang='lat' dir='ltr'><strong>statura,</strong></span> <span class='ocrx_word' id='word_1_123' title='bbox 1070 1030 1119 1068; x_wconf 90' lang='lat' dir='ltr'><strong>ut</strong></span> <span class='ocrx_word' id='word_1_124' title='bbox 1151 1026 1266 1067; x_wconf 86' lang='lat' dir='ltr'><strong>Ouid.</strong></span> <span class='ocrx_word' id='word_1_125' title='bbox 1294 1030 1454 1067; x_wconf 85' lang='lat' dir='ltr'><strong>metam.</strong></span> <span class='ocrx_word' id='word_1_126' title='bbox 1480 1027 1539 1066; x_wconf 92' lang='lat' dir='ltr'><strong>IV</strong></span> <span class='ocrx_word' id='word_1_127' title='bbox 1566 1028 1651 1067; x_wconf 87' lang='grc'><strong>412</strong></span> <span class='ocrx_word' id='word_1_128' title='bbox 1693 1024 1826 1066; x_wconf 78' lang='lat' dir='ltr'><strong>‘mini-</strong></span> 
     </span>
     <span class='ocr_line' id='line_1_14' title="bbox 275 1085 1826 1142; baseline -0.003 -12"><span class='ocrx_word' id='word_1_129' title='bbox 275 1103 380 1130; x_wconf 87' lang='lat' dir='ltr'><strong>mam</strong></span> <span class='ocrx_word' id='word_1_130' title='bbox 410 1104 482 1142; x_wconf 87' lang='lat' dir='ltr'><strong>pro</strong></span> <span class='ocrx_word' id='word_1_131' title='bbox 516 1102 678 1142; x_wconf 87' lang='lat' dir='ltr'><strong>corpore</strong></span> <span class='ocrx_word' id='word_1_132' title='bbox 716 1102 855 1129; x_wconf 90' lang='lat' dir='ltr'><strong>uocem</strong></span> <span class='ocrx_word' id='word_1_133' title='bbox 894 1085 1113 1129; x_wconf 86' lang='lat' dir='ltr'><strong>emittunt&#39;:</strong></span> <span class='ocrx_word' id='word_1_134' title='bbox 1152 1089 1247 1128; x_wconf 87' lang='lat' dir='ltr'><strong>conf</strong></span> <span class='ocrx_word' id='word_1_135' title='bbox 1275 1088 1325 1127; x_wconf 87' lang='lat' dir='ltr'><strong>ad</strong></span> <span class='ocrx_word' id='word_1_136' title='bbox 1357 1088 1496 1127; x_wconf 88' lang='lat' dir='ltr'><strong>incert.</strong></span> <span class='ocrx_word' id='word_1_137' title='bbox 1522 1101 1559 1127; x_wconf 91' lang='lat' dir='ltr'><strong>u.</strong></span> <span class='ocrx_word' id='word_1_138' title='bbox 1590 1088 1703 1127; x_wconf 84' lang='lat'><strong>1266</strong></span> <span class='ocrx_word' id='word_1_139' title='bbox 1740 1085 1826 1138; x_wconf 88' lang='lat' dir='ltr'><strong>‘pro</strong></span> 
     </span>
     <span class='ocr_line' id='line_1_15' title="bbox 274 1144 1826 1201; baseline -0.003 -11"><span class='ocrx_word' id='word_1_140' title='bbox 274 1150 417 1191; x_wconf 84' lang='lat' dir='ltr'><strong>obtuso</strong></span> <span class='ocrx_word' id='word_1_141' title='bbox 450 1147 544 1190; x_wconf 88' lang='lat' dir='ltr'><strong>ore’.</strong></span> <span class='ocrx_word' id='word_1_142' title='bbox 596 1150 813 1201; x_wconf 88' lang='lat' dir='ltr'><strong>Vituperat</strong></span> <span class='ocrx_word' id='word_1_143' title='bbox 843 1152 964 1201; x_wconf 88' lang='lat' dir='ltr'><strong>poeta</strong></span> <span class='ocrx_word' id='word_1_144' title='bbox 995 1149 1249 1189; x_wconf 80' lang='lat' dir='ltr'><strong>acerbissime</strong></span> <span class='ocrx_word' id='word_1_145' title='bbox 1280 1148 1464 1188; x_wconf 80' lang='lat' dir='ltr'><strong>Accium:</strong></span> <span class='ocrx_word' id='word_1_146' title='bbox 1499 1144 1735 1200; x_wconf 70' lang='lat' dir='ltr'><strong>‘ingenium’</strong></span> <span class='ocrx_word' id='word_1_147' title='bbox 1766 1149 1826 1187; x_wconf 90' lang='lat' dir='ltr'><strong>in-</strong></span> 
     </span>
     <span class='ocr_line' id='line_1_16' title="bbox 274 1205 1827 1263; baseline -0.003 -13"><span class='ocrx_word' id='word_1_148' title='bbox 274 1212 366 1262; x_wconf 88' lang='lat' dir='ltr'><strong>quit</strong></span> <span class='ocrx_word' id='word_1_149' title='bbox 401 1208 501 1251; x_wconf 82' lang='lat' dir='ltr'><strong>‘eius</strong></span> <span class='ocrx_word' id='word_1_150' title='bbox 540 1210 744 1263; x_wconf 82' lang='lat' dir='ltr'><strong>exiguum,</strong></span> <span class='ocrx_word' id='word_1_151' title='bbox 783 1211 902 1250; x_wconf 89' lang='lat' dir='ltr'><strong>sicuti</strong></span> <span class='ocrx_word' id='word_1_152' title='bbox 940 1211 1097 1250; x_wconf 89' lang='lat' dir='ltr'><strong>statura</strong></span> <span class='ocrx_word' id='word_1_153' title='bbox 1135 1211 1175 1248; x_wconf 92' lang='lat' dir='ltr'><strong>et</strong></span> <span class='ocrx_word' id='word_1_154' title='bbox 1212 1205 1393 1259; x_wconf 87' lang='lat' dir='ltr'><strong>corpus&#39;:</strong></span> <span class='ocrx_word' id='word_1_155' title='bbox 1432 1209 1528 1247; x_wconf 88' lang='lat' dir='ltr'><strong>conf</strong></span> <span class='ocrx_word' id='word_1_156' title='bbox 1551 1207 1631 1248; x_wconf 87' lang='lat' dir='ltr'><strong>Cic.</strong></span> <span class='ocrx_word' id='word_1_157' title='bbox 1658 1208 1758 1247; x_wconf 89' lang='lat' dir='ltr'><strong>Phil.</strong></span> <span class='ocrx_word' id='word_1_158' title='bbox 1785 1208 1827 1247; x_wconf 92' lang='lat' dir='ltr'><strong>II</strong></span> 
     </span>
     <span class='ocr_line' id='line_1_17' title="bbox 277 1268 1827 1321; baseline -0.002 -11"><span class='ocrx_word' id='word_1_159' title='bbox 277 1272 345 1321; x_wconf 88' lang='grc'><strong>16,</strong></span> <span class='ocrx_word' id='word_1_160' title='bbox 371 1272 424 1311; x_wconf 91' lang='grc'><strong>41</strong></span> <span class='ocrx_word' id='word_1_161' title='bbox 463 1268 612 1311; x_wconf 78' lang='lat' dir='ltr'><strong>‘Velim</strong></span> <span class='ocrx_word' id='word_1_162' title='bbox 642 1270 743 1310; x_wconf 84' lang='lat' dir='ltr'><strong>mihi</strong></span> <span class='ocrx_word' id='word_1_163' title='bbox 774 1270 882 1310; x_wconf 87' lang='lat' dir='ltr'><strong>dicas</strong></span> <span class='ocrx_word' id='word_1_164' title='bbox 1004 1270 1048 1308; x_wconf 92' lang='lat' dir='ltr'><strong>L.</strong></span> <span class='ocrx_word' id='word_1_165' title='bbox 1070 1269 1273 1308; x_wconf 84' lang='lat' dir='ltr'><strong>Turselius</strong></span> <span class='ocrx_word' id='word_1_166' title='bbox 1309 1282 1389 1319; x_wconf 85' lang='lat' dir='ltr'><strong>qua</strong></span> <span class='ocrx_word' id='word_1_167' title='bbox 1426 1269 1528 1308; x_wconf 86' lang='lat' dir='ltr'><strong>facie</strong></span> <span class='ocrx_word' id='word_1_168' title='bbox 1569 1269 1707 1319; x_wconf 85' lang='lat' dir='ltr'><strong>fuerit,</strong></span> <span class='ocrx_word' id='word_1_169' title='bbox 1747 1282 1827 1319; x_wconf 87' lang='lat' dir='ltr'><strong>qua</strong></span> 
     </span>
     <span class='ocr_line' id='line_1_18' title="bbox 273 1328 1826 1380; baseline -0.003 -9"><span class='ocrx_word' id='word_1_170' title='bbox 273 1328 456 1372; x_wconf 81' lang='lat' dir='ltr'><strong>statura’.</strong></span> <span class='ocrx_word' id='word_1_171' title='bbox 527 1330 605 1377; x_wconf 72' lang='lat' dir='ltr'><strong>Qui</strong></span> <span class='ocrx_word' id='word_1_172' title='bbox 641 1331 836 1371; x_wconf 83' lang='lat' dir='ltr'><strong>Prisciani</strong></span> <span class='ocrx_word' id='word_1_173' title='bbox 875 1331 1148 1370; x_wconf 88' lang='lat' dir='ltr'><strong>testimonium</strong></span> <span class='ocrx_word' id='word_1_174' title='bbox 1191 1330 1304 1380; x_wconf 82' lang='lat' dir='ltr'><strong>sequi</strong></span> <span class='ocrx_word' id='word_1_175' title='bbox 1347 1330 1522 1369; x_wconf 86' lang='lat' dir='ltr'><strong>noluerit</strong></span> <span class='ocrx_word' id='word_1_176' title='bbox 1565 1329 1613 1368; x_wconf 88' lang='lat' dir='ltr'><strong>de</strong></span> <span class='ocrx_word' id='word_1_177' title='bbox 1657 1330 1826 1378; x_wconf 68' lang='lat' dir='ltr'><strong>statura,</strong></span> 
     </span>
     <span class='ocr_line' id='line_1_19' title="bbox 275 1389 1825 1444; baseline -0.003 -12"><span class='ocrx_word' id='word_1_178' title='bbox 275 1391 381 1444; x_wconf 83' lang='lat' dir='ltr'><strong>quod</strong></span> <span class='ocrx_word' id='word_1_179' title='bbox 418 1393 574 1432; x_wconf 84' lang='lat' dir='ltr'><strong>ratione</strong></span> <span class='ocrx_word' id='word_1_180' title='bbox 611 1391 839 1431; x_wconf 86' lang='lat' dir='ltr'><strong>defenditur</strong></span> <span class='ocrx_word' id='word_1_181' title='bbox 876 1405 966 1431; x_wconf 88' lang='lat' dir='ltr'><strong>cum</strong></span> <span class='ocrx_word' id='word_1_182' title='bbox 1004 1390 1265 1442; x_wconf 76' lang='lat' dir='ltr'><strong>participium</strong></span> <span class='ocrx_word' id='word_1_183' title='bbox 1303 1390 1431 1429; x_wconf 85' lang='lat' dir='ltr'><strong>futuri</strong></span> <span class='ocrx_word' id='word_1_184' title='bbox 1474 1390 1638 1442; x_wconf 86' lang='lat' dir='ltr'><strong>longam</strong></span> <span class='ocrx_word' id='word_1_185' title='bbox 1681 1389 1825 1430; x_wconf 85' lang='lat' dir='ltr'><strong>habere</strong></span> 
     </span>
     <span class='ocr_line' id='line_1_20' title="bbox 272 1449 1824 1504; baseline -0.002 -12"><span class='ocrx_word' id='word_1_186' title='bbox 272 1452 443 1504; x_wconf 81' lang='lat' dir='ltr'><strong>primam</strong></span> <span class='ocrx_word' id='word_1_187' title='bbox 483 1452 681 1503; x_wconf 83' lang='lat' dir='ltr'><strong>syllabam</strong></span> <span class='ocrx_word' id='word_1_188' title='bbox 719 1457 872 1492; x_wconf 87' lang='lat' dir='ltr'><strong>certum</strong></span> <span class='ocrx_word' id='word_1_189' title='bbox 910 1452 963 1491; x_wconf 89' lang='lat' dir='ltr'><strong>sit</strong></span> <span class='ocrx_word' id='word_1_190' title='bbox 993 1452 1148 1490; x_wconf 85' lang='lat' dir='ltr'><strong>Lucani</strong></span> <span class='ocrx_word' id='word_1_191' title='bbox 1185 1449 1384 1501; x_wconf 86' lang='lat' dir='ltr'><strong>uersibus,</strong></span> <span class='ocrx_word' id='word_1_192' title='bbox 1421 1450 1456 1489; x_wconf 88' lang='lat' dir='ltr'><strong>is</strong></span> <span class='ocrx_word' id='word_1_193' title='bbox 1494 1451 1696 1489; x_wconf 84' lang='lat' dir='ltr'><strong>senarium</strong></span> <span class='ocrx_word' id='word_1_194' title='bbox 1735 1462 1824 1489; x_wconf 89' lang='lat' dir='ltr'><strong>con-</strong></span> 
     </span>
     <span class='ocr_line' id='line_1_21' title="bbox 273 1506 1518 1564; baseline -0.002 -12"><span class='ocrx_word' id='word_1_195' title='bbox 273 1514 419 1553; x_wconf 88' lang='lat' dir='ltr'><strong>stituat</strong></span> <span class='ocrx_word' id='word_1_196' title='bbox 448 1513 570 1552; x_wconf 88' lang='lat' dir='ltr'><strong>talem</strong></span> <span class='ocrx_word' id='word_1_197' title='bbox 606 1509 745 1563; x_wconf 71' lang='lat' dir='ltr'><strong>‘quare</strong></span> <span class='ocrx_word' id='word_1_198' title='bbox 776 1525 849 1564; x_wconf 90' lang='lat' dir='ltr'><strong>pro</strong></span> <span class='ocrx_word' id='word_1_199' title='bbox 881 1513 983 1552; x_wconf 84' lang='lat' dir='ltr'><strong>facie</strong></span> <span class='ocrx_word' id='word_1_200' title='bbox 1015 1524 1088 1564; x_wconf 89' lang='lat' dir='ltr'><strong>pro</strong></span> <span class='ocrx_word' id='word_1_201' title='bbox 1121 1512 1314 1551; x_wconf 78' lang='lat' dir='ltr'><strong>staturast</strong></span> <span class='ocrx_word' id='word_1_202' title='bbox 1343 1506 1518 1550; x_wconf 86' lang='lat' dir='ltr'><strong>Accius&#39;.</strong></span> 
     </span>
    </p>

    <p class='ocr_par' dir='ltr' id='par_1_3' title="bbox 273 1568 1825 2406">
     <span class='ocr_line' id='line_1_22' title="bbox 396 1568 1825 1624; baseline -0.003 -12"><span class='ocrx_word' id='word_1_203' title='bbox 396 1568 504 1614; x_wconf 74' lang='grc'><strong>795.</strong></span> <span class='ocrx_word' id='word_1_204' title='bbox 530 1572 687 1613; x_wconf 88' lang='lat' dir='ltr'><strong>Nonius</strong></span> <span class='ocrx_word' id='word_1_205' title='bbox 707 1587 745 1624; x_wconf 87' lang='lat' dir='ltr'><strong>p.</strong></span> <span class='ocrx_word' id='word_1_206' title='bbox 768 1574 866 1623; x_wconf 90' lang='lat'>308,</span> <span class='ocrx_word' id='word_1_207' title='bbox 889 1573 943 1612; x_wconf 84' lang='lat'><strong>28</strong></span> <span class='ocrx_word' id='word_1_208' title='bbox 967 1569 1164 1624; x_wconf 63' lang='lat' dir='ltr'><strong>Tingere,</strong></span> <span class='ocrx_word' id='word_1_209' title='bbox 1184 1583 1337 1622; x_wconf 82' lang='lat' dir='ltr'><strong>parare.</strong></span> <span class='ocrx_word' id='word_1_210' title='bbox 1370 1570 1548 1610; x_wconf 87' lang='lat' dir='ltr'><strong>Lucilius</strong></span> <span class='ocrx_word' id='word_1_211' title='bbox 1567 1570 1636 1609; x_wconf 88' lang='lat' dir='ltr'><strong>lib.</strong></span> <span class='ocrx_word' id='word_1_212' title='bbox 1650 1570 1825 1609; x_wconf 92' lang='lat' dir='ltr'>XXVIII</span> 
     </span>
     <span class='ocr_line' id='line_1_23' title="bbox 276 1627 1823 1685; baseline -0.003 -12"><span class='ocrx_word' id='word_1_213' title='bbox 276 1630 376 1673; x_wconf 81' lang='lat' dir='ltr'><strong>“sed</strong></span> <span class='ocrx_word' id='word_1_214' title='bbox 414 1633 512 1685; x_wconf 83' lang='lat' dir='ltr'><strong>fuga</strong></span> <span class='ocrx_word' id='word_1_215' title='bbox 550 1633 718 1685; x_wconf 87' lang='lat' dir='ltr'><strong>fingitur</strong></span> <span class='ocrx_word' id='word_1_216' title='bbox 756 1633 900 1672; x_wconf 90' lang='lat' dir='ltr'><strong>timido</strong></span> <span class='ocrx_word' id='word_1_217' title='bbox 932 1632 1047 1672; x_wconf 89' lang='lat' dir='ltr'><strong>uadit</strong></span> <span class='ocrx_word' id='word_1_218' title='bbox 1080 1631 1181 1683; x_wconf 89' lang='lat' dir='ltr'><strong>pede</strong></span> <span class='ocrx_word' id='word_1_219' title='bbox 1218 1627 1457 1682; x_wconf 89' lang='lat' dir='ltr'><strong>percitus’&#39;.&#39;</strong></span> <span class='ocrx_word' id='word_1_220' title='bbox 1520 1630 1717 1670; x_wconf 84' lang='lat' dir='ltr'><strong>Numeros</strong></span> <span class='ocrx_word' id='word_1_221' title='bbox 1755 1630 1823 1670; x_wconf 86' lang='lat' dir='ltr'><strong>da-</strong></span> 
     </span>
     <span class='ocr_line' id='line_1_24' title="bbox 274 1690 1823 1745; baseline -0.003 -13"><span class='ocrx_word' id='word_1_222' title='bbox 274 1693 439 1745; x_wconf 86' lang='lat' dir='ltr'><strong>ctylicos</strong></span> <span class='ocrx_word' id='word_1_223' title='bbox 477 1693 654 1745; x_wconf 82' lang='lat' dir='ltr'><strong>agnouit</strong></span> <span class='ocrx_word' id='word_1_224' title='bbox 675 1692 884 1733; x_wconf 87' lang='lat' dir='ltr'><strong>Acidalius</strong></span> <span class='ocrx_word' id='word_1_225' title='bbox 922 1692 1047 1731; x_wconf 88' lang='lat' dir='ltr'><strong>diuin.</strong></span> <span class='ocrx_word' id='word_1_226' title='bbox 1094 1693 1134 1731; x_wconf 87' lang='lat' dir='ltr'><strong>et</strong></span> <span class='ocrx_word' id='word_1_227' title='bbox 1170 1691 1377 1742; x_wconf 85' lang='lat' dir='ltr'><strong>interpret.</strong></span> <span class='ocrx_word' id='word_1_228' title='bbox 1415 1692 1457 1729; x_wconf 88' lang='lat' dir='ltr'><strong>in</strong></span> <span class='ocrx_word' id='word_1_229' title='bbox 1496 1691 1626 1730; x_wconf 89' lang='lat' dir='ltr'><strong>Plaut.</strong></span> <span class='ocrx_word' id='word_1_230' title='bbox 1667 1690 1823 1742; x_wconf 83' lang='lat' dir='ltr'><strong>Captiu.</strong></span> 
     </span>
     <span class='ocr_line' id='line_1_25' title="bbox 275 1750 1821 1805; baseline -0.002 -13"><span class='ocrx_word' id='word_1_231' title='bbox 275 1766 360 1805; x_wconf 87' lang='lat' dir='ltr'><strong>cap.</strong></span> <span class='ocrx_word' id='word_1_232' title='bbox 387 1753 448 1792; x_wconf 94' lang='lat' dir='ltr'><strong>III</strong></span> <span class='ocrx_word' id='word_1_233' title='bbox 485 1754 526 1792; x_wconf 89' lang='lat' dir='ltr'><strong>in</strong></span> <span class='ocrx_word' id='word_1_234' title='bbox 568 1752 731 1793; x_wconf 85' lang='lat' dir='ltr'><strong>Gruteri</strong></span> <span class='ocrx_word' id='word_1_235' title='bbox 767 1752 958 1804; x_wconf 87' lang='lat' dir='ltr'><strong>Lampad.</strong></span> <span class='ocrx_word' id='word_1_236' title='bbox 985 1752 1043 1791; x_wconf 91' lang='lat' dir='ltr'><strong>VI</strong></span> <span class='ocrx_word' id='word_1_237' title='bbox 1068 1766 1106 1803; x_wconf 90' lang='lat' dir='ltr'><strong>p.</strong></span> <span class='ocrx_word' id='word_1_238' title='bbox 1135 1753 1189 1791; x_wconf 84' lang='lat'><strong>93</strong></span> <span class='ocrx_word' id='word_1_239' title='bbox 1230 1751 1378 1791; x_wconf 86' lang='lat' dir='ltr'><strong>allatus</strong></span> <span class='ocrx_word' id='word_1_240' title='bbox 1416 1763 1440 1790; x_wconf 90' lang='lat' dir='ltr'><strong>a</strong></span> <span class='ocrx_word' id='word_1_241' title='bbox 1473 1750 1648 1801; x_wconf 83' lang='lat' dir='ltr'><strong>Corpeto</strong></span> <span class='ocrx_word' id='word_1_242' title='bbox 1675 1764 1714 1802; x_wconf 92' lang='lat' dir='ltr'><strong>p.</strong></span> <span class='ocrx_word' id='word_1_243' title='bbox 1739 1752 1821 1790; x_wconf 85' lang='grc'>172</span> 
     </span>
     <span class='ocr_line' id='line_1_26' title="bbox 275 1807 1823 1865; baseline -0.002 -12"><span class='ocrx_word' id='word_1_244' title='bbox 275 1813 345 1865; x_wconf 89' lang='lat' dir='ltr'><strong>qui</strong></span> <span class='ocrx_word' id='word_1_245' title='bbox 377 1815 538 1865; x_wconf 73' lang='lat' dir='ltr'><strong>scripsit</strong></span> <span class='ocrx_word' id='word_1_246' title='bbox 564 1810 650 1853; x_wconf 81' lang='lat' dir='ltr'><strong>‘sed</strong></span> <span class='ocrx_word' id='word_1_247' title='bbox 674 1814 773 1865; x_wconf 88' lang='lat' dir='ltr'><strong>fuga</strong></span> <span class='ocrx_word' id='word_1_248' title='bbox 797 1813 965 1865; x_wconf 83' lang='lat' dir='ltr'><strong>fingitur</strong></span> <span class='ocrx_word' id='word_1_249' title='bbox 990 1826 1035 1852; x_wconf 90' lang='lat' dir='ltr'><strong>ac</strong></span> <span class='ocrx_word' id='word_1_250' title='bbox 1060 1811 1203 1852; x_wconf 89' lang='lat' dir='ltr'><strong>timido</strong></span> <span class='ocrx_word' id='word_1_251' title='bbox 1229 1811 1329 1862; x_wconf 88' lang='lat' dir='ltr'><strong>pede</strong></span> <span class='ocrx_word' id='word_1_252' title='bbox 1354 1812 1530 1862; x_wconf 73' lang='lat' dir='ltr'><strong>percitus</strong></span> <span class='ocrx_word' id='word_1_253' title='bbox 1556 1807 1685 1850; x_wconf 85' lang='lat' dir='ltr'><strong>uadit’</strong></span> <span class='ocrx_word' id='word_1_254' title='bbox 1713 1812 1823 1850; x_wconf 85' lang='lat' dir='ltr'><strong>cuius</strong></span> 
     </span>
     <span class='ocr_line' id='line_1_27' title="bbox 273 1870 1823 1922; baseline -0.003 -8"><span class='ocrx_word' id='word_1_255' title='bbox 273 1873 469 1914; x_wconf 89' lang='lat' dir='ltr'><strong>rationem</strong></span> <span class='ocrx_word' id='word_1_256' title='bbox 509 1874 634 1914; x_wconf 90' lang='lat' dir='ltr'><strong>secuti</strong></span> <span class='ocrx_word' id='word_1_257' title='bbox 671 1875 766 1913; x_wconf 84' lang='lat' dir='ltr'><strong>sunt</strong></span> <span class='ocrx_word' id='word_1_258' title='bbox 801 1873 1017 1913; x_wconf 88' lang='lat' dir='ltr'><strong>Muellerus</strong></span> <span class='ocrx_word' id='word_1_259' title='bbox 1053 1872 1133 1912; x_wconf 83' lang='lat' dir='ltr'><strong>alii.</strong></span> <span class='ocrx_word' id='word_1_260' title='bbox 1196 1872 1318 1911; x_wconf 86' lang='lat' dir='ltr'><strong>Recte</strong></span> <span class='ocrx_word' id='word_1_261' title='bbox 1348 1870 1524 1912; x_wconf 85' lang='lat' dir='ltr'><strong>Nonium</strong></span> <span class='ocrx_word' id='word_1_262' title='bbox 1564 1872 1823 1922; x_wconf 87' lang='lat' dir='ltr'><strong>interpretari</strong></span> 
     </span>
     <span class='ocr_line' id='line_1_28' title="bbox 274 1928 1823 1985; baseline -0.001 -12"><span class='ocrx_word' id='word_1_263' title='bbox 274 1934 523 1975; x_wconf 85' lang='lat' dir='ltr'><strong>demonstrat</strong></span> <span class='ocrx_word' id='word_1_264' title='bbox 546 1934 676 1973; x_wconf 88' lang='lat' dir='ltr'><strong>Plaut.</strong></span> <span class='ocrx_word' id='word_1_265' title='bbox 698 1933 811 1985; x_wconf 84' lang='lat' dir='ltr'><strong>Capt.</strong></span> <span class='ocrx_word' id='word_1_266' title='bbox 835 1935 918 1973; x_wconf 88' lang='grc'>208</span> <span class='ocrx_word' id='word_1_267' title='bbox 946 1933 1015 1972; x_wconf 93' lang='lat' dir='ltr'><strong>ubi</strong></span> <span class='ocrx_word' id='word_1_268' title='bbox 1039 1932 1211 1973; x_wconf 86' lang='lat' dir='ltr'><strong>lorarius</strong></span> <span class='ocrx_word' id='word_1_269' title='bbox 1239 1928 1311 1971; x_wconf 77' lang='lat' dir='ltr'><strong>‘At</strong></span> <span class='ocrx_word' id='word_1_270' title='bbox 1335 1932 1474 1984; x_wconf 83' lang='lat' dir='ltr'><strong>fugam</strong></span> <span class='ocrx_word' id='word_1_271' title='bbox 1498 1931 1669 1984; x_wconf 84' lang='lat' dir='ltr'><strong>fingitis:</strong></span> <span class='ocrx_word' id='word_1_272' title='bbox 1695 1933 1823 1971; x_wconf 87' lang='lat' dir='ltr'><strong>sentio</strong></span> 
     </span>
     <span class='ocr_line' id='line_1_29' title="bbox 275 1988 1823 2047; baseline -0.002 -13"><span class='ocrx_word' id='word_1_273' title='bbox 275 1990 403 2046; x_wconf 68' lang='lat' dir='ltr'><strong>quam&#39;</strong></span> <span class='ocrx_word' id='word_1_274' title='bbox 433 2008 517 2034; x_wconf 89' lang='lat' dir='ltr'><strong>rem</strong></span> <span class='ocrx_word' id='word_1_275' title='bbox 558 1991 695 2047; x_wconf 86' lang='lat' dir='ltr'><strong>agitis’</strong></span> <span class='ocrx_word' id='word_1_276' title='bbox 741 1994 811 2033; x_wconf 91' lang='lat' dir='ltr'><strong>ubi</strong></span> <span class='ocrx_word' id='word_1_277' title='bbox 855 1995 991 2045; x_wconf 85' lang='lat' dir='ltr'><strong>aperte</strong></span> <span class='ocrx_word' id='word_1_278' title='bbox 1037 1995 1097 2033; x_wconf 87' lang='lat' dir='ltr'><strong>est</strong></span> <span class='ocrx_word' id='word_1_279' title='bbox 1142 1990 1400 2043; x_wconf 80' lang='lat' dir='ltr'><strong>‘comparatis</strong></span> <span class='ocrx_word' id='word_1_280' title='bbox 1444 1988 1610 2044; x_wconf 87' lang='lat' dir='ltr'><strong>fugam&#39;.</strong></span> <span class='ocrx_word' id='word_1_281' title='bbox 1679 1991 1823 2042; x_wconf 86' lang='lat' dir='ltr'><strong>Itaque</strong></span> 
     </span>
     <span class='ocr_line' id='line_1_30' title="bbox 275 2051 1823 2107; baseline -0.003 -12"><span class='ocrx_word' id='word_1_282' title='bbox 275 2056 412 2107; x_wconf 85' lang='lat' dir='ltr'><strong>agitur</strong></span> <span class='ocrx_word' id='word_1_283' title='bbox 443 2055 491 2094; x_wconf 87' lang='lat' dir='ltr'><strong>de</strong></span> <span class='ocrx_word' id='word_1_284' title='bbox 522 2067 636 2094; x_wconf 88' lang='lat' dir='ltr'><strong>seruo</strong></span> <span class='ocrx_word' id='word_1_285' title='bbox 666 2067 784 2106; x_wconf 89' lang='lat' dir='ltr'><strong>quem</strong></span> <span class='ocrx_word' id='word_1_286' title='bbox 810 2054 963 2104; x_wconf 75' lang='lat' dir='ltr'><strong>occulte</strong></span> <span class='ocrx_word' id='word_1_287' title='bbox 989 2053 1121 2094; x_wconf 87' lang='lat' dir='ltr'><strong>nescio</strong></span> <span class='ocrx_word' id='word_1_288' title='bbox 1148 2053 1237 2104; x_wconf 88' lang='lat' dir='ltr'><strong>quis</strong></span> <span class='ocrx_word' id='word_1_289' title='bbox 1264 2053 1452 2092; x_wconf 89' lang='lat' dir='ltr'><strong>obseruat</strong></span> <span class='ocrx_word' id='word_1_290' title='bbox 1477 2052 1571 2091; x_wconf 88' lang='lat' dir='ltr'><strong>dum</strong></span> <span class='ocrx_word' id='word_1_291' title='bbox 1596 2051 1823 2105; x_wconf 84' lang='lat' dir='ltr'><strong>ingreditur</strong></span> 
     </span>
     <span class='ocr_line' id='line_1_31' title="bbox 273 2113 1821 2166; baseline -0.003 -11"><span class='ocrx_word' id='word_1_292' title='bbox 273 2114 315 2154; x_wconf 86' lang='lat' dir='ltr'><strong>in</strong></span> <span class='ocrx_word' id='word_1_293' title='bbox 345 2115 534 2166; x_wconf 80' lang='lat' dir='ltr'><strong>plateam.</strong></span> <span class='ocrx_word' id='word_1_294' title='bbox 584 2118 628 2154; x_wconf 78' lang='lat' dir='ltr'><strong>ut</strong></span> <span class='ocrx_word' id='word_1_295' title='bbox 653 2115 767 2154; x_wconf 87' lang='lat' dir='ltr'><strong>addit</strong></span> <span class='ocrx_word' id='word_1_296' title='bbox 790 2115 1007 2154; x_wconf 85' lang='lat' dir='ltr'><strong>Muellerus</strong></span> <span class='ocrx_word' id='word_1_297' title='bbox 1033 2127 1150 2166; x_wconf 87' lang='lat' dir='ltr'><strong>quem</strong></span> <span class='ocrx_word' id='word_1_298' title='bbox 1176 2114 1301 2152; x_wconf 89' lang='lat' dir='ltr'><strong>miror</strong></span> <span class='ocrx_word' id='word_1_299' title='bbox 1325 2113 1367 2151; x_wconf 90' lang='lat' dir='ltr'><strong>in</strong></span> <span class='ocrx_word' id='word_1_300' title='bbox 1394 2113 1681 2152; x_wconf 88' lang='lat' dir='ltr'><strong>commentario</strong></span> <span class='ocrx_word' id='word_1_301' title='bbox 1706 2114 1821 2163; x_wconf 63' lang='grc' dir='ltr'><strong>ἠκρί-</strong></span> 
     </span>
     <span class='ocr_line' id='line_1_32' title="bbox 274 2170 1821 2233; baseline -0.003 -18"><span class='ocrx_word' id='word_1_302' title='bbox 274 2179 340 2215; x_wconf 76' lang='lat' dir='ltr'><strong>tur</strong></span> <span class='ocrx_word' id='word_1_303' title='bbox 363 2175 622 2226; x_wconf 86' lang='lat' dir='ltr'><strong>interpretari</strong></span> <span class='ocrx_word' id='word_1_304' title='bbox 645 2176 867 2215; x_wconf 74' lang='lat' dir='ltr'><strong>simulatur.</strong></span> <span class='ocrx_word' id='word_1_305' title='bbox 888 2197 947 2202; x_wconf 92' lang='lat'><strong>—-</strong></span> <span class='ocrx_word' id='word_1_306' title='bbox 969 2171 1159 2233; x_wconf 76' lang='lat' dir='ltr'><strong>‘percitus</strong></span> <span class='ocrx_word' id='word_1_307' title='bbox 1184 2170 1261 2213; x_wconf 91' lang='lat' dir='ltr'><strong>ira’</strong></span> <span class='ocrx_word' id='word_1_308' title='bbox 1283 2173 1370 2212; x_wconf 92' lang='lat' dir='ltr'><strong>Liu.</strong></span> <span class='ocrx_word' id='word_1_309' title='bbox 1392 2173 1471 2211; x_wconf 92' lang='lat' dir='ltr'><strong>VII</strong></span> <span class='ocrx_word' id='word_1_310' title='bbox 1499 2175 1537 2225; x_wconf 87' lang='lat'><strong>5,</strong></span> <span class='ocrx_word' id='word_1_311' title='bbox 1565 2174 1591 2211; x_wconf 88' lang='lat'>4</span> <span class='ocrx_word' id='word_1_312' title='bbox 1618 2174 1664 2212; x_wconf 90' lang='lat' dir='ltr'><strong>ut</strong></span> <span class='ocrx_word' id='word_1_313' title='bbox 1688 2173 1821 2212; x_wconf 86' lang='lat' dir='ltr'><strong>Plaut.</strong></span> 
     </span>
     <span class='ocr_line' id='line_1_33' title="bbox 275 2229 1821 2288; baseline -0.003 -13"><span class='ocrx_word' id='word_1_314' title='bbox 275 2235 362 2276; x_wconf 80' lang='lat' dir='ltr'><strong>Cas.</strong></span> <span class='ocrx_word' id='word_1_315' title='bbox 391 2235 495 2286; x_wconf 72' lang='lat'><strong>6283</strong></span> <span class='ocrx_word' id='word_1_316' title='bbox 541 2232 690 2274; x_wconf 75' lang='lat' dir='ltr'><strong>‘animo</strong></span> <span class='ocrx_word' id='word_1_317' title='bbox 728 2235 833 2275; x_wconf 88' lang='lat' dir='ltr'><strong>irato</strong></span> <span class='ocrx_word' id='word_1_318' title='bbox 872 2248 918 2275; x_wconf 91' lang='lat' dir='ltr'><strong>ac</strong></span> <span class='ocrx_word' id='word_1_319' title='bbox 954 2231 1123 2286; x_wconf 87' lang='lat' dir='ltr'><strong>percito’</strong></span> <span class='ocrx_word' id='word_1_320' title='bbox 1158 2233 1238 2288; x_wconf 85' lang='lat' dir='ltr'><strong>Cic.</strong></span> <span class='ocrx_word' id='word_1_321' title='bbox 1271 2246 1343 2284; x_wconf 90' lang='lat' dir='ltr'><strong>pro</strong></span> <span class='ocrx_word' id='word_1_322' title='bbox 1369 2233 1453 2272; x_wconf 84' lang='lat' dir='ltr'><strong>Mil.</strong></span> <span class='ocrx_word' id='word_1_323' title='bbox 1480 2234 1556 2283; x_wconf 89' lang='grc'><strong>63,</strong></span> <span class='ocrx_word' id='word_1_324' title='bbox 1600 2229 1821 2285; x_wconf 84' lang='lat' dir='ltr'><strong>‘ingenium</strong></span> 
     </span>
     <span class='ocr_line' id='line_1_34' title="bbox 273 2292 1823 2347; baseline -0.002 -12"><span class='ocrx_word' id='word_1_325' title='bbox 273 2297 470 2347; x_wconf 88' lang='lat' dir='ltr'><strong>percitum</strong></span> <span class='ocrx_word' id='word_1_326' title='bbox 502 2308 548 2335; x_wconf 87' lang='lat' dir='ltr'><strong>ac</strong></span> <span class='ocrx_word' id='word_1_327' title='bbox 580 2292 704 2335; x_wconf 85' lang='lat' dir='ltr'><strong>ferox’</strong></span> <span class='ocrx_word' id='word_1_328' title='bbox 732 2296 819 2336; x_wconf 88' lang='lat' dir='ltr'><strong>Liu.</strong></span> <span class='ocrx_word' id='word_1_329' title='bbox 846 2295 941 2334; x_wconf 94' lang='lat' dir='ltr'><strong>XXI</strong></span> <span class='ocrx_word' id='word_1_330' title='bbox 969 2295 1037 2345; x_wconf 87' lang='lat'><strong>53,</strong></span> <span class='ocrx_word' id='word_1_331' title='bbox 1064 2296 1108 2334; x_wconf 87' lang='lat'><strong>8:</strong></span> <span class='ocrx_word' id='word_1_332' title='bbox 1139 2294 1213 2333; x_wconf 91' lang='lat' dir='ltr'><strong>hoc</strong></span> <span class='ocrx_word' id='word_1_333' title='bbox 1238 2293 1386 2333; x_wconf 87' lang='lat' dir='ltr'><strong>Lucilii</strong></span> <span class='ocrx_word' id='word_1_334' title='bbox 1417 2306 1536 2334; x_wconf 89' lang='lat' dir='ltr'><strong>uersu</strong></span> <span class='ocrx_word' id='word_1_335' title='bbox 1561 2294 1735 2342; x_wconf 61' lang='lat' dir='ltr'><strong>peronius</strong></span> <span class='ocrx_word' id='word_1_336' title='bbox 1762 2295 1823 2332; x_wconf 88' lang='lat' dir='ltr'><strong>est</strong></span> 
     </span>
     <span class='ocr_line' id='line_1_35' title="bbox 275 2357 901 2406; baseline -0.002 -11"><span class='ocrx_word' id='word_1_337' title='bbox 275 2358 498 2395; x_wconf 83' lang='lat' dir='ltr'><strong>commotus</strong></span> <span class='ocrx_word' id='word_1_338' title='bbox 528 2358 638 2395; x_wconf 91' lang='lat' dir='ltr'><strong>metu</strong></span> <span class='ocrx_word' id='word_1_339' title='bbox 671 2357 711 2395; x_wconf 89' lang='lat' dir='ltr'><strong>et</strong></span> <span class='ocrx_word' id='word_1_340' title='bbox 741 2368 901 2406; x_wconf 85' lang='lat' dir='ltr'><strong>pauore.</strong></span> 
     </span>
    </p>

    <p class='ocr_par' dir='ltr' id='par_1_4' title="bbox 274 2411 1821 3067">
     <span class='ocr_line' id='line_1_36' title="bbox 397 2411 1819 2467; baseline -0.003 -12"><span class='ocrx_word' id='word_1_341' title='bbox 397 2411 508 2456; x_wconf 81' lang='grc'>796.</span> <span class='ocrx_word' id='word_1_342' title='bbox 542 2416 699 2456; x_wconf 87' lang='lat' dir='ltr'><strong>Nonius</strong></span> <span class='ocrx_word' id='word_1_343' title='bbox 730 2430 768 2467; x_wconf 91' lang='lat' dir='ltr'><strong>p.</strong></span> <span class='ocrx_word' id='word_1_344' title='bbox 797 2416 901 2466; x_wconf 84' lang='lat'><strong>332,</strong></span> <span class='ocrx_word' id='word_1_345' title='bbox 935 2416 990 2456; x_wconf 88' lang='lat'><strong>30</strong></span> <span class='ocrx_word' id='word_1_346' title='bbox 1036 2411 1201 2467; x_wconf 77' lang='lat' dir='ltr'><strong>‘Legere</strong></span> <span class='ocrx_word' id='word_1_347' title='bbox 1245 2413 1450 2464; x_wconf 82' lang='lat' dir='ltr'><strong>subripere</strong></span> <span class='ocrx_word' id='word_1_348' title='bbox 1495 2413 1706 2465; x_wconf 85' lang='lat' dir='ltr'><strong>significat.</strong></span> <span class='ocrx_word' id='word_1_349' title='bbox 1740 2444 1747 2451; x_wconf 91' lang='lat'><strong>.</strong></span> <span class='ocrx_word' id='word_1_350' title='bbox 1777 2444 1784 2451; x_wconf 85' lang='lat'><strong>.</strong></span> <span class='ocrx_word' id='word_1_351' title='bbox 1812 2444 1819 2451; x_wconf 94' lang='lat'><strong>.</strong></span> 
     </span>
     <span class='ocr_line' id='line_1_37' title="bbox 274 2470 1821 2527; baseline -0.002 -11"><span class='ocrx_word' id='word_1_352' title='bbox 274 2475 452 2516; x_wconf 83' lang='lat' dir='ltr'><strong>Lucilius</strong></span> <span class='ocrx_word' id='word_1_353' title='bbox 475 2475 544 2515; x_wconf 89' lang='lat' dir='ltr'><strong>lib.</strong></span> <span class='ocrx_word' id='word_1_354' title='bbox 570 2476 744 2516; x_wconf 91' lang='lat' dir='ltr'>XXVIII</span> <span class='ocrx_word' id='word_1_355' title='bbox 771 2472 938 2516; x_wconf 78' lang='lat' dir='ltr'><strong>“omnia</strong></span> <span class='ocrx_word' id='word_1_356' title='bbox 964 2506 972 2514; x_wconf 91' lang='lat'><strong>.</strong></span> <span class='ocrx_word' id='word_1_357' title='bbox 995 2506 1002 2513; x_wconf 91' lang='lat'><strong>.</strong></span> <span class='ocrx_word' id='word_1_358' title='bbox 1025 2506 1032 2513; x_wconf 95' lang='lat'><strong>.</strong></span> <span class='ocrx_word' id='word_1_359' title='bbox 1058 2471 1225 2527; x_wconf 84' lang='lat' dir='ltr'><strong>leget”.&#39;</strong></span> <span class='ocrx_word' id='word_1_360' title='bbox 1271 2473 1382 2513; x_wconf 86' lang='lat' dir='ltr'><strong>Idem</strong></span> <span class='ocrx_word' id='word_1_361' title='bbox 1407 2487 1445 2524; x_wconf 92' lang='lat' dir='ltr'><strong>p.</strong></span> <span class='ocrx_word' id='word_1_362' title='bbox 1473 2474 1572 2522; x_wconf 89' lang='grc'><strong>396,</strong></span> <span class='ocrx_word' id='word_1_363' title='bbox 1592 2474 1618 2512; x_wconf 87' lang='grc'>4</span> <span class='ocrx_word' id='word_1_364' title='bbox 1647 2470 1821 2513; x_wconf 76' lang='lat' dir='ltr'><strong>‘Sumere</strong></span> 
     </span>
     <span class='ocr_line' id='line_1_38' title="bbox 274 2530 1821 2588; baseline -0.003 -12"><span class='ocrx_word' id='word_1_365' title='bbox 274 2537 336 2576; x_wconf 90' lang='lat' dir='ltr'><strong>est</strong></span> <span class='ocrx_word' id='word_1_366' title='bbox 372 2536 568 2588; x_wconf 88' lang='lat' dir='ltr'><strong>accipere,</strong></span> <span class='ocrx_word' id='word_1_367' title='bbox 606 2536 758 2576; x_wconf 85' lang='lat' dir='ltr'><strong>tollere.</strong></span> <span class='ocrx_word' id='word_1_368' title='bbox 792 2567 799 2574; x_wconf 88' lang='lat'><strong>.</strong></span> <span class='ocrx_word' id='word_1_369' title='bbox 823 2567 830 2575; x_wconf 93' lang='lat'><strong>.</strong></span> <span class='ocrx_word' id='word_1_370' title='bbox 853 2567 860 2574; x_wconf 96' lang='lat'><strong>.</strong></span> <span class='ocrx_word' id='word_1_371' title='bbox 887 2535 1064 2575; x_wconf 87' lang='lat' dir='ltr'><strong>Lucilius</strong></span> <span class='ocrx_word' id='word_1_372' title='bbox 1102 2535 1170 2574; x_wconf 91' lang='lat' dir='ltr'><strong>lib.</strong></span> <span class='ocrx_word' id='word_1_373' title='bbox 1197 2533 1372 2574; x_wconf 90' lang='lat' dir='ltr'>XXVIII</span> <span class='ocrx_word' id='word_1_374' title='bbox 1412 2530 1581 2573; x_wconf 81' lang='lat' dir='ltr'><strong>“omnia</strong></span> <span class='ocrx_word' id='word_1_375' title='bbox 1607 2564 1614 2572; x_wconf 92' lang='lat'><strong>.</strong></span> <span class='ocrx_word' id='word_1_376' title='bbox 1644 2564 1650 2571; x_wconf 94' lang='lat'><strong>.</strong></span> <span class='ocrx_word' id='word_1_377' title='bbox 1680 2564 1686 2571; x_wconf 95' lang='lat'><strong>.</strong></span> <span class='ocrx_word' id='word_1_378' title='bbox 1713 2534 1821 2586; x_wconf 87' lang='lat' dir='ltr'><strong>leget</strong></span> 
     </span>
     <span class='ocr_line' id='line_1_39' title="bbox 274 2590 1818 2647; baseline -0.003 -12"><span class='ocrx_word' id='word_1_379' title='bbox 274 2597 407 2637; x_wconf 74' lang='lat' dir='ltr'><strong>onmia</strong></span> <span class='ocrx_word' id='word_1_380' title='bbox 431 2596 546 2636; x_wconf 87' lang='lat' dir='ltr'><strong>crede</strong></span> <span class='ocrx_word' id='word_1_381' title='bbox 569 2597 667 2636; x_wconf 88' lang='lat' dir='ltr'><strong>mihi</strong></span> <span class='ocrx_word' id='word_1_382' title='bbox 687 2608 824 2647; x_wconf 79' lang='lat' dir='ltr'><strong>presse</strong></span> <span class='ocrx_word' id='word_1_383' title='bbox 850 2597 1004 2636; x_wconf 86' lang='lat' dir='ltr'><strong>auferet</strong></span> <span class='ocrx_word' id='word_1_384' title='bbox 1029 2591 1203 2635; x_wconf 84' lang='lat' dir='ltr'><strong>omnis’&#39;.</strong></span> <span class='ocrx_word' id='word_1_385' title='bbox 1254 2594 1308 2633; x_wconf 85' lang='lat' dir='ltr'><strong>Et</strong></span> <span class='ocrx_word' id='word_1_386' title='bbox 1326 2593 1494 2633; x_wconf 89' lang='lat' dir='ltr'><strong>Plautus</strong></span> <span class='ocrx_word' id='word_1_387' title='bbox 1513 2592 1725 2632; x_wconf 85' lang='lat' dir='ltr'><strong>Aulularia</strong></span> <span class='ocrx_word' id='word_1_388' title='bbox 1746 2623 1753 2632; x_wconf 93' lang='lat'><strong>.</strong></span> <span class='ocrx_word' id='word_1_389' title='bbox 1771 2624 1778 2632; x_wconf 94' lang='lat'><strong>.</strong></span> <span class='ocrx_word' id='word_1_390' title='bbox 1795 2590 1818 2631; x_wconf 93' lang='lat'><strong>.&#39;</strong></span> 
     </span>
     <span class='ocr_line' id='line_1_40' title="bbox 277 2653 1821 2707; baseline -0.003 -10"><span class='ocrx_word' id='word_1_391' title='bbox 277 2656 393 2697; x_wconf 83' lang='lat' dir='ltr'><strong>Certo</strong></span> <span class='ocrx_word' id='word_1_392' title='bbox 418 2657 558 2697; x_wconf 89' lang='lat' dir='ltr'><strong>horum</strong></span> <span class='ocrx_word' id='word_1_393' title='bbox 583 2669 773 2697; x_wconf 90' lang='lat' dir='ltr'><strong>uersuum</strong></span> <span class='ocrx_word' id='word_1_394' title='bbox 799 2657 1041 2706; x_wconf 86' lang='lat' dir='ltr'><strong>testimonio,</strong></span> <span class='ocrx_word' id='word_1_395' title='bbox 1067 2655 1137 2707; x_wconf 91' lang='lat' dir='ltr'><strong>qui</strong></span> <span class='ocrx_word' id='word_1_396' title='bbox 1155 2655 1217 2695; x_wconf 89' lang='lat' dir='ltr'><strong>bis</strong></span> <span class='ocrx_word' id='word_1_397' title='bbox 1239 2654 1512 2694; x_wconf 85' lang='lat' dir='ltr'><strong>attribuantur</strong></span> <span class='ocrx_word' id='word_1_398' title='bbox 1529 2653 1632 2693; x_wconf 88' lang='lat' dir='ltr'><strong>libro</strong></span> <span class='ocrx_word' id='word_1_399' title='bbox 1646 2653 1821 2693; x_wconf 89' lang='lat' dir='ltr'>XXVIII</span> 
     </span>
     <span class='ocr_line' id='line_1_41' title="bbox 276 2714 1821 2768; baseline -0.002 -12"><span class='ocrx_word' id='word_1_400' title='bbox 276 2717 382 2768; x_wconf 86' lang='lat' dir='ltr'><strong>apud</strong></span> <span class='ocrx_word' id='word_1_401' title='bbox 411 2716 607 2767; x_wconf 85' lang='lat' dir='ltr'><strong>Nonium,</strong></span> <span class='ocrx_word' id='word_1_402' title='bbox 645 2719 802 2757; x_wconf 87' lang='lat' dir='ltr'><strong>constat</strong></span> <span class='ocrx_word' id='word_1_403' title='bbox 831 2718 984 2768; x_wconf 85' lang='lat' dir='ltr'><strong>positos</strong></span> <span class='ocrx_word' id='word_1_404' title='bbox 1014 2715 1136 2756; x_wconf 84' lang='lat' dir='ltr'><strong>fuisse</strong></span> <span class='ocrx_word' id='word_1_405' title='bbox 1166 2715 1307 2755; x_wconf 88' lang='lat' dir='ltr'><strong>heroos</strong></span> <span class='ocrx_word' id='word_1_406' title='bbox 1339 2715 1381 2754; x_wconf 93' lang='lat' dir='ltr'><strong>in</strong></span> <span class='ocrx_word' id='word_1_407' title='bbox 1412 2714 1487 2754; x_wconf 89' lang='lat' dir='ltr'><strong>hoc</strong></span> <span class='ocrx_word' id='word_1_408' title='bbox 1523 2714 1637 2754; x_wconf 88' lang='lat' dir='ltr'><strong>libro.</strong></span> <span class='ocrx_word' id='word_1_409' title='bbox 1688 2715 1821 2753; x_wconf 77' lang='lat' dir='ltr'><strong>omnia</strong></span> 
     </span>
     <span class='ocr_line' id='line_1_42' title="bbox 275 2775 1820 2827; baseline -0.003 -11"><span class='ocrx_word' id='word_1_410' title='bbox 275 2780 399 2817; x_wconf 79' lang='lat' dir='ltr'><strong>swmet</strong></span> <span class='ocrx_word' id='word_1_411' title='bbox 430 2776 586 2816; x_wconf 87' lang='lat' dir='ltr'><strong>addidit</strong></span> <span class='ocrx_word' id='word_1_412' title='bbox 615 2776 914 2827; x_wconf 87' lang='lat' dir='ltr'><strong>Lachmannus,</strong></span> <span class='ocrx_word' id='word_1_413' title='bbox 953 2789 1056 2827; x_wconf 85' lang='lat' dir='ltr'><strong>quae</strong></span> <span class='ocrx_word' id='word_1_414' title='bbox 1088 2775 1306 2815; x_wconf 84' lang='lat' dir='ltr'><strong>exciderint</strong></span> <span class='ocrx_word' id='word_1_415' title='bbox 1336 2777 1502 2825; x_wconf 85' lang='lat' dir='ltr'><strong>propter</strong></span> <span class='ocrx_word' id='word_1_416' title='bbox 1539 2775 1671 2813; x_wconf 66' lang='lat' dir='ltr'><strong>ommia</strong></span> <span class='ocrx_word' id='word_1_417' title='bbox 1709 2782 1820 2824; x_wconf 89' lang='lat' dir='ltr'><strong>repe-</strong></span> 
     </span>
     <span class='ocr_line' id='line_1_43' title="bbox 276 2830 1817 2888; baseline -0.002 -12"><span class='ocrx_word' id='word_1_418' title='bbox 276 2838 409 2886; x_wconf 90' lang='lat' dir='ltr'><strong>titum,</strong></span> <span class='ocrx_word' id='word_1_419' title='bbox 434 2839 558 2876; x_wconf 82' lang='lat' dir='ltr'><strong>sumet</strong></span> <span class='ocrx_word' id='word_1_420' title='bbox 582 2837 769 2876; x_wconf 89' lang='lat' dir='ltr'><strong>lemmate</strong></span> <span class='ocrx_word' id='word_1_421' title='bbox 787 2837 912 2876; x_wconf 88' lang='lat' dir='ltr'><strong>Nonii</strong></span> <span class='ocrx_word' id='word_1_422' title='bbox 931 2836 1149 2888; x_wconf 84' lang='lat' dir='ltr'><strong>flagitatur.</strong></span> <span class='ocrx_word' id='word_1_423' title='bbox 1195 2832 1344 2886; x_wconf 85' lang='lat' dir='ltr'><strong>‘presse</strong></span> <span class='ocrx_word' id='word_1_424' title='bbox 1363 2830 1482 2886; x_wconf 78' lang='lat' dir='ltr'><strong>(res)</strong></span> <span class='ocrx_word' id='word_1_425' title='bbox 1501 2835 1656 2874; x_wconf 88' lang='lat' dir='ltr'><strong>auferet</strong></span> <span class='ocrx_word' id='word_1_426' title='bbox 1675 2831 1817 2873; x_wconf 88' lang='lat' dir='ltr'><strong>omnis’</strong></span> 
     </span>
     <span class='ocr_line' id='line_1_44' title="bbox 277 2893 1818 2948; baseline -0.003 -13"><span class='ocrx_word' id='word_1_427' title='bbox 277 2896 382 2936; x_wconf 89' lang='lat' dir='ltr'><strong>idem</strong></span> <span class='ocrx_word' id='word_1_428' title='bbox 413 2897 574 2947; x_wconf 89' lang='lat' dir='ltr'><strong>scripsit</strong></span> <span class='ocrx_word' id='word_1_429' title='bbox 597 2896 790 2948; x_wconf 89' lang='lat' dir='ltr'><strong>Popmam</strong></span> <span class='ocrx_word' id='word_1_430' title='bbox 821 2898 995 2936; x_wconf 85' lang='lat' dir='ltr'><strong>secutus:</strong></span> <span class='ocrx_word' id='word_1_431' title='bbox 1027 2896 1112 2934; x_wconf 89' lang='lat' dir='ltr'><strong>iure</strong></span> <span class='ocrx_word' id='word_1_432' title='bbox 1139 2897 1260 2946; x_wconf 86' lang='lat' dir='ltr'><strong>negat</strong></span> <span class='ocrx_word' id='word_1_433' title='bbox 1284 2894 1548 2934; x_wconf 85' lang='lat' dir='ltr'><strong>Buechelerus</strong></span> <span class='ocrx_word' id='word_1_434' title='bbox 1573 2893 1674 2932; x_wconf 89' lang='lat' dir='ltr'><strong>Mus.</strong></span> <span class='ocrx_word' id='word_1_435' title='bbox 1694 2893 1818 2931; x_wconf 89' lang='lat' dir='ltr'><strong>Rhen.</strong></span> 
     </span>
     <span class='ocr_line' id='line_1_45' title="bbox 276 2951 1820 3008; baseline -0.003 -12"><span class='ocrx_word' id='word_1_436' title='bbox 276 2956 409 2995; x_wconf 89' lang='lat' dir='ltr'>XLIII</span> <span class='ocrx_word' id='word_1_437' title='bbox 437 2957 550 2995; x_wconf 88' lang='lat'>1888</span> <span class='ocrx_word' id='word_1_438' title='bbox 576 2970 615 3008; x_wconf 91' lang='lat' dir='ltr'><strong>p.</strong></span> <span class='ocrx_word' id='word_1_439' title='bbox 643 2957 727 2995; x_wconf 88' lang='grc'><strong>292</strong></span> <span class='ocrx_word' id='word_1_440' title='bbox 759 2967 896 3005; x_wconf 77' lang='lat' dir='ltr'><strong>presse</strong></span> <span class='ocrx_word' id='word_1_441' title='bbox 933 2956 1028 2995; x_wconf 78' lang='lat' dir='ltr'><strong>ferri</strong></span> <span class='ocrx_word' id='word_1_442' title='bbox 1065 2966 1198 3006; x_wconf 85' lang='lat' dir='ltr'><strong>posse,</strong></span> <span class='ocrx_word' id='word_1_443' title='bbox 1243 2953 1495 2994; x_wconf 84' lang='lat' dir='ltr'><strong>commendat</strong></span> <span class='ocrx_word' id='word_1_444' title='bbox 1539 2951 1715 3003; x_wconf 78' lang='lat' dir='ltr'><strong>‘prossus</strong></span> <span class='ocrx_word' id='word_1_445' title='bbox 1757 2965 1820 2992; x_wconf 82' lang='lat' dir='ltr'><strong>res</strong></span> 
     </span>
     <span class='ocr_line' id='line_1_46' title="bbox 278 3013 1819 3067; baseline -0.002 -12"><span class='ocrx_word' id='word_1_446' title='bbox 278 3016 433 3056; x_wconf 84' lang='lat' dir='ltr'><strong>auferet</strong></span> <span class='ocrx_word' id='word_1_447' title='bbox 464 3013 622 3066; x_wconf 87' lang='lat' dir='ltr'><strong>omnis’,</strong></span> <span class='ocrx_word' id='word_1_448' title='bbox 653 3028 773 3067; x_wconf 91' lang='lat' dir='ltr'><strong>quam</strong></span> <span class='ocrx_word' id='word_1_449' title='bbox 805 3016 1045 3067; x_wconf 82' lang='lat' dir='ltr'><strong>particulam</strong></span> <span class='ocrx_word' id='word_1_450' title='bbox 1077 3015 1167 3054; x_wconf 87' lang='lat' dir='ltr'><strong>ideo</strong></span> <span class='ocrx_word' id='word_1_451' title='bbox 1199 3013 1294 3053; x_wconf 86' lang='lat' dir='ltr'><strong>addi</strong></span> <span class='ocrx_word' id='word_1_452' title='bbox 1324 3014 1561 3065; x_wconf 84' lang='lat' dir='ltr'><strong>suspicatur,</strong></span> <span class='ocrx_word' id='word_1_453' title='bbox 1593 3013 1700 3064; x_wconf 82' lang='lat' dir='ltr'><strong>quod</strong></span> <span class='ocrx_word' id='word_1_454' title='bbox 1729 3026 1819 3053; x_wconf 92' lang='lat' dir='ltr'><strong>con-</strong></span> 
     </span>
    </p>
   </div>
  </div>
 </body>
</html>
