2060 3444
890 286 940 322 IX
966 298 1000 323 u.
1029 290 1229 323 356—358.
1754 288 1838 331 133

407 396 676 442 356-357.
709 401 865 441 Nonius
905 415 951 440 ex
989 402 1252 453 grammatico
1284 417 1321 454 p.
1345 403 1450 452 502,
1477 403 1532 441 32
1577 399 1735 442 ‘Feruit
1764 416 1837 454 pro

268 463 424 502 feruet.
494 461 676 502 Lucilius
727 462 796 501 lib.
822 461 944 502 VIHI
989 459 1144 502 “seruit
1192 476 1298 502 nunc
1332 494 1338 501 .
1369 494 1375 501 .
1405 494 1411 500 .
1445 459 1656 503 annum’'.'
1725 463 1837 503 Idem

283 537 321 574 p.
343 523 442 573 503,
472 523 525 562 15
561 519 627 562 ‘ab
660 535 706 562 eo
740 523 846 573 quod
878 524 938 562 est
969 523 1093 563 feruit
1122 523 1306 562 breuiato
1340 524 1506 562 accentu
1536 523 1693 563 feruere
1724 524 1836 574 facit,

282 584 329 622 ut
360 595 503 635 sperno
536 595 732 635 spernere.
861 583 1040 622 Lucilius
1073 584 1302 634 satyrarum
1332 583 1401 622 lib.
1422 582 1544 622 VHH
1574 580 1763 623 “feruere
1787 597 1836 624 ne

282 644 441 694 lonyum
480 655 574 683 uero
613 644 683 683 hoc
723 644 922 683 lictoribus
961 640 1182 683 tradam''.'
1256 642 1529 689 Quintilianus
1569 643 1591 682 I
1623 645 1667 694 6,
1701 645 1726 683 8
1765 641 1837 684 ‘At

283 717 384 755 quae
417 717 440 744 o
472 704 601 744 solam
631 704 798 756 habent,
837 703 1051 743 dummodo
1089 717 1160 755 per
1191 704 1359 743 eandem
1391 703 1570 742 litteram
1601 704 1645 743 in
1675 704 1835 744 infinito

281 766 441 815 exeant,
484 765 625 804 breuia
667 764 788 815 fiunt,
835 761 956 817 “lego
1001 764 1089 804 dico
1127 777 1261 814 curro,
1298 764 1430 816 legere
1469 764 1598 803 dicere
1631 761 1835 815 currere”‚

281 825 441 865 etiamsi
478 826 540 865 est
577 824 684 876 apud
714 825 918 864 Lucilium
951 821 1106 864 “seruit
1143 837 1250 876 aqua
1277 856 1284 864 .
1307 855 1314 863 .
1337 856 1345 864 .
1372 820 1568 864 annum’'.
1631 825 1700 864 sed
1737 838 1835 876 pace

281 886 411 925 dicere
454 885 628 926 hominis
672 885 934 925 eruditissimi
970 885 1107 936 liceat,
1146 885 1181 924 si
1219 881 1408 924 “seruit''
1447 886 1567 937 putat
1603 885 1666 924 illi
1704 885 1835 926 simile

282 943 472 986 “currit'’
507 948 547 986 et
586 942 763 999 “legit'',
800 946 913 985 feruo
952 945 1110 985 dicetur
1146 948 1195 985 ut
1234 941 1388 998 “lego''
1421 947 1462 985 et
1500 942 1695 995 “curro’',
1728 947 1835 996 quod

279 1007 394 1047 nobis
431 1007 663 1047 inauditum
700 1007 771 1046 est.
834 1006 903 1046 sed
939 1019 1019 1045 non
1059 1007 1120 1045 est
1155 1006 1255 1046 haec
1292 1019 1391 1045 uera
1429 1006 1696 1057 comparatio,
1739 1020 1833 1047 nam

281 1064 468 1107 “seruit”
503 1069 564 1107 est
593 1067 656 1106 illi
687 1067 818 1106 simile
851 1062 1069 1107 “seruit''.’
1126 1066 1356 1107 Priscianus
1383 1065 1457 1106 GL
1482 1066 1525 1106 H
1548 1080 1586 1118 p.
1609 1068 1707 1116 478,
1731 1067 1834 1107 18K

282 1125 292 1143 ‘
310 1125 526 1168 “Ferueo'’
561 1140 718 1179 quoque
757 1128 881 1167 etiam
920 1123 1100 1167 “seruo’'
1138 1127 1346 1167 inuenitur
1371 1158 1380 1167 .
1465 1126 1644 1167 Lucilius
1679 1124 1834 1167 “foruit

279 1183 359 1242 (ita
397 1198 438 1228 r:
481 1188 627 1240 reliqui
667 1187 762 1227 libri
801 1182 945 1242 feruet)
986 1200 1093 1227 nunc
1132 1188 1263 1228 feruet
1305 1188 1356 1228 ad
1397 1184 1611 1228 annum’'.'
1670 1187 1832 1239 ,Probus

280 1248 354 1288 GL
379 1249 439 1289 IV
469 1263 507 1300 p.
530 1250 628 1299 241,
656 1249 710 1288 22
732 1248 770 1287 Κ
802 1245 896 1288 ‘Sed
926 1249 970 1287 in
1000 1248 1075 1292 hoc
1100 1248 1223 1289 uerbo
1247 1251 1355 1288 recte
1381 1249 1609 1300 corripitur,
1642 1250 1833 1300 quoniam

279 1309 437 1361 antiqui
468 1310 632 1349 tertiam
663 1310 988 1361 coniugationem
1018 1310 1148 1362 magis
1181 1322 1302 1361 quam
1335 1309 1551 1349 secundam
1583 1322 1667 1349 esse
1692 1310 1831 1350 uolue-

276 1372 383 1420 runt,
408 1372 455 1410 ut
479 1370 659 1410 Lucilius
688 1366 842 1409 “seruit
866 1383 972 1410 nunc
998 1370 1128 1409 feruet
1152 1369 1205 1409 ad
1230 1366 1440 1409 annum''.'
1492 1369 1590 1409 Post
1610 1383 1632 1409 a
1650 1370 1832 1410 litteram

278 1444 298 1470 e
342 1431 522 1470 litteram
558 1431 754 1470 tractauit
789 1430 969 1470 Lucilius
1007 1443 1134 1481 neque
1174 1443 1273 1481 opus
1312 1442 1396 1470 esse
1439 1431 1597 1470 censuit
1634 1443 1654 1469 e
1693 1430 1832 1470 littera

277 1492 499 1544 geminata,
551 1504 629 1542 quo
678 1490 808 1543 magis
853 1491 1087 1531 consulatur
1129 1490 1407 1530 commoditati
1450 1491 1689 1542 legentium,
1739 1503 1831 1531 cum

277 1552 554 1603 unusquisque
587 1547 776 1591 “lector'’
811 1545 927 1606 (conf
947 1551 1077 1591 Varro
1111 1564 1173 1602 ap.
1202 1550 1426 1591 Cassiodor.
1460 1549 1534 1590 GL
1561 1550 1640 1590 VH
1670 1564 1708 1602 p.
1732 1552 1831 1601 154,

279 1614 303 1655 2
319 1606 374 1666 Κ)
407 1611 526 1651 facile
558 1624 628 1651 suo
659 1612 821 1664 ingenio
854 1623 948 1651 usus
981 1623 1000 1651 e
1030 1613 1194 1663 longam
1224 1612 1354 1663 possit
1380 1623 1606 1664 agnoscere.
1663 1610 1829 1651 Senten-

276 1674 377 1712 tiam
421 1673 477 1711 sic
520 1672 602 1711 fere
645 1672 850 1723 suppleas:
896 1668 932 1711 ‘e
977 1673 1201 1724 geminato,
1245 1685 1295 1711 ne
1336 1671 1512 1711 medium
1552 1672 1642 1722 quis
1682 1671 1829 1712 habere

279 1729 457 1785 “egere'’
495 1732 615 1771 breue
654 1746 674 1771 e
710 1732 815 1771 male
855 1732 1008 1782 credat,
1045 1733 1201 1772 feruere
1244 1745 1293 1771 ne
1331 1728 1528 1784 longum’.
1596 1744 1711 1772 uero:
1754 1732 1830 1773 hoc

275 1793 492 1834 lectoribus
529 1792 698 1832 tradam.
763 1790 908 1832 Omnes
946 1793 1050 1832 enim
1089 1792 1247 1832 dicunt:
1290 1789 1428 1832 ‘feruit
1466 1805 1573 1843 aqua
1610 1793 1651 1832 et
1686 1793 1829 1843 feruet,

276 1854 399 1894 feruit
447 1866 570 1903 nunc,
620 1853 751 1892 feruet
800 1853 850 1892 ad
895 1849 1079 1892 annum':
1129 1853 1233 1892 unde
1284 1853 1402 1892 facile
1448 1853 1582 1903 quiuis
1624 1853 1830 1906 intellegit

275 1915 429 1964 feruere
464 1914 598 1953 media
635 1915 819 1965 correpta
857 1925 940 1953 esse
972 1913 1325 1964 pronuntiandum.
1389 1913 1522 1953 Simili
1552 1913 1670 1953 modo
1702 1925 1827 1953 semo-

277 1975 428 2015 uantur
457 1974 608 2026 legitur
638 1974 714 2026 leg.
734 1973 837 2014 Acil.
864 1975 940 2024 49,
977 1973 1133 2026 fulgere
1172 1973 1272 2013 dicit
1307 1975 1429 2025 poeta
1465 1973 1533 2013 lib.
1554 1973 1633 2013 VH
1668 1987 1705 2013 u.
1728 1976 1826 2014 291.

274 2035 435 2086 Itaque'
462 2031 526 2074 ‘ne
568 2031 763 2086 longum’,
807 2035 853 2073 ut
887 2033 957 2073 lib.
983 2034 1063 2073 VH
1099 2048 1138 2073 u.
1167 2035 1250 2073 266
1293 2031 1357 2073 ‘ne
1402 2034 1623 2074 auriculam
1668 2034 1828 2075 obsidat

275 2095 417 2146 caries,
460 2108 510 2134 ne
553 2095 766 2135 uermiculi
808 2091 893 2146 qui'
940 2095 1017 2135 erit
1060 2095 1318 2135 statuendum
1366 2095 1492 2134 fuisse
1535 2096 1713 2146 positum
1755 2108 1828 2147 per

276 2155 532 2208 anaphoram.
572 2177 628 2182 ——
666 2153 779 2206 uero]
819 2155 1059 2195 seruandum
1097 2156 1175 2194 erit
1211 2168 1340 2206 neque
1377 2157 1513 2195 tamen
1551 2155 1729 2207 positum
1767 2158 1827 2196 est

273 2229 347 2267 pro
378 2228 518 2256 uerum
544 2209 605 2269 (P.
625 2215 806 2267 Langeni
830 2215 954 2255 Beitr.
975 2230 1006 2254 z.
1026 2215 1094 2255 Kr.
1115 2230 1152 2255 u.
1173 2215 1284 2255 Erkl.
1305 2215 1341 2255 d.
1361 2215 1529 2255 Plautus
1549 2230 1586 2267 p.
1611 2217 1695 2255 113
1717 2229 1824 2267 seqq.

274 2277 470 2329 Draegeri
500 2277 655 2326 syntax.
681 2275 773 2315 hist.
793 2276 819 2315 1.
839 2275 884 2315 L.
903 2270 963 2315 ΠΒ
993 2290 1031 2327 p.
1055 2270 1179 2329 130):
1208 2276 1254 2330 ‘in
1281 2276 1442 2316 exordio
1469 2277 1690 2316 sententiae
1715 2277 1824 2326 posi-

275 2339 362 2376 tum
386 2337 593 2376 inuenitur
618 2335 879 2375 affirmatium
904 2336 979 2376 hoc
1004 2348 1098 2376 uero
1125 2335 1204 2375 Cic.
1224 2336 1338 2376 Brut.
1361 2337 1447 2376 300
1479 2336 1527 2375 de
1553 2336 1677 2376 diuin.
1697 2337 1718 2375 I
1740 2338 1824 2376 104

275 2397 323 2437 de
354 2397 458 2449 legg.
483 2396 525 2436 H
550 2396 605 2435 46
640 2396 753 2436 Tusc.
774 2396 815 2435 H
842 2397 896 2436 26
930 2397 1089 2436 Terent.
1109 2397 1211 2436 Eun.
1233 2397 1319 2436 402
1352 2396 1483 2436 Plaut.
1509 2396 1616 2436 Pers.
1645 2397 1742 2436 692.
1766 2418 1824 2424 —

276 2457 327 2496 ad
365 2470 531 2507 annum,
567 2458 660 2508 post
697 2470 862 2496 annum:
902 2455 981 2497 Cic.
1008 2457 1060 2496 ad
1091 2457 1176 2496 Att.
1197 2456 1235 2495 V
1262 2459 1307 2506 2,
1335 2458 1356 2496 1
1401 2453 1535 2507 ‘quem
1580 2457 1630 2495 ad
1675 2469 1823 2495 annum

274 2517 481 2557 tribunum
510 2516 564 2568 pl.
596 2516 783 2556 uidebam
820 2514 919 2556 fore'
951 2517 1030 2556 XH
1056 2518 1130 2567 46,
1161 2520 1181 2556 1
1217 2519 1357 2556 utrum
1392 2517 1490 2556 illuc
1527 2529 1632 2556 nunc
1664 2518 1824 2556 ueniam

276 2590 327 2616 an
380 2577 432 2617 ad
462 2577 596 2617 decem
640 2574 779 2617 annos'
825 2578 939 2617 Tusc.
963 2578 985 2617 Ι
1019 2579 1074 2618 90
1120 2574 1188 2616 ‘ad
1237 2577 1371 2617 decem
1418 2577 1548 2616 millia
1599 2573 1821 2616 annorum'.

278 2637 493 2689 Comparat
522 2636 803 2677 Lachmannus
834 2638 876 2677 in
908 2637 1068 2677 Lucret.
1094 2651 1132 2689 p.
1156 2639 1208 2677 79
1237 2637 1352 2676 Varr.
1379 2639 1452 2678 sat.
1479 2637 1654 2688 Menipp.
1683 2637 1767 2676 378
1788 2637 1822 2677 Β

276 2694 340 2736 ‘de
373 2711 420 2737 ea
452 2699 640 2748 questum
671 2697 723 2736 ad
756 2711 903 2737 annum
934 2699 1095 2737 ueniam
1127 2698 1178 2737 ad
1208 2711 1360 2737 nouum
1391 2694 1701 2750 magistratum'.

397 2752 508 2798 358.
540 2758 750 2797 Terentius
783 2757 954 2797 Scaurus
987 2757 1062 2797 GL
1081 2757 1161 2797 VH
1185 2772 1224 2809 p.
1248 2759 1316 2808 18,
1343 2759 1397 2797 23
1419 2758 1456 2796 Κ
1487 2759 1579 2809 post
1614 2758 1688 2796 illa
1721 2770 1822 2808 quae

277 2817 329 2857 ad
358 2830 398 2856 u.
421 2818 503 2857 351
540 2817 743 2868 adscripta
773 2819 867 2857 sunt
899 2814 1096 2869 ‘Itemque
1135 2818 1240 2868 quod
1270 2818 1450 2857 Lucilius
1482 2817 1551 2856 ubi
1583 2817 1596 2856 i
1628 2817 1730 2856 exile
1761 2819 1823 2857 est

275 2890 346 2930 per
369 2890 411 2917 se
435 2877 548 2917 iubet
572 2877 703 2927 scribi,
735 2879 778 2916 at
803 2877 873 2916 ubi
896 2878 1061 2928 plenum
1088 2879 1148 2917 est
1172 2876 1501 2929 praeponendum
1527 2889 1610 2917 esse
1637 2890 1656 2916 e
1684 2877 1821 2927 credit,

275 2938 337 2977 his
362 2937 543 2977 uersibus
564 2933 706 2976 “mille
734 2969 741 2976 .
763 2969 771 2977 .
793 2969 801 2976 .
826 2934 959 2977 fiat”.'
1016 2937 1155 2977 Velius
1175 2937 1342 2989 'Longus
1369 2936 1442 2977 GL
1462 2937 1542 2977 VH
1563 2951 1601 2988 p.
1624 2938 1691 2987 56,
1715 2938 1768 2977 13
1783 2937 1820 2976 K

276 2994 480 3048 ‘Idemque
522 2998 646 3049 peila,
692 2997 833 3048 quibus
877 2997 1025 3037 milites
1068 2999 1254 3047 utuntur,
1297 3010 1369 3049 per
1411 3010 1433 3037 e
1477 2999 1517 3037 et
1558 2998 1575 3036 i
1612 2996 1821 3037 scribenda

277 3058 490 3098 existimat.
552 3059 595 3097 at
637 3057 722 3109 pila.
764 3054 806 3097 in
851 3071 932 3110 qua
973 3059 1155 3111 pinsetur
1190 3070 1263 3110 per
1298 3054 1341 3097 i’.
1402 3058 1554 3098 Marius
1589 3057 1819 3109 Victorinus
